2014 3334
258 239 345 282 604
630 220 633 225 ’
909 241 1169 276 ΑΔΕΣΠΟΤΑ

261 340 626 391 frequentissimum
659 341 753 390 dici,
791 341 910 391 quod.
928 343 1174 391 spectatores
1205 342 1319 392 quasi
1351 338 1535 381 evomat’.
1575 343 1821 395 Bernhardy.

261 413 362 450 quae
383 400 660 449 inierpretatio
686 400 851 450 reliquis
870 401 998 439 multo
1019 400 1215 440 infelicior
1235 403 1307 440 est.
1358 402 1426 440 sed
1445 402 1660 452 meliorem,
1684 415 1821 452 quam-

260 459 330 497 diu
360 460 502 509 poetae
534 459 743 497 consilium
774 459 1023 511 ignoramus,
1053 473 1234 510 promere
1267 460 1330 498 vix
1361 461 1572 511 quisquam
1603 461 1761 511 poterit.

986 600 1035 642 11
1042 599 1097 641 99

542 670 972 725 ψυχροκομψεύματα

380 755 784 807 ψυχροφαντάσματα.
827 756 1063 806 Hesychius.
1097 757 1153 795 sic
1183 757 1224 795 in
1255 757 1372 796 Thes.
1390 757 1415 795 1.
1435 770 1494 808 gr.
1526 756 1572 796 G.
1592 756 1822 796 Dindorfius

258 828 330 865 pro
361 814 741 867 ψυχροκομψώματα
772 817 855 855 cod.
907 811 1111 865 ‘comicus'
1142 816 1194 855 M.
1220 816 1410 855 Schmidt.
1442 829 1533 855 cum
1564 816 1745 855 trimetro
1776 829 1824 855 ea

258 875 388 912 forma
418 887 497 913 non
529 875 582 913 sit
613 877 720 925 apta,
749 874 1206 927 ψυχροκομψοφάσματα
1225 875 1447 914 Meinekius
1467 876 1609 915 Philol.
1628 876 1705 914 XII
1727 877 1824 927 630,

258 934 342 984 ipse
375 947 533 985 quoque
565 947 612 972 ex
644 935 849 974 comoedia
879 947 1016 974 vocem
1047 935 1206 974 fluxisse
1238 937 1431 974 statuens.

959 1039 963 1043 ὓ
987 1073 1099 1116 1200

543 1133 790 1175 ὠλεσίοικοι

378 1219 420 1258 οἵ
447 1217 590 1258 ἄσωτοι
621 1218 699 1259 ὑπὸ
726 1216 918 1259 Ἀττικῶν.
968 1219 1138 1259 Bekker.
1160 1219 1305 1258 Anecd.
1326 1221 1423 1269 318,
1445 1221 1483 1259 9.
1528 1219 1700 1270 Hesych.
1731 1216 1823 1258 ὠλε-

258 1278 417 1318 σίοικοι·
450 1279 492 1318 οἱ
512 1276 666 1318 ἄσωτοι.
717 1293 762 1318 ex
785 1280 923 1318 Aesch.
945 1279 1052 1330 Sept.
1076 1281 1160 1319 720
1191 1293 1270 1319 non
1289 1279 1449 1319 videtur
1471 1282 1701 1330 excerptum
1727 1291 1823 1318 esse.

259 1339 305 1378 cf.
341 1340 424 1378 848
459 1341 500 1377 eb
535 1340 660 1378 1525.

985 1418 1097 1460 1201

544 1479 770 1535 ὠμοκυδιᾷ

377 1565 544 1604 Bekker.
567 1565 712 1603 Anecd.
735 1566 832 1614 318,
866 1565 918 1603 19
952 1565 993 1602 eb
1017 1563 1245 1615 Ehymolog.
1275 1577 1327 1602 m.
1360 1565 1458 1612 822,
1490 1565 1543 1603 32
1577 1560 1640 1602 ἐπὶ
1670 1567 1714 1617 τῇ
1745 1567 1823 1602 τῶν

258 1622 378 1674 ὤμων
411 1622 539 1678 εὐεξία
571 1622 667 1676 μέγα
699 1626 849 1675 φρονεῖ.
898 1623 1122 1673 Hesychius
1140 1620 1401 1673 «ὠμοκυδιᾶν
1434 1620 1496 1661 ἐπὶ
1526 1627 1571 1676 τῇ
1602 1627 1680 1661 τῶν
1705 1619 1824 1673 ὤμων

258 1682 417 1739 εὐδοξία
449 1680 584 1737 (εὐεξ.)
617 1680 715 1736 μέγα
747 1685 912 1736 φρονεῖν
943 1679 969 1733 ἢ
1000 1687 1045 1737 τῇ
1077 1681 1191 1729 τάξει.
1443 1696 1447 1699 ’

988 1822 1100 1863 1202

544 1882 781 1938 ὠρνεάζετο

375 1969 600 2020 Hesychius
640 1965 834 2019 μετέωρον
866 1966 983 2022 ἐπῇρε
1014 1965 1087 2017 τὴν
1118 1965 1307 2017 κεφαλήν.

417 2284 1009 2335 ΑΜΦΙΣΒΗΤΗΣΙΜΑ
1044 2283 1170 2332 ΚΑΙ
1205 2281 1669 2331 ΠΑΡΕΓΓΡΑΦΑ

991 2405 1101 2447 1203

546 2492 593 2532 τί
617 2489 752 2546 κάθῃ,
783 2487 858 2531 καὶ
887 2490 1072 2544 πίωμεν·
1106 2487 1159 2529 οὐ
1190 2485 1263 2529 καὶ
1294 2487 1429 2530 σιτία.

545 2562 775 2617 πάρεστιν;
811 2557 844 2602 ὦ
878 2559 1082 2614 δύστηνε,
1114 2558 1182 2613 μὴ.
1205 2563 1350 2614 σαυτῷ
1383 2558 1559 2612 φθόνει.

547 2633 593 2675 οἱ
622 2631 662 2674 δ’
699 2631 837 2681 εὐθὺς
870 2630 1103 2686 ἠλάλαξαν,
1135 2629 1184 2671 ἐν
1216 2624 1257 2671 δ’
1293 2627 1493 2684 ἐκίρναυο

547 2701 686 2754 οἶνος·
726 2702 877 2759 φέρων
909 2700 958 2745 δὲ
989 2701 1211 2757 στέφανον
1241 2698 1475 2755 ἀμφέθηκέ
1501 2715 1576 2749 τις.

500 2789 519 2818 5
547 2776 678 2830 ὑμνεῖ
707 2772 746 2816 δ’
784 2775 974 2829 αἰσχρῶς
1004 2776 1151 2816 κλῶνα
1182 2772 1292 2827 πρὸς
1322 2771 1460 2813 καλὸν
1493 2770 1665 2825 δάφνης

547 2846 570 2888 ὁ
604 2847 772 2900 Φοῖβος
803 2845 857 2887 οὐ
888 2844 1114 2902 προσῳδά·
1152 2844 1233 2897 τήν
1263 2838 1300 2883 τ’
1335 2841 1542 2884 ἐναύλιον

548 2916 682 2959 ὠθῶν
702 2931 777 2966 τις
808 2914 1003 2967 ἐξέκλαξε
1035 2913 1272 2968 σύγκοιτον
1303 2914 1453 2968 φίλην.
