2014 3334
0 2756 8 2798 ..A
0 2711 9 2732 w

771 265 937 299 AAHAA
964 264 1227 299 οΠοΤΕΡΑΣ
1696 259 1781 303 521

954 398 1040 442 628

565 515 574 525 .
636 483 722 539 πρὸ
754 483 917 526 τούτου
949 480 989 526 σ’
1026 479 1178 541 ᾠόμην
1209 477 1356 538 κέρατ’
1393 481 1520 536 ἔχειν.

328 569 559 622 Diogenian.
595 571 632 619 7,
666 571 719 609 89
763 567 826 608 ἐπὶ
871 574 949 609 τῶν
986 567 1171 622 ἀνδρείας
1208 566 1413 619 υπόληψιν
1444 564 1624 619 ἑχόντων.
1656 587 1715 593 -
1747 561 1783 604 σ’

208 625 344 686 ᾠόμην
374 625 502 681 κέρατ’
537 629 656 669 Mein.
681 629 825 669 Philol.
852 628 963 668 XXV
991 626 1096 679 540]
1131 639 1172 668 σε
1199 624 1313 685 ᾤμην
1343 624 1498 681 κέρατα.
1529 622 1662 666 credo
1689 626 1786 665 haec

207 702 229 729 e
260 689 466 730 comoedia
496 689 626 741 petita
658 684 774 728 esse'.
807 689 923 729 Mein.

956 816 1042 860 629

563 933 573 944 .
636 876 813 957 ἐχίδνης
843 901 1034 956 καρδίαν
1064 899 1287 955 ἐδήδοκεν.

324 988 524 1027 Macarius
557 989 596 1039 4,
629 990 684 1027 28
728 985 793 1027 ἐπὶ
822 992 902 1027 τῶν
933 984 1110 1040 ὀργίλων.
1170 987 1305 1038 Eurip.
1338 987 1462 1026 Andr.
1497 989 1600 1036 271,
1635 985 1785 1025 Alcest-

209 1049 297 1088 310
328 1048 586 1088 contulerunt
616 1047 856 1087 Leutsehius
887 1050 928 1087 et
960 1047 1181 1100 Pfiugkius.

955 1176 1043 1219 630

568 1293 577 1302 .
639 1259 724 1315 ἐγώ
756 1275 826 1303 τοι
857 1260 1000 1303 πάντα
1030 1260 1202 1315 ποιήσω
1232 1257 1379 1314 θέρος.

327 1346 508 1398 Append.
538 1359 649 1398 prov.
684 1350 721 1399 2,
756 1347 817 1387 9b
850 1345 914 1386 ἐπὶ
943 1352 1022 1386 τῶν
1053 1344 1190 1400 ἀγαθὰ
1220 1342 1552 1399 ὑπισχνουμένων
1585 1343 1739 1385 δώσειν.

886 1491 893 1498 ·
948 1476 1032 1519 631

567 1591 577 1601 .
639 1560 762 1603 ἔοικα
794 1561 903 1615 βοῦς
934 1558 1005 1603 ἐπὶ
1037 1560 1215 1616 σφαγὴν
1247 1563 1412 1616 μολεῖν.

330 1645 512 1696 Append.
537 1659 648 1697 prov.
676 1649 714 1698 2,
743 1648 797 1687 73
831 1647 914 1686 sine
943 1647 1109 1697 interpr.
1136 1669 1190 1674 —-
1219 1649 1354 1698 μολεῖν
1379 1647 1421 1686 in
1446 1645 1642 1685 trimetris
1662 1645 1788 1684 Arist.

207 1705 301 1757 Lys.
335 1707 433 1746 743.
490 1705 675 1746 Strattid.
713 1709 782 1746 41.
843 1719 890 1746 ao
923 1708 1083 1757 saepius
1124 1707 1164 1745 in
1196 1707 1374 1758 parodiis
1413 1705 1787 1756 imitationibusque

209 1765 467 1818 tragicorum.
517 1765 565 1805 de
598 1767 759 1817 synssaxi
791 1766 838 1806 cf.
871 1766 1022 1806 Cratin.
1056 1768 1123 1806 52.

957 1895 1044 1937 632

566 2009 576 2019 .
637 1979 870 2033 καταβαλῶ
903 1988 951 2021 σε
985 1978 1104 2034 παρὰ
1134 1978 1248 2036 τῷδε
1280 1977 1542 2034 μανθάνειν.

326 2063 499 2104 Bekker.
530 2063 788 2118 Anecd.,45‚
825 2067 876 2104 19
922 2063 1009 2104 ἀντὶ
1051 2070 1122 2104 τοῦ
1165 2063 1390 2118 παραδώσω
1432 2075 1475 2104 σε
1511 2062 1578 2104 καὶ
1615 2062 1788 2118 ἐγχειριεῖ)

209 2121 306 2163 ὥστε
337 2122 574 2175 μανθάνειν.

951 2206 1037 2248 633

492 2286 682 2343 κάμινον
715 2289 828 2344 ἔχων
860 2287 909 2331 ἐν
938 2293 999 2347 τῷ
1031 2289 1250 2345 πνεύμονι

327 2372 394 2414 ἐπί
432 2389 538 2421 τινος
580 2373 768 2427 γυναικὸς
811 2375 1006 2426 μεθύσου.
1056 2373 1201 2428 ῥηθείη
1246 2372 1282 2415 δ’
1330 2374 1381 2415 ἂν
1422 2373 1541 2416 οὐδὲν
1571 2370 1688 2426 ἧττον
1725 2374 1789 2415 ἐπὶ

210 2431 367 2506 ἀνδρός.
416 2434 589 2474 Bekker.
608 2434 757 2474 Anecd.
778 2436 845 2483 49,
869 2437 906 2474 6.
949 2431 1134 2475 fortasse
1167 2435 1324 2475 dixerat
1355 2434 1431 2488 ε’χει
1461 2450 1631 2487 καμινον
1661 2433 1706 2475 ἐν
1735 2438 1789 2492 τῷ

208 2492 405 2544 πνεύμονι
423 2494 486 2533 vel
504 2490 725 2546 wksdpwm'.
756 2495 875 2534 Mein.
924 2494 1131 2535 fortasse‘
1117 2494 1213 2535 όσον
1245 2491 1282 2534 δ’
1311 2494 1388 2548 ἔχει
1406 2498 1483 2535 κτλ.
1529 2497 1636 2534 certe
1656 2497 1787 2546 poeta,

212 2552 246 2592 si
279 2552 326 2592 de
359 2553 526 2592 muliere
558 2554 719 2594 locutus
751 2557 848 2604 erat,
882 2555 1012 2594 dicere
1044 2568 1124 2594 non
1157 2558 1316 2605 poterat
1347 2553 1458 2607 ε’χων.

953 2672 1040 2714 634

569 2787 576 2795 .
638 2752 723 2808 ἐγώ
756 2765 804 2797 σε
836 2755 1146 2812 προσκυνήσω,
1180 2754 1397 2810 βάρβαρε;

329 2838 504 2878 Cramer.
531 2839 678 2879 Anecd.
704 2840 829 2880 Paris.
855 2840 874 2879 1
903 2842 1082 2892 255,17
1115 2846 1193 2880 τῶν
1204 2840 1454 2913 βαρβάρων,
1470 2840 1574 2880 ἴδιον
1599 2840 1641 2880 τὸ
1667 2853 1786 2896 προσ-

211 2901 372 2947 κυνεῖν,
411 2896 499 2950 οὐχὶ
529 2903 607 2938 τῶν
631 2895 834 2951 Ἑλλήνων
866 2930 876 2940 .
907 2899 1053 2940 ..διὸ
1084 2898 1151 2940 καὶ
1181 2899 1330 2951 εἴρηται
1361 2896 1454 2952 παρ’
1489 2897 1685 2953 ’Ἕλληνος
1709 2905 1787 2942 κτλ.

212 2958 260 2997 ef.
285 2958 515 2999 Anaxandr.
547 2960 616 2998 39.
