2014 3334
878 244 977 278 ΤΗΣ
1002 243 1132 279 ΝΕΑΣ
1705 245 1791 288 431

215 351 347 411 Stob.)
372 354 585 409 σχολαστής
609 377 659 383 -
681 355 814 396 πλείω.
865 354 1140 407 ἐπιφωνήσας·
1171 353 1240 395 τὸν
1258 353 1383 407 ἀμελῆ
1402 358 1480 395 κτλ.
1547 358 1582 396 1.
1605 354 1684 397 ἔστι
1704 358 1794 398 add.

213 416 299 457 AB.
355 416 421 457 δεῖ
445 412 483 456 δ’
512 414 723 467 Valcken]
756 414 820 455 ἀεί
841 416 926 455 ΑΒ.
1007 418 1044 455 2.
1078 414 1241 467 ἐπιμελῆ
1279 413 1346 455 καὶ
1376 415 1513 466 Mein]
1553 414 1794 470 ἕπιμελῆσαι.

213 473 599 589 ὅχλονὲαέἱῖὲίνᾶξ.
610 535 684 575 filii
721 536 978 576 matrimonio
1015 536 1123 576 inter
1160 537 1348 587 parentes
1381 535 1468 575 sive
1499 535 1606 576 inter
1636 539 1794 588 patrem

213 598 255 636 et
283 598 476 647 patruum
501 596 652 637 aliosve
677 598 885 648 cognatos.
934 597 1079 636 horum
1110 596 1214 635 alter
1244 595 1374 635 otium
1399 608 1535 635 amare
1561 596 1793 637 adulescen-

211 659 295 696 tem
331 656 446 696 dicit:
483 656 787 696 matrimonium
824 659 959 696 autem
995 656 1091 695 iniri
1130 668 1211 695 non
1249 655 1393 694 debere
1430 656 1509 694 nisi
1549 657 1599 695 ab
1631 658 1791 698 homine

212 715 400 767 diligenti
426 718 467 755 et
492 717 665 756 attento:
698 716 749 755 ad
780 729 882 767 quae
914 716 1018 756 alter
1048 714 1264 766 respondet
1293 713 1362 754 τὸν
1387 712 1511 767 ἀμελῆ
1537 712 1629 756 cet.’
1672 718 1791 759 Mein.

211 776 311 816 conl.
361 775 540 827 Xenoph.
573 775 738 816 Memor.
772 778 817 827 2,
850 778 894 827 6,
927 777 981 816 38
1020 772 1074 823 ὡς
1111 772 1195 815 ὄντι
1238 773 1477 830 οἰκονομικῷ
1516 774 1584 815 καὶ
1622 775 1798 829 ἐπιμελεῖ

210 833 258 875 τὰ
287 832 440 876 ἑαυτῶν
477 833 693 888 ἐπιτρέψαι.
767 838 806 876 4.
843 840 1048 891 περιπατῇ.
1091 835 1254 875 videtur
1290 835 1418 886 igitur
1458 834 1691 876 adulescens
1722 838 1791 878 ille

210 895 497 947 peripateticus
528 895 665 936 fuisse.

955 977 1042 1020 120

423 1047 497 1092 καὶ
527 1050 795 1105 περιβόητον
825 1054 961 1091 πᾶσιν
993 1047 1252 1104 ἀνθρώποις
1282 1054 1406 1090 ποιεῖ

423 1120 561 1164 αὑτὸν
593 1119 617 1163 ὁ
649 1120 842 1177 Κράτης,
873 1118 947 1163 καὶ
977 1125 1111 1163 τοῦτο
1144 1119 1199 1175 δὴ
1231 1120 1281 1162 τὸ
1314 1121 1557 1176 λεγόμενον

421 1192 566 1247 ἥττων
596 1190 759 1235 ἑαυτοῦ
790 1192 1009 1251 πορνιδίῳ
1041 1193 1288 1250 τρισαθλίῳ

423 1263 583 1307 ἑαυτὸν
615 1263 732 1307 οὕτω
765 1262 1093 1321 παραδέδωκεν.

326 1351 564 1391 Ammonius
596 1351 731 1391 Differ.
764 1353 819 1391 42
867 1349 1078 1404 διαβόητος
1121 1347 1194 1403 μὲν
1236 1350 1311 1404 γάρ
1355 1349 1459 1390 ἐστιν
1504 1348 1525 1390 ὅ
1563 1347 1625 1390 ἐπ’
1671 1349 1788 1407 ἀρετῇ

205 1410 524 1463 πολυθρύλητος,
548 1410 782 1464 περιβόητος
809 1407 890 1450 δὲε
871 1426 892 1450 ο
912 1409 976 1450 ἐπὶ
1000 1410 1137 1466 κακίᾳ
1168 1413 1245 1450 κτλ.
1313 1413 1349 1450 1.
1380 1413 1490 1451 ποιεῖ
1514 1411 1603 1450 add.
1624 1412 1788 1451 Porsen.

206 1471 325 1511 Dobr.
350 1470 472 1512 Arist.
491 1471 597 1511 Nub.
619 1473 716 1512 993.
782 1473 820 1512 2.
852 1469 975 1510 αὑτὸν
995 1469 1105 1522 Ald.]
1140 1468 1262 1510 αὑτὸν
1291 1470 1579 1524 παραδίδωσιν.
1630 1471 1790 1524 Κράτης

205 1530 316 1570 Pors.
320 1529 349 1581 ]
369 1529 551 1584 ἀκρατής.

892 1612 989 1655 121.
1003 1678 1014 1682 „
1025 1612 1109 1655 122

420 1699 504 1739 οἴει
537 1694 577 1738 δ’
615 1694 790 1753 ἑταίρας
820 1696 900 1739 τὸν
933 1695 1155 1751 σοφιστὴν
1188 1694 1440 1752 διαφέρειν;

419 1828 691 1884 παιδεύομεν
723 1823 766 1870 δ’
802 1827 856 1870 οὐ
887 1833 1039 1884 χεῖρον
1069 1826 1195 1883 ἡμεῖς
1225 1829 1330 1878 τοὺς
1361 1826 1503 1879 νέους.

419 1899 678 1955 σύγκρινον,
711 1895 745 1942 ὦ
773 1897 892 1954 ’τάν,
920 1897 1160 1942 Ἀσπασίαν
1191 1897 1266 1942 καὶ
1297 1899 1564 1955 Σωκράτην·

418 1977 494 2026 τῆς
526 1968 607 2027 μὲν
637 1972 722 2028 γὰρ
755 1971 854 2022 ὄψει
887 1969 1124 2026 Περικλέα,
1157 1972 1348 2027 Κριτίαν
1381 1968 1430 2013 δὲ
1460 1977 1542 2014 τοῦ

377 2053 398 2084 5
419 2040 572 2097 ἑτέρου
603 2044 824 2099 μαθητήν.

323 2129 544 2180 Alciphron
569 2121 615 2178 '1‚
649 2131 718 2170 34.
750 2131 790 2170 4.
824 2132 861 2169 7.
927 2133 963 2170 1.
996 2130 1107 2181 διαφ.
1138 2127 1186 2170 ἒτ.
1221 2140 1311 2182 σοφ.
1393 2132 1432 2170 3.
1464 2128 1548 2170 ἐπεὶ
1586 2129 1720 2183 σύγκρ.
1752 2130 1789 2170 εἰ

203 2187 352 2240 βούλει,
383 2191 432 2228 Α.
452 2220 460 2228 .
489 2187 582 2228 ,καὶ
611 2191 660 2228 Σ.
722 2191 761 2229 4.
793 2187 886 2241 ὄψει
917 2187 1105 2242 μαθητὴν
1137 2191 1203 2241 Π.,
1234 2195 1306 2230 τοῦ
1338 2187 1381 2229 δὲ
1412 2192 1521 2243 Κριτ.

955 2307 1041 2350 123

860 2388 1130 2448 (Κόρινθος)

419 2462 550 2504 δυοῖν
581 2462 829 2506 θαλάτταιν
861 2461 910 2504 ἐν
941 2461 1060 2521 μέσῳ
1091 2461 1406 2519 παρακειμένη,

418 2529 615 2590 χαρίεσσ’
652 2535 765 2577 ἰδεῖν
796 2531 878 2590 μὲν
908 2533 1206 2590 κᾶμφιλαφῶς
1236 2534 1537 2591 τρυφημάτων

418 2605 592 2661 ἔχουσα,
623 2607 729 2657 τοὺς
760 2605 800 2648 δ’
837 2606 1071 2657 οἰκοῦντας
1102 2606 1339 2663 ἀχαρίτους
1368 2622 1416 2649 τε
1446 2605 1519 2650 καὶ

418 2675 803 2734 ἀνεπαφροδίτους
834 2675 1135 2735 (θαυμασίως)
1167 2676 1422 2734 κεκτημένη.

322 2762 542 2813 Alciphron
563 2764 602 2813 3,
626 2764 695 2814 60,
715 2765 754 2804 3.
818 2767 854 2804 1.
886 2762 1057 2816 κειμένη.
1121 2766 1158 2804 2.
1190 2765 1374 2817 χαρίεσσα
1405 2762 1478 2816 μὲν
1510 2763 1561 2804 ι’δ.
1589 2762 1656 2803 καὶ
1681 2762 1780 2816 ἀμφ.

202 2818 254 2873 ἕχ.
285 2835 340 2874 τρ.
414 2824 453 2862 3.
486 2822 560 2862 οἰκ.
593 2819 636 2861 δὲ
667 2821 727 2875 ἀχ.
757 2821 835 2863 καὶ.
909 2826 948 2864 4.
979 2824 1216 2875 θαυμασίως
1247 2825 1419 2875 exempli
1450 2837 1573 2863 causa
1602 2824 1691 2864 add.
1725 2846 1779 2852 —-

203 2880 250 2919 de
282 2894 378 2921 voce
409 2880 645 2934 ἀμφιλαφής
681 2883 730 2923 cf.
762 2883 973 2924 Ruhnken.
1005 2884 1109 2923 Tim.
1136 2886 1203 2924 26.
1233 2888 1271 2924 7.
1320 2885 1510 2935 antiquae
1549 2884 1778 2924 comoediae

202 2952 288 2980 esse
318 2942 498 2991 potuisse
529 2955 610 2982 non
642 2942 889 2984 crediderim.
