2014 3334
254 231 339 273 142
632 241 636 245 ,
894 204 1193 265 MENANAISOT

252 339 537 397 (ὑποβολιμαία
558 343 683 382 Bekk.
701 338 803 394 cod)
823 345 900 381 κτλ.
933 340 1279 394 ἀποκρινουμένου
1303 364 1351 370 -
1377 343 1481 383 λάλει
1502 344 1545 382 s.
1561 344 1608 382 A.
1623 344 1821 396 Hirschig.

252 408 351 442 Ann.
374 404 460 442 crit.
483 405 534 440 24
569 405 609 440 et
630 402 764 442 Cobet.
786 403 832 440 N.
854 403 878 440 1.
902 399 975 453 58]
1010 400 1336 460 ἀποκρινουμένω
1366 425 1424 430 —-
1456 406 1596 442 λαλεῖν.
1659 402 1821 456 ἀποκρι-

250 462 426 513 νούμενα
458 462 612 501 codices
647 461 756 500 Suid.
820 460 946 508 ουτως
980 461 1088 501 Suid.
1120 461 1243 519 τούτῳ
1276 444 1398 510 mihi'
1431 463 1549 502 Mein.

998 566 1085 608 493

534 637 677 693 γέρων
710 633 972 691 ἀπεμέμυκτ’
1009 638 1167 687 ἄθλιος
1199 637 1378 693 λέμφος.

370 725 605 762 Ammonius
635 726 688 762 88
722 721 862 774 λέμφοι
890 722 996 775 παρὰ
1012 720 1199 771 Ἀττικοῖς
1225 724 1267 763 οἱ
1288 723 1522 775 κορυζώδεις
1549 722 1724 777 ἐλέγοντο
1755 723 1822 765 καὶ

251 782 453 835 μυξώὸεις.
522 781 764 835 Μένανδρος
801 779 1095 839 Ὑποβολιμαίῳ
1130 779 1252 837 (wag)
1290 786 1368 822 κτλ.
1441 781 1679 835 ἀπεμέμυκτ’
1721 785 1823 823 Bur-

251 856 383 882 mann.
415 844 545 881 Praef.
578 843 707 881 Benss.
741 843 906 881 Emend.
940 842 1012 893 24]
1052 840 1244 894 ἀπέμικτ’.
1306 843 1450 882 Pollux
1483 845 1520 894 2,
1555 841 1609 882 78
1652 842 1693 882 τὸ
1733 839 1823 896 (τὴν

250 897 439 955 κόρυζαν)
481 900 664 953 ἀφαιρεῖν
704 900 940 953 ἄπομύττειν
984 932 992 941 .
1026 932 1034 941 .
1067 933 1076 941 .
1120 900 1200 954 ’ἤδη
1238 900 1280 942 δέ
1310 916 1412 949 τινες
1449 908 1527 941 τῶν
1565 909 1751 954 κωμικῶν
1781 902 1823 942 τὸ

190 969 196 974 “
251 960 326 1000 ἐπὶ
357 960 512 1013 κέρδει
545 960 783 1009 ἐξαπατᾶν
815 960 1051 1013 ἀπομύττειν
1083 957 1207 1002 εἶπον.
1235 963 1406 1013 Hesych.
1450 960 1703 1013 ἀπομύττειν·
1736 961 1822 1010 ε’ξα-

250 1027 392 1071 πατᾶν,
436 1021 648 1073 γοητεύειν.
711 1021 870 1060 Terent.
905 1022 1064 1060 Phorm.
1098 1024 1136 1072 4,
1169 1025 1208 1072 4,
1245 1025 1263 1060 1
1312 1022 1468 1061 emunxi
1505 1023 1661 1071 arqento'
1703 1035 1822 1061 senes.

253 1082 391 1119 Horat.
424 1082 470 1120 A.
496 1095 534 1131 p.
569 1083 652 1120 238
688 1085 858 1120 emuncto
890 1081 1054 1121 Simone.
1091 1104 1138 1108 —
1175 1082 1286 1120 deest
1317 1082 1359 1119 in
1390 1081 1466 1120 fine
1498 1082 1667 1120 iambus.

997 1197 1085 1239 494

429 1280 562 1336 μικρὰ
595 1277 882 1334 Παναθήναι’
918 1279 1068 1334 ἐπειδὴ
1102 1277 1159 1322 δι’
1198 1279 1361 1335 ἀγορᾶς
1391 1279 1618 1335 πέμποντα
1651 1292 1712 1335 σε,

429 1353 661 1407 Μοσχίων,
693 1352 834 1408 μήτηρ
866 1350 981 1408 ἑώρα
1011 1357 1087 1407 τῆς
1117 1353 1252 1408 κόρης
1283 1350 1353 1407 ἐφ’
1391 1352 1593 1407 δέρματος.

369 1439 538 1478 Photius
559 1441 599 1477 eb
619 1439 763 1478 Suidas
794 1435 979 1489 πέμπειν·
1005 1437 1047 1478 τὸ
1072 1438 1302 1489 πομπεύειν.
1350 1436 1594 1491 Μένανδρος
1612 1435 1822 1491 Ὑποβολι-

253 1497 355 1553 μαίῳ
388 1495 414 1549 ἢ
435 1494 624 1552 Ἀγροίκῳ
643 1501 721 1538 κτλ.
786 1501 822 1537 1.
855 1496 989 1548 ἐπειδὴ
1024 1499 1153 1537 Bentl.
1173 1511 1235 1548 ap.
1256 1497 1437 1548 Kuster]
1472 1496 1566 1537 ἐπεὶ.
1597 1496 1824 1549 πέμποντας

252 1555 443 1608 έμοσχίων
465 1558 610 1596 ABVE
633 1558 741 1597 Suid.
787 1560 825 1597 2.
846 1556 990 1610 μήτηρ]
1011 1572 1089 1610 μηρ
1110 1553 1250 1612 (supra
1271 1570 1342 1596 scr.
1361 1555 1411 1611 ὥ)
1431 1558 1469 1596 A
1490 1558 1598 1596 Suid.
1618 1558 1824 1598 {zrimetros

252 1617 436 1656 Naberus
467 1617 647 1656 restibm‘t
678 1618 720 1656 in
751 1618 865 1657 Phot.
899 1618 958 1656 ed.

371 1676 577 1716 Choricius
609 1678 726 1727 Apol.
759 1678 867 1716 mim.
888 1671 1044 1731 (Revue
1071 1678 1118 1716 de
1149 1677 1286 1727 philol.
1313 1678 1437 1725 1877,
1471 1674 1574 1728 228)
1606 1682 1683 1716 τῶν
1708 1679 1823 1716 Μεν-

252 1735 402 1787 άνδρου
440 1734 717 1787 πεποιημένων
754 1735 979 1789 προσώπων
1021 1736 1252 1788 Μοσχίων
1297 1733 1368 1787 μὲν
1412 1733 1516 1787 ἡμᾶς
1559 1736 1823 1788 παρεσκεύασε

250 1793 526 1847 παρθένους
581 1795 853 1847 βιάζεσθαι,
915 1793 1267 1848 Χαιρέστρατος
1323 1793 1374 1834 δὲ
1417 1796 1648 1848 ψαλτρίας
1692 1795 1823 1848 ε’ρᾶν,

250 1853 428 1906 Κνήμων
474 1852 516 1894 δὲ
555 1854 773 1903 ὃυσκόλους
817 1854 1000 1906 ἐποίησεν
1038 1858 1157 1907 εἰναι,
1201 1856 1421 1907 Σμικρίνης
1459 1853 1500 1894 δὲ
1542 1856 1822 1909 φιλαργύρους.

252 1914 564 1954 Chaerestratum
607 1916 774 1954 fratrem
817 1928 903 1955 esse
946 1916 1185 1955 Moschionis
1228 1917 1388 1954 conlassa
1418 1914 1645 1954 Caeciliana
1687 1916 1826 1955 fabula.

255 1976 390 2014 censet
422 1973 466 2014 O.
498 1974 688 2014 Ribbeck.
722 1975 888 2026 Agroik.
923 1977 989 2015 11.

995 2091 1082 2133 495

372 2176 642 2221 Quinbilianus
666 2179 702 2226 1,
725 2178 792 2227 10,
817 2177 868 2214 18
902 2177 1008 2225 apud
1027 2177 1293 2215 Menandrum
1317 2177 1360 2214 in
1379 2176 1683 2224 Hypobolimaeo
1707 2189 1820 2216 senex

251 2237 460 2284 reposcenti
495 2236 622 2283 filium
651 2237 764 2284 patri
800 2236 902 2274 velut
935 2237 1125 2274 rationem
1161 2237 1433 2284 inpendiornm
1475 2247 1573 2283 quae
1611 2238 1653 2274 in
1684 2237 1820 2275 eduea-

251 2297 390 2334 tionem
420 2295 619 2334 contulerit
649 2306 838 2343 exponens
860 2296 1005 2343 psaltis
1035 2307 1075 2334 se
1105 2298 1140 2333 et
1168 2296 1370 2344 yeometris
1395 2295 1518 2333 multa
1549 2296 1641 2334 dicit
1664 2296 1822 2335 dedisse.

250 2355 421 2393 fortasse
453 2353 621 2404 ψάλταις
652 2352 780 2393 ἔδωκα
811 2352 935 2393 πολλὰ
966 2352 1032 2392 καὶ
1062 2351 1306 2406 γεωμέτραις.

997 2470 1084 2512 496

373 2556 501 2596 Schol.
527 2556 734 2607 Aristoph.
764 2556 934 2607 Lysistr.
957 2557 1039 2595 378
1067 2554 1154 2607 περὶ
1185 2555 1429 2607 γαμηλίων
1461 2558 1678 2608 λουτρῶν
1709 2554 1823 2595 Μέν-

255 2615 400 2667 ανδρος
431 2614 473 2654 ἐν
503 2615 632 2667 Κρητί
659 2627 759 2667 φησι
789 2614 855 2654 καὶ
886 2614 928 2654 ἐν
953 2611 1258 2670 “Τποβολιμαίῳ.
1307 2615 1355 2654 cf.
1391 2618 1457 2654 57.

374 2674 431 2713 Of.
463 2677 672 2725 praeterea
702 2676 750 2714 fr.
786 2678 881 2715 202.

944 2778 1129 2819 ΦΑΝΙΟΝ

373 2852 603 2891 Athenaeus
638 2855 710 2902 13,
743 2854 862 2892 5670
899 2851 976 2892 ἀπὸ
1015 2851 1215 2903 ἑταιρῶν
1253 2850 1336 2902 ἔσχε
1372 2851 1440 2899 τὰς
1476 2851 1696 2905 ἐπιγραφὰς
1727 2882 1736 2891 .
1769 2882 1777 2890 .
1811 2882 1820 2891 .

260 2910 500 2963 Μενάνδρου
531 2911 628 2958 Θαῒς
658 2910 723 2950 καὶ
758 2911 923 2951 Φάνιον.
973 2913 1021 2950 cf.
1042 2924 1157 2970 quae·
1174 2911 1225 2951 ad
1251 2911 1501 2951 Pherecratis
1529 2912 1723 2951 Corianno
1751 2913 1818 2951 ad-
