2014 3334
305 269 389 312 746
821 247 1164 310 SUPPLEMENTA
1189 275 1298 310 VOL.
1324 276 1360 308 11

947 428 1221 462 EUBULIDES

424 498 675 542 ‘Eubulides'
708 499 862 555 (adesp.
884 499 987 556 294)
1020 499 1207 543 ‘fortasse
1238 516 1318 542 non
1343 506 1463 553 poeta
1493 503 1563 542 sed
1587 503 1747 542 fabulae
1780 516 1869 554 per-

302 574 411 612 sona,
442 563 489 600 ut
521 563 665 612 poetae
695 575 839 601 nomen
870 563 1118 602 interciderit
1149 558 1279 615 (velut
1307 558 1530 616 Philippi).'
1563 562 1717 602 Kaibel.

942 701 1224 735 HENIOCHUS

426 776 487 814 Fr.
521 776 560 826 5,
596 778 660 815 17.
705 777 729 815 i.
757 790 789 815 c.
820 781 865 831 τῇ
898 774 964 828 (55,-
985 782 1030 831 τῇ
1062 774 1190 832 ἑτέρα,
1221 774 1502 829 ἀριστοκρατία.

935 904 1237 937 HERACLITUS

423 979 539 1018 Hunc
569 981 730 1030 poetam
760 979 847 1019 iure
873 979 1217 1018 exterminandum
1244 981 1376 1018 censet
1394 979 1545 1018 Nauck.
1565 978 1692 1017 Metv
1714 977 1811 1018 237.
1825 979 1864 1018 8.
2000 951 2014 1038 j

910 1118 1256 1152 MNESIMACHUS

420 1192 486 1231 Fr.
513 1194 551 1244 2,
584 1194 608 1231 2
642 1195 770 1232 λαλῶν
803 1193 949 1244 δίκαια,
981 1193 1102 1245 κάρτα
1132 1192 1256 1233 πολλὰ
1289 1190 1325 1232 δ’
1362 1193 1606 1232 Heimsocth.
1632 1192 1719 1231 Iud.
1741 1193 1869 1232 Bonn.

305 1253 416 1291 1867
441 1254 537 1291 aest.
558 1265 642 1291 xm.
710 1255 840 1291 λαλῶν
880 1275 933 1279 -
967 1254 1010 1292 Β.
1038 1252 1169 1292 δίκαια
1201 1258 1332 1292 ταῦτα.
1364 1255 1414 1291 A.
1439 1250 1563 1292 πολλὰ
1595 1247 1631 1290 δ’
1665 1251 1868 1291 Herwerd.

305 1313 399 1350 192.
458 1312 585 1350 eiecto
622 1312 777 1351 nomine
816 1309 925 1365 ὀλίγα
962 1313 1192 1351 trimetrum
1229 1315 1356 1352 λαλῶν
1396 1311 1526 1351 δίκαια
1564 1315 1715 1364 παῦρα,
1754 1324 1794 1350 π.
1827 1307 1864 1350 δ’

302 1369 387 1411 ἔσθ.
439 1371 481 1410 F.
510 1371 569 1409 W.
598 1371 786 1411 Schmidt.
815 1371 927 1411 Stud.
949 1372 1037 1411 crit.
1056 1373 1118 1411 III
1145 1373 1212 1424 55,
1245 1385 1363 1423 quam
1395 1368 1773 1411 coniecturam‘fuit
1798 1370 1867 1422 qui

302 1430 608 1477 commendaret,
643 1444 885 1482 quamquam
915 1436 1049 1483 παῦρα
1081 1432 1204 1471 semel
1235 1432 1342 1482 apud
1368 1431 1538 1470 comicos
1570 1431 1715 1482 exstat,
1746 1432 1868 1482 atque

301 1490 343 1528 in
374 1490 613 1541 anapaestis.

424 1553 461 1599 7,
495 1552 551 1589 10
582 1549 864 1590 καταπάλταισι
895 1550 945 1589 ad
975 1551 1190 1590 titulorum
1219 1551 1339 1590 fidem
1373 1553 1414 1589 et
1445 1549 1664 1589 seeundum
1694 1548 1868 1601 origina-

303 1609 452 1648 tionem
486 1604 782 1663 (καταπάλλειν)
814 1610 996 1649 restituit
1027 1610 1321 1649 Herwerdenus
1352 1609 1511 1648 ibidem.

424 1671 489 1708 11.
534 1669 641 1707 Plut.
679 1669 778 1708 Mor.
812 1672 925 1709 107e
970 1668 1044 1709 οὐκ
1087 1667 1271 1720 ἀμούσως
1316 1665 1353 1708 δ’
1400 1667 1533 1716 ἔδοξεν
1576 1666 1868 1719 ἀποφήνασθαι

303 1723 390 1767 οὐδ’
433 1725 454 1767 ὁ
486 1725 607 1767 εἰπὼν
648 1726 716 1767 τὸν
751 1727 883 1768 1ὕπνον
920 1727 966 1767 τὰ
997 1727 1115 1781 μικρὰ
1146 1734 1214 1768 τοῦ
1249 1728 1429 1768 θανάτου
1462 1726 1666 1779 μυστήρια.
1727 1727 1868 1766 attulit

303 1787 457 1827 Nauck.
487 1787 580 1827 Mel.
606 1787 642 1825 V
675 1789 772 1828 238.

954 1879 1207 1912 PHILISCUS

420 1954 484 1992 Fr.
520 1955 556 1992 1.
598 1967 678 1993 non
710 1957 817 1993 recte
848 1955 922 1994 hoc
954 1955 1226 2006 fragmentum
1257 1954 1480 2005 explicatur
1514 1954 1778 1994 Woehenschr.
1798 1954 1866 2002 fur

302 2014 418 2052 klass.
450 2014 587 2052 Philol.
622 2015 733 2053 1887
767 2028 805 2064 p.
842 2015 965 2053 1453.

423 2075 461 2112 3.
505 2073 546 2110 in
580 2073 620 2112 G.
654 2073 837 2112 Muelleri
871 2074 1013 2124 Geogr.
1045 2074 1138 2113 min.
1171 2074 1191 2112 I
1228 2074 1307 2112 106
1342 2069 1384 2126 (1
1422 2068 1552 2127 extr.).

423 2135 462 2171 4.
505 2134 637 2171 exstat
668 2133 790 2171 etiam
822 2134 926 2183 apud
960 2133 1117 2172 Maxim.
1139 2133 1314 2172 Confess.
1337 2135 1404 2184 32,
1426 2134 1479 2173 73
1513 2146 1550 2183 p.
1570 2134 1653 2172 621
1689 2130 1864 2170 Oombef.

421 2191 636 2231 Praeterea
666 2192 716 2231 cf.
747 2192 880 2242 adesp.
915 2194 1032 2232 536s

968 2318 1202 2352 SOPHILUS

425 2393 484 2433 Of.
517 2394 637 2432 etiam
669 2394 800 2445 adesp.
835 2396 960 2434 1299.

979 2521 1193 2555 SOTADES

423 2596 486 2634 Fr.
509 2597 546 2646 1,
569 2597 634 2634 11.
677 2597 848 2635 fortasse
879 2595 1033 2648 τρίγλας
1065 2594 1280 2647 μεγάλας.
1330 2595 1443 2633 mulli
1475 2594 1579 2632 enim
1606 2594 1740 2644 magni
1771 2607 1863 2634 raro

303 2655 573 2705 inveniuntur,
606 2656 674 2694 sed
705 2656 746 2694 in
777 2655 907 2705 pretio
941 2658 1046 2694 sunt.
1095 2655 1197 2694 Plin.
1225 2655 1273 2694 N.
1298 2654 1336 2692 h.
1364 2656 1401 2703 9,
1429 2655 1495 2693 64.
1519 2655 1584 2693 68.
1649 2655 1715 2693 18.
1747 2650 1859 2704 ἑψήτ’

303 2709 355 2765 ἦν
387 2711 429 2753 δὲ
462 2714 616 2753 Kaibel.
668 2717 710 2753 at
740 2713 912 2765 ἓψητούς
942 2715 1071 2765 pisces
1102 2710 1207 2764 nov'i,
1239 2711 1366 2764 ἓψητά
1397 2713 1494 2764 quid
1525 2713 1606 2752 sint
1636 2713 1780 2752 nescio.
1810 2734 1858 2740 —-

306 2776 372 2812 22.
411 2773 606 2825 ἰχθυδίων
643 2772 860 2821 ἀποκνίσας
898 2795 951 2800 ——
991 2771 1141 2828 ἀλεύρῳ
1180 2773 1303 2812 etiam
1342 2773 1524 2812 Eustath.
1560 2774 1684 2823 1063,
1712 2774 1766 2812 33
1799 2771 1862 2821 (Ο.

305 2833 488 2872 Kaehler.
511 2827 627 2887 904).
664 2855 714 2860 —
751 2835 817 2873 32.
846 2835 882 2873 3.
916 2846 1036 2884 quam
1067 2834 1209 2872 horum
1240 2845 1429 2871 versuum
1448 2832 1550 2871 Ellis
1570 2833 1702 2871 Amer.
1721 2831 1863 2871 Journ.

306 2892 362 2931 VI
393 2895 415 2932 7
448 2893 636 2943 proponit
666 2893 1035 2943 interpretationem
1067 2891 1229 2942 probari
1260 2904 1375 2941 posse
1406 2904 1520 2941 nego.
