2014 3334
907 245 1007 280 ΤΗΣ
1031 245 1161 280 nm
1737 241 1825 285 453

856 390 956 434 239.
989 390 1088 433 240.
1122 390 1206 433 241

528 476 671 532 κόμην
701 490 748 519 τε
779 472 852 518 καὶ
884 474 1078 529 πώγωνα
1108 471 1182 518 καὶ
1212 473 1453 532 τριβώνιον

363 562 609 603 Themistius
644 565 710 615 17,
744 564 862 603 215a
894 557 936 616 (ὅ
967 566 1150 602 τοιοῦτον
1180 558 1343 614 βασιλέα
1374 559 1428 612 μὴ
1460 564 1698 612 φιλοσοφεῖν
1724 559 1824 601 ὑπο-

239 618 476 676 λαμβάνων)
507 622 683 676 περιάγει
707 620 781 674 τὴν
805 621 1018 674 θειοτάτην
1049 627 1127 661 τῶν
1154 619 1378 672 ἐπιστημῶν
1403 620 1459 669 εἰς
1484 620 1613 672 κόμην
1640 620 1734 669 ἴσως
1757 619 1824 661 καὶ

238 696 280 722 π.
310 685 388 723 κτλ.
474 682 523 722 of.
544 683 678 734 adesp.
702 684 798 723 173.
849 682 960 722 aliud
991 683 1053 721 est
1083 681 1342 732 proverbium
1361 681 1544 732 Append.
1564 695 1676 732 prov.
1707 684 1744 727 1,
1765 684 1821 722 47

237 741 473 796 βακτηρία
521 741 600 782 καὶ
649 747 803 795 σχῆμα
851 740 918 781 καὶ
967 740 1188 794 τριβώνιον.
1261 745 1376 782 τοῦτο
1427 738 1678 782 ἐπέσκωπτον
1730 740 1824 789 τοὺς

234 798 528 855 Ἀθηναίους
559 802 798 850 δικαστάς.
860 802 962 841 illud
994 801 1098 841 enim
1131 802 1181 840 ad
1213 801 1472 852 philosophos
1505 802 1666 852 cynicos
1698 803 1824 852 perti-

239 863 376 902 nebat.
415 862 582 902 tertium
607 863 779 914 denique
806 862 983 902 eiusdem
1009 862 1228 902 sententiae
1254 862 1530 912 fragmentum
1562 862 1710 914 χαίρειν
1742 857 1820 916 ἐᾶνΙ

239 921 413 976 πώγωνα
431 920 497 961 καὶ
515 922 690 975 τρίβωνα
713 920 778 962 καὶ
802 921 1020 975 βακτηρίαν
1040 934 1088 961 ex
1106 921 1248 961 Liban.
1269 922 1397 972 Epist.
1421 922 1503 961 195
1526 917 1751 974 (διαφέρειν
1765 951 1775 961 .
1790 952 1798 961 .
1814 954 1822 962 .

238 988 317 1022 τῶν
348 981 684 1035 φιλοσοφούντων
714 984 767 1039 τῷ
800 979 897 1036 κτλ.)
931 982 1070 1022 elicuit
1101 982 1153 1021 M.
1185 981 1337 1032 Haupt.
1370 981 1518 1033 opusc.
1549 982 1613 1021 III
1646 983 1744 1023 380.

992 1122 1080 1166 242

523 1203 576 1262 ἧς
605 1205 741 1264 χωρὶς
772 1204 907 1250 οὐδὲν
939 1206 1107 1263 σεμνὸν
1140 1205 1450 1263 ἐξευρίσκεται.

357 1295 593 1334 Phurnutus
631 1294 692 1334 De
716 1298 759 1334 ‘'n.
792 1294 829 1334 d.
865 1296 919 1334 14
958 1307 1021 1346 ap.
1054 1294 1201 1334 Eudoc.
1233 1308 1274 1345 p.
1309 1295 1393 1334 295
1440 1293 1495 1342 εἰς
1538 1292 1611 1345 τὴν
1655 1293 1822 1348 ἐρημίαν

240 1353 461 1407 ἀναχωρεῖν
493 1354 537 1393 οἶ
563 1357 894 1406 φιλοσοφοῦντες,
925 1348 973 1405 ἧς
998 1352 1116 1408 χωρὶς
1141 1351 1261 1394 οὐδὲν
1287 1352 1431 1406 σεμνὸν
1460 1353 1692 1407 εὑρίσκεται,
1723 1354 1822 1394 κατὰ

237 1413 305 1454 τὸν
343 1413 529 1466 κωμικόν.
592 1412 851 1466 ἐξευρίσκεται
883 1415 999 1454 Mein.
1063 1414 1224 1454 dubitat
1262 1414 1311 1454 de
1344 1415 1496 1454 comica
1535 1415 1634 1454 dicti
1666 1415 1820 1467 origine

236 1475 391 1515 Nauck.
426 1474 571 1514 Philol.
604 1474 689 1513 IIII
722 1476 819 1515 559.
898 1517 904 1524 ,

963 1579 1075 1622 --243

523 1661 572 1705 ἐν
603 1667 758 1705 τοῖσιν
781 1662 973 1713 αἰδοίοις
1003 1662 1083 1705 τὸν
1114 1659 1363 1719 ἐγκέφαλον
1394 1663 1508 1719 ἔχων

356 1750 552 1790 Aelianus
584 1751 631 1789 fr.
666 1750 751 1789 284
772 1749 974 1788 'Herohen
1007 1745 1135 1802 (Suid.
1165 1744 1465 1804 κραιπαλώδης)
1504 1749 1723 1801 φιλήδονος
1753 1750 1820 1790 καὶ

170 1810 173 1813 ⁴
237 1808 280 1850 ἐν
311 1813 392 1858 τοῖς
422 1812 500 1850 κτλ.
552 1822 666 1860 quae,
697 1809 882 1859 quamvis
915 1809 1154 1848 adversetur
1184 1810 1391 1849 Nauekius
1423 1806 1648 1862 (Mel-anges
1679 1814 1819 1861 greco-

238 1870 414 1909 romains
446 1870 481 1908 V
515 1864 640 1923 225),
685 1882 733 1907 ex
777 1869 927 1908 comico
966 1869 1128 1908 fluxisse
1161 1869 1365 1921 existimo,
1408 1870 1576 1920 par-odia
1607 1871 1820 1911 inridentis

241 1928 484 1980 [Demosth.]
520 1932 560 1980 7,
591 1930 661 1969 45.

980 2034 1067 2076 244

523 2117 691 2160 ἄτοπον
720 2115 980 2174 πενομένων
1011 2119 1232 2161 πλειόνων
1263 2125 1441 2175 τρυφᾶν
1472 2118 1562 2162 ἕνα.

357 2204 540 2245 Clemens
572 2204 685 2244 Alex,
718 2204 838 2244 Paed.
872 2207 909 2256 2,
945 2207 1011 2258 12,
1048 2207 1131 2246 120
1163 2203 1233 2245 ἕνα
1263 2220 1318 2258 τρ.
1350 2220 1434 2246 πεν.
1466 2208 1529 2245 πλ.

980 2345 1068 2388 245

523 2428 875 2486 ὑποκρινόμενος
904 2429 954 2472 τὸ
988 2429 1135 2486 δρᾶμα
1166 2435 1247 2473 τοῦ
1278 2432 1382 2486 βίου
1413 2434 1554 2481 καλῶς

358 2517 541 2556 Clemens
561 2515 674 2556 Alex,
695 2516 842 2556 strom.
864 2519 901 2569 7,
925 2519 990 2566 11,
1012 2518 1065 2557 65
1099 2514 1291 2569 ἀμεμφῶς
1321 2517 1459 2558 τοίνυν
1483 2516 1623 2571 ὑποκρ.
1645 2540 1691 2546 -
1710 2518 1816 2571 βίου.

238 2578 287 2617 cf.
317 2579 413 2617 771.
447 2576 582 2617 Senee.
607 2576 734 2628 Epist.
764 2579 816 2617 77
851 2578 950 2617 extr.
977 2577 1092 2629 Diog.
1119 2578 1162 2618 L.
1193 2580 1232 2628 7,
1260 2579 1356 2618 160.
1383 2573 1575 2632 (Potter.)

983 2718 1071 2761 246

524 2798 607 2851 ἕως
637 2801 716 2843 τὸν
748 2802 888 2852 ὄντως
919 2800 1057 2845 αὑτὸν
1088 2801 1171 2844 οὐκ
1202 2801 1454 2859 ἐγνώρισεν.

357 2888 608 2939 Porphyrius
640 2888 699 2927 De
731 2887 876 2928 abstin.
898 2891 936 2940 3,
957 2890 1011 2928 27
1046 2883 1102 2943 (p.
1128 2890 1224 2941 155,
1248 2891 1302 2929 22
1336 2886 1510 2944 Nauck.)
1544 2887 1564 2930 ὅ
1596 2887 1815 2944 ἅνθρωπος

239 2945 377 3000 ἐνδεὴς
407 2947 568 2988 πάντων
600 2946 693 2988 εἴκει
723 2949 777 3005 τῷ
807 2949 945 3005 θνητῷ
977 2953 1046 3001 τῆς
1078 2948 1250 3001 φύσεως,
1281 2945 1355 2998 ἕως
1385 2951 1462 2990 κτλ.
