2014 3334
0 2944 20 2960 λ,

0 2964 38 2984 ,pb

0 2991 24 3002 Ι

541 185 906 221 ΚΑΤΑΛΟΓΑΔΗΝ
931 186 1456 222 ΜΕΤΕΣΧΗΜΑΤΙΣΜΕΝΑ
1698 186 1786 229 663

198 296 430 351 κειμένην
466 295 526 350 μ’,
563 295 669 350 ἢτοι
708 296 863 354 βρόχῳ
891 292 898 353 Ι
925 295 1102 350 ἐμαυτὴν
1147 296 1425 347 ἀποπνίξασαν
1457 296 1484 351 ἢ
1514 329 1524 339 .
1556 329 1565 338 .
1598 331 1606 340 .
1639 297 1710 339 ἕνα
1740 298 1786 354 γέ

200 372 290 399 τινα
319 357 467 412 τρόπον
498 357 653 412 εὑρήσω
684 357 880 399 θανάτου.

319 421 344 460 3
370 420 569 456 ΑΤΣΙΑΣ.
603 416 741 470 μέσαι
770 417 858 472 γὰρ
890 417 1060 466 νύκτες
1085 411 1208 471 ἦσαν
1235 412 1317 474 (ήσ.
1343 414 1415 473 ν.)“
1449 418 1537 460 οὐκ
1561 418 1715 472 ἔκοψα
1741 417 1777 460 δ’

195 471 442 534 οὖν,Ιάλλ’
476 477 649 532 ἐπάρας
680 476 833 531 ήρέμα
866 474 948 533 (ήρ.
981 472 1098 533 ἄρας)
1131 476 1217 530 τὴν
1247 479 1429 532 θύραν,
1460 477 1554 532 ’ἤδη
1587 477 1635 520 δὲ
1667 478 1745 520 καὶ
1774 475 1779 535 Ι

192 534 346 579 ἄλλοτ’
386 537 636 591 ἐπεποιήκειν
674 533 880 595 (ἐποίουν)
919 537 1036 594 αὐτό,
1073 536 1317 593 παραγαγὼν
1355 538 1423 579 τὸν
1462 537 1634 594 στροφέα
1678 554 1779 594 παρ-

192 601 383 652 εισῆλθον
413 597 605 651 ἀψοφητί.

314 659 338 699 5
366 659 579 711 πίνωμεν
622 656 732 711 ἤδη,
776 658 856 699 καὶ
892 658 1089 707 Πυθιὰς
1129 656 1237 711 μεθ’
1276 656 1410 711 ἡμῶν
1443 655 1571 714 (μεθ’.
1602 658 1670 713 ήμ.
1696 657 1782 716 Π.).

191 719 394 756 ΠΤΘΙΑΣ.
420 750 429 759 .
454 751 462 759 .
485 751 493 760 .
519 718 579 771 μή
605 735 686 771 μοι
711 717 983 772 χαλέπαινε·
1015 717 1142 770 πλὴν
1170 718 1218 759 τὸ
1239 716 1372 770 δεῖν’,
1398 719 1486 774 ὅρα,
1513 715 1543 760 ὦ
1564 721 1749 773 Λυσία,
1772 717 1777 777 Ι

191 777 252 832 μή
283 793 376 820 τινι
406 778 544 835 εἴπῃς
577 774 802 837 (κατείπῃς)
833 778 882 820 τὸ
913 777 1021 832 περὶ
1051 784 1133 832 τῆς
1165 779 1314 833 κόμης
1346 775 1471 835 (ὅρα).

928 921 1042 966 1489

309 1009 512 1049 Lucianus
542 1010 646 1049 Dial.
677 1011 837 1049 merehr.
866 1010 933 1060 14,
963 1011 984 1048 1
1019 1013 1109 1049 νῦν
1134 1007 1219 1060 μέν
1245 1006 1286 1061 μ’
1316 1006 1603 1067 ἀποκλῄεις,
1634 1012 1778 1065 Μυρ-

189 1068 324 1121 τάλη,
361 1074 470 1121 νῦν,
508 1068 569 1109 ὅτε
608 1064 799 1125 (fortasse
836 1064 978 1124 ήνίκα)
1007 1064 1011 1123 Ι
1039 1066 1186 1121 πένης
1223 1067 1458 1122 ἐγενόμην
1497 1069 1576 1110 διὰ
1614 1068 1683 1119 σέ,
1715 1070 1777 1111 ὅτε

190 1127 233 1169 δέ
276 1141 339 1170 σοι
381 1128 429 1169 τὰ
472 1134 644 1170 τοσαῦτα
687 1128 888 1182 ἐκόμιζον,
923 1128 928 1179 Ι
963 1128 1190 1182 ἐρώμενος,
1237 1128 1380 1182 ἀνήρ,
1425 1126 1617 1183 (fortasse
1658 1129 1776 1185 ἀνήρ,

189 1186 391 1244 ἐραστής,)
434 1188 688 1242 δεσπότης,
734 1186 867 1229 πάντ’
915 1183 974 1242 ἧν
1015 1188 1114 1243 ἐγώ,
1144 1187 1149 1242 Ι
1178 1188 1280 1230 ἐπεὶ
1321 1186 1356 1229 δ’
1402 1188 1489 1244 ἐγὼ
1534 1187 1619 1242 μὲν
1659 1185 1777 1239 αὖος

188 1247 280 1302 ’ἤδη
317 1248 512 1303 ἀκριβῶς,
551 1249 600 1290 σὺ
639 1248 682 1290 δὲ
719 1248 789 1289 τὸν
827 1248 1012 1290 Βιθυνὸν
1049 1248 1225 1302 ἔμπορον
1260 1249 1431 1302 εὕρηκας
1461 1249 1644 1303 ἐραστήν,
1676 1249 1776 1291 ἀπο-

187 1310 366 1362 κλείομαι
403 1342 411 1350 .
455 1343 462 1350 .
502 1342 509 1350 .
551 1312 802 1347 ΜΤΡΤΑΑΗ.
881 1309 1028 1349 ταῦτά
1066 1306 1107 1361 μ’
1143 1308 1422 1364 ἀποπνίγει,
1467 1311 1651 1365 Δωρίων,
1695 1310 1775 1351 καὶ

187 1366 405 1421 μάλισθ’,
445 1368 626 1410 ὁπόταν
663 1367 822 1426 λέγῃς,
850 1370 856 1420 Ι
883 1367 943 1417 ὡς
979 1366 1108 1409 πόλλ’
1149 1369 1331 1418 ἔδωκας
1368 1369 1447 1410 καὶ
1484 1369 1631 1423 πένης
1668 1369 1775 1425 γεγέ-

187 1441 307 1482 νησαι
348 1426 400 1470 δι’
437 1428 514 1481 ἐμέ.
575 1428 728 1483 λόγισαι
763 1435 866 1484 γοῦν
905 1429 1061 1469 ἅπαντα
1095 1428 1134 1478 ἐξ
1166 1429 1290 1483 ἀρχῆς
1321 1428 1449 1470 ὁπόσα
1480 1446 1548 1482 μοι
1579 1430 1774 1483 ἐκόμισας.

188 1494 212 1530 2
240 1492 346 1530 ΔΩΡ.
369 1484 422 1530 εὖ
448 1486 503 1544 γ’,
532 1484 563 1530 ὦ
591 1489 847 1543 Μυρτάλη,
878 1488 1196 1543 λόγισώμεθα.
1217 1485 1526 1546 Ιὺποδήματα
1552 1490 1601 1530 ἐκ
1625 1486 1776 1531 Σικυὲ

186 1555 308 1598 ῶνος
350 1549 392 1590 τὸ
436 1555 624 1604 πρῶτον
668 1546 760 1603 (πρ.
804 1549 848 1590 ἐκ
891 1545 966 1605 Σ.)
1007 1549 1092 1590 δύο
1136 1550 1370 1605 δραχμῶν.
1398 1546 1404 1605 Ι
1431 1555 1478 1588 Μ.
1511 1551 1643 1591 τίθει
1686 1551 1773 1592 δύο

187 1610 398 1663 δραχμάς
429 1640 439 1650 .
465 1642 474 1650 .
502 1642 510 1650 .
542 1613 583 1647 Δ.
610 1609 676 1650 καὶ
701 1608 816 1650 ὁπότε
840 1605 942 1662 ἧκον
968 1608 1011 1649 ἐκ
1035 1610 1203 1663 Συρίας,
1229 1609 1535 1664 ἀλάβαστρον
1560 1611 1738 1664 μύρου,
1766 1607 1771 1667 Ι

187 1670 272 1711 δύο
311 1667 389 1710 καὶ
425 1675 564 1710 τοῦτο
604 1671 825 1723 δραχμῶν
862 1668 920 1721 νὴ
958 1668 1039 1710 τὸν
1079 1671 1303 1711 Ποσειδῶ
1342 1665 1398 1724 (ν.
1429 1685 1460 1710 τ.
1486 1672 1561 1722 Π.,
1600 1671 1674 1712 δύο
1714 1672 1773 1724 δρ.

185 1729 250 1770 καὶ
297 1730 411 1770 τοῦτό
459 1726 546 1784 σοι)
585 1760 596 1770 .
633 1761 644 1771 .
681 1760 691 1770 .
757 1733 782 1770 3
813 1733 860 1767 Μ.
893 1728 1038 1770 τουτὶ
1080 1736 1285 1783 πρῶτον
1330 1725 1422 1786 (πρ.
1466 1727 1607 1784 τοῦθ’)
1652 1729 1775 1788 ὁρᾷς

185 1789 233 1830 τὸ
277 1789 523 1844 χιτώνιον;
552 1788 557 1842 Ι
587 1789 775 1838 ἐκεῖνος
818 1789 1014 1844 ἐπρίατο
1059 1785 1227 1844 (ἐπρίατ’
1262 1785 1336 1845 ἐκ.)
1381 1789 1461 1830 καὶ
1503 1789 1584 1831 τὸν
1624 1790 1774 1844 ὅρμον

185 1849 265 1890 τὸν
295 1850 542 1903 παχύτερον
574 1846 758 1905 (παχύν).
784 1849 791 1900 Ι
819 1853 860 1887 Δ.
887 1849 1092 1898 ἐκεῖνος;
1124 1847 1238 1907 ᾔδειν
1268 1850 1344 1904 γάρ
1371 1861 1413 1890 σε
1444 1851 1567 1891 πάλαι
1591 1849 1772 1904 ἔχουσαν.

186 1913 331 1948 ΜΤΡΤ.
363 1907 447 1950 ἀλλ’
482 1907 530 1950 ὃν
561 1908 690 1967 ᾕδεις,
727 1909 849 1950 πολὺ
878 1910 884 1961 Ι
911 1909 1200 1965 λεπτότερος
1237 1906 1290 1964 ἦν
1329 1907 1447 1965 (ἐστι)
1479 1909 1557 1951 καὶ
1593 1912 1773 1965 σμαρά-

184 1971 333 2025 γδους
364 1970 451 2011 οὐκ
483 1966 559 2024 εἶχε
591 1966 719 2026 (ἔχει).

767 2100 894 2143 1490.
931 2100 1059 2143 1491.
1095 2099 1211 2143 1492

304 2187 683 2229 LucianusSaturn.
699 2191 723 2228 9
745 2186 859 2241 χιὼν
878 2185 1033 2241 ἐπέχει
1052 2187 1106 2228 τὰ
1124 2187 1277 2228 πάντα
1297 2185 1356 2241 χώ
1376 2189 1554 2242 βορρᾶς
1574 2186 1766 2245 πολύς,Ι

183 2245 359 2288 κούδὲν
385 2247 408 2288 ὅ
431 2262 472 2288 τι
497 2247 554 2289 οὐ
578 2246 790 2302 πέπηγεν
823 2244 999 2303 (πέπηγε
1032 2243 1136 2303 νῦν)
1169 2247 1260 2288 ὑπὸ
1291 2253 1374 2289 τοῦ
1405 2247 1596 2302 κρύους.
1651 2253 1772 2301 poeta

182 2322 263 2348 non
294 2309 549 2359 significabat
574 2307 621 2348 τὰ
646 2308 815 2361 Κρόνια,
846 2322 949 2360 quae
974 2308 1148 2349 Athenis
1180 2311 1334 2349 aestate
1361 2310 1682 2350 celebrabantur.
1711 2331 1766 2338 —-

104 2400 106 2402 v
184 2366 233 2408 οὐ
265 2363 394 2423 (οὔτε)
426 2367 512 2422 γὰρ
544 2368 864 2422 πρεσβυτικός
891 2369 898 2420 Ι
924 2384 968 2422 γε
994 2366 1014 2409 ὁ
1040 2367 1206 2422 καιρὸς
1237 2366 1350 2410 οὐδὲ
1383 2364 1512 2424 (οὔτε)
1546 2365 1768 2422 ἐπιτήδειος

184 2431 285 2476 τοῖς
315 2434 532 2480 τρυφῶσι
564 2424 757 2484 (fortasse
783 2443 813 2469 τ.
839 2444 895 2483 τρ.
922 2424 1172 2484 σύμμετρος).

307 2491 361 2528 10
387 2483 445 2540 ἧν
471 2485 508 2528 δ’
531 2488 587 2529 οὐ
611 2488 822 2541 πεδήτης
848 2485 958 2544 (add.
982 2487 1002 2529 ὁ
1022 2484 1154 2544 θεὸς),
1181 2486 1281 2529 οὐδ’
1308 2487 1494 2542 αὐχμοῦ
1520 2485 1769 2544 πλέωςΙ...

183 2546 280 2588 ἀλλὰ
323 2543 427 2603 (καὶ)
471 2547 556 2601 τὴν
599 2546 684 2601 μὲν
727 2549 885 2602 ἅρπην
929 2543 1025 2602 εἶχε
1067 2549 1194 2589 πάνυ
1242 2547 1570 2603 τεθηγμένην,
1603 2547 1610 2602 Ι
1643 2549 1696 2589 τὰ
1729 2547 1765 2590 δ’

183 2606 300 2648 ἄλλα
331 2608 537 2661 φαιδρός
561 2605 594 2649 τ’
619 2603 682 2664 ἦν
709 2604 819 2664 (add.
846 2606 966 2663 ἰδεῖν)
998 2607 1078 2649 καὶ
1109 2608 1335 2664 καρτερὸς
1363 2609 1369 2660 Ι
1397 2607 1475 2649 καὶ
1506 2610 1769 2662 βασιλικῶς

184 2663 294 2723 (add.
326 2665 494 2724 ἅπαντ’)
526 2667 829 2710 ἐνεσκεύαστο
862 2664 1245 2723 (ἐνεσκευασμένος).

306 2730 357 2768 11
389 2727 508 2769 ἰδὼν
545 2728 633 2783 γάρ
671 2744 723 2782 με
762 2726 828 2782 (με
865 2724 960 2784 γὰρ)
1000 2728 1294 2782 σκυθρωπόν
1328 2761 1337 2770 .
1371 2762 1377 2769 .
1411 2762 1419 2769 .
1452 2728 1606 2785 ὥσπερ
1642 2729 1769 2780 εἰκὸς

184 2783 242 2840 ἦν
269 2787 275 2838 Ι
303 2787 442 2840 θεόν,
478 2787 598 2842 ἔγνω
637 2788 806 2829 αὐτίκα
843 2785 990 2845 (αὐτίκ’
1031 2785 1154 2845 ἔγνω)
1190 2788 1276 2841 τὴν
1321 2789 1486 2830 αἰτίαν
1523 2795 1604 2843 τῆς
1641 2790 1770 2844 λύπης

187 2843 276 2903 (τῆς
308 2847 424 2896 ἀνίας
456 2850 519 2889 vel
551 2847 702 2901 ὀδύνης
731 2847 805 2901 τὴν
836 2845 942 2905 αἰτ.).
