2014 3334
235 232 323 274 280
417 233 794 267 ΑΠΟΛΛΟΔῼΡΟΤ
818 233 918 267 Tor
943 233 1167 267 ΓΕΛῼΙΟΤ
1191 234 1549 269 ΑΠΟΚΑΡΤΕΡῼΝ
1577 254 1619 259 -

237 347 273 384 3.
307 341 455 397 ποτήρι’
485 343 648 396 Nabar]
681 316 859 397 ποτήρια.
891 347 1150 385 tetrametros
1177 340 1459 400 (ἀργυρώματα
1486 345 1492 394 Ι
1524 345 1732 397 Θηρίκλεια
1754 366 1803 372 -

235 404 402 457 ποτήρια
430 400 435 458 Ι
465 402 573 457 ἕτερα
603 405 899 445 constituerunt
930 405 1009 444 alii.
1053 406 1236 445 Menand.
1270 407 1326 445 24
1358 406 1530 445 conbulit
1562 405 1679 444 Mein.

1006 522 1035 563 4

475 647 477 650 .
522 604 632 647 ἀλλὰ
665 606 825 660 σχεδόν
856 619 898 647 τι
928 606 978 647 τὸ
1009 605 1255 661 κεφάλαιον
1285 611 1375 648 τῶν
1406 612 1555 648 κακῶν

522 680 716 733 εἴρηκας·
750 676 799 719 ἐν
829 678 1102 734 φιλαργυρίᾳ
1133 677 1219 733 γὰρ
1251 672 1378 719 πάντ’
1415 678 1492 720 ἔνι.

357 764 553 803 Slzobaeus
586 763 722 802 Floril.
758 766 824 814 16,
859 766 909 802 11
940 759 1242 815 Ἀπολλοδώρου
1270 759 1566 816 Ἀποκαρτερῶν
1597 764 1643 802 A.

358 823 415 863 Cf.
448 823 570 863 offlam
604 822 779 874 Carystii
811 824 860 862 fr.
894 825 931 863 3.

899 938 1153 971 ΨΕΤΔΑῙΑΣ

357 1015 387 1054 Ι.
421 1028 453 1054 e.
484 1013 594 1054 Aiax
626 1018 872 1063 personatus.
922 1016 971 1054 of.
1009 1014 1299 1067 Ψευδηρακλῆς
1335 1014 1587 1054 Pherecratis
1628 1016 1669 1054 et
1703 1015 1810 1054 Men-

238 1075 365 1114 andri.
416 1075 535 1114 Mein.
568 1075 587 1113 I
620 1076 718 1114 461.

1017 1155 1044 1196 5

524 1239 731 1296 μάχαιρα,
764 1240 914 1294 λόγχη,
948 1238 1230 1295 στρωματεύς

358 1327 503 1365 Pollux
538 1329 610 1375 10,
647 1327 728 1366 138
782 1329 1014 1377 στρωματεῖς
1040 1322 1337 1380 Ἀπολλόδωρος
1368 1323 1389 1365 ὁ
1420 1327 1575 1381 Γελῷος
1606 1323 1649 1365 ἐν
1681 1325 1814 1365 Ψευδ-

240 1386 368 1425 αίαντι
406 1384 482 1437 ἔφη
520 1389 598 1425 κτλ.
660 1386 874 1436 Phrynioh.
907 1386 1014 1435 Epit.
1047 1387 1129 1425 401
1165 1384 1410 1437 στρωματεύς
1446 1383 1651 1437 ἀδόκιμον.
1693 1396 1813 1438 στρω-

240 1445 482 1498 ματόδεσμος
514 1444 678 1499 ἀρχαῖον
715 1443 781 1484 καὶ
813 1444 997 1496 δόκιμον,
1034 1445 1105 1484 ubi
1137 1446 1185 1484 cf.
1217 1445 1387 1484 Lobeck.
1423 1447 1463 1484 et
1493 1445 1711 1495 Antiphan.
1745 1447 1813 1485 38.

242 1506 397 1545 Alexid.
431 1508 527 1555 115,
561 1508 598 1546 3.
649 1505 868 1555 adparatus
900 1505 1088 1544 militaris
1119 1506 1364 1546 recensetur.

500 1763 1042 1814 ΑΠΟΛΛΟΔΩΡΟΣ
1081 1763 1125 1813 Ο
1162 1763 1562 1814 ΚΑΡΥΣΤΙΟΣ

892 1867 1175 1901 ΑΜΦΙΑΡΕῼΣ

364 1944 420 1984 Of.
454 1957 555 1996 quae
589 1945 638 1984 ad
672 1944 953 1995 Aristophanis
985 1943 1275 1994 Amphiaraum
1307 1943 1598 1984 adnotavimus.

1016 2062 1038 2103 1

745 2143 1022 2199 ἐμβαλόντες,
1056 2140 1089 2186 ὦ
1121 2142 1287 2201 πονηρὲ
1319 2143 1390 2198 σύ,

531 2215 593 2264 εἰς
625 2216 909 2270 σακκοπήραν
941 2214 1078 2257 αὐτὸν
1110 2214 1381 2269 ἐπιθήσουσί
1407 2228 1495 2257 που

532 2284 602 2341 ἐφ’
638 2285 889 2340 ὑποζύγιον.

365 2373 508 2412 Pollux
542 2374 722 2424 10,161
771 2371 1047 2425 σακκοπήραν,
1077 2370 1130 2420 ὡς
1161 2371 1330 2412 είθισται
1359 2375 1441 2420 τοῖς
1472 2371 1646 2420 ἰδιώταις
1676 2370 1816 2424 λέγειν,

247 2430 290 2471 ἐν
316 2427 617 2484 Ἀπολλοδώρου
649 2437 719 2472 τοῦ
750 2432 978 2485 Καρυστίου
1012 2429 1244 2488 Ἀμφιαράω
1275 2434 1353 2471 κτλ.
1414 2426 1445 2471 ὦ
1477 2430 1626 2484 πονηρέ
1657 2443 1699 2471 σε
1727 2428 1732 2486 Ι
1761 2431 1816 2478 εἷς

249 2490 506 2545 σακκοπήραν
538 2489 664 2531 αὐτίκ’
700 2492 817 2531 Mein.

835 2606 1226 2642 ΑΝΤΕΤΕΡΓΕΤΩΝ·

1017 2692 1044 2734 2

534 2776 638 2825 τοὺς
670 2780 938 2832 στρωματεῖς
969 2775 1113 2818 ἔλυον.

369 2861 513 2900 Pollux
556 2863 631 2912 10,
679 2863 760 2901 138
812 2859 833 2901 ὁ
876 2860 1099 2915 Καρύστιος
1142 2857 1437 2913 Ἀπολλόδωρος
1485 2859 1528 2900 ἐν
1572 2857 1815 2912 Ἀντευεργε-

250 2925 382 2960 τοῦντι
413 2923 489 2960 κτλ.
1022 2935 1045 2955 ο
1206 2956 1209 2961 ,
