2014 3334
270 242 356 283 342
642 291 644 294 ι
878 240 1226 274 ΠΟΣΕΙΔΙΠΠΟΤ

390 353 622 391 Athenaeus
654 353 693 402 4,
727 352 838 391 154f
879 349 899 390 ὁ
943 349 1242 406 κωμῳδιοποιὸς
1284 351 1554 399 Ποσείδιππος
1577 342 1668 406 (sic
1698 347 1753 404 A)
1790 350 1834 392 ἐν

274 411 541 466 Πορνοβοσκῷ
573 421 697 462 φησιν
721 413 798 450 κτλ.
865 414 898 449 1.
932 408 1092 462 ἑόρακεν
1122 410 1170 449 Α.
1223 411 1491 451 Mantinenses
1522 412 1563 449 id
1594 424 1720 463 genus
1751 424 1833 451 cer-

272 471 433 510 taminis
472 470 669 509 invenisse
709 473 748 508 et
786 469 1031 508 Casandrum
1067 470 1108 507 in
1150 471 1287 510 funere
1324 473 1533 522 parentum
1566 470 1834 522 gladiatorum

272 543 446 583 pugnam
480 530 651 569 edidisse
682 531 822 568 narrab
856 528 983 568 1546.
1019 530 1100 568 155
1114 541 1149 568 a.

915 656 1198 691 ΣΤΝΤΡΟΦΟΙ

1027 741 1084 783 23

485 823 678 879 ἐβάδιζες
709 822 789 875 ἔξω
821 829 910 865 τῶν
941 825 1095 865 πυλῶν
1125 822 1332 880 μάγειρος
1362 823 1444 874 ὤν;

485 897 535 936 Β.
567 894 690 945 ε’ντὸς
721 897 875 936 πυλῶν
905 894 989 950 γὰρ
1021 892 1078 936 ἂν
1109 892 1256 950 με’νων
1287 894 1495 945 ἄδειπνος
1525 890 1594 949 ἦν.

486 969 537 1007 Α.
569 963 716 1022 πότερ’
747 960 830 1008 οὗν
856 964 1053 1021 ἀφεῖσαι;
1086 967 1135 1007 Β.
1167 961 1262 1008 κατ’
1291 964 1458 1022 ἀγορὰν
1483 963 1730 1022 ἐργάζομαι·

486 1036 664 1094 ἐπρίατο
695 1036 779 1093 γάρ
810 1052 876 1087 τις
907 1036 1142 1093 ὁμότεχνός
1173 1053 1225 1093 με
1256 1037 1488 1094 γνώριμος.

392 1124 622 1162 Athenaeus
651 1124 716 1172 14,
744 1124 858 1163 6590
889 1122 1140 1170 Ποσίδιππος
1166 1117 1242 1177 (A)
1267 1121 1354 1175 περὶ
1385 1122 1569 1163 δούλων
1600 1122 1840 1176 μαγείρων

277 1216 283 1222 .
318 1213 326 1222 .
359 1213 368 1222 .
399 1182 649 1235 Συντρόφοις
679 1185 756 1221 κτλ.
837 1185 876 1222 2.
906 1181 980 1235 γὰρ
1012 1180 1062 1221 ἂν
1094 1180 1224 1234 μένων
1249 1181 1402 1233 Dindf.]
1434 1179 1645 1236 παρμένων
1672 1182 1721 1221 Α.
1802 1183 1842 1223 3.

274 1239 402 1294 πότερ’
433 1243 554 1281 Dobr.
586 1242 688 1282 Adv.
719 1242 761 1281 II
793 1240 896 1292 350]
939 1241 1104 1293 πότερον
1135 1243 1182 1281 Α.
1232 1240 1393 1292 ἀφεῖσαι
1423 1240 1563 1292 Dobr.]
1596 1240 1760 1292 ἀφεισεα
1791 1241 1839 1281 Α.

275 1304 313 1341 4.
344 1300 501 1353 ε’πριᾶτο
527 1301 574 1340 Α.

396 1363 432 1401 3.
466 1357 575 1400 ‘mcm
604 1362 723 1410 iyitur
752 1373 875 1400 manu
904 1363 1046 1401 ‘missus
1077 1362 1142 1400 es?
1179 1383 1223 1388 —
1261 1363 1437 1400 minime:
1475 1362 1564 1401 emit
1593 1373 1653 1400 me
1683 1362 1841 1409 quidam

275 1433 403 1459 eorum
429 1422 495 1469 qui
519 1421 627 1469 apud
650 1422 781 1469 forum
797 1421 1044 1469 profitentur.
1094 1434 1236 1471 nempe
1262 1420 1425 1472 quidam
1451 1420 1537 1459 ruri
1561 1420 1709 1472 degens
1734 1420 1841 1459 hunc

275 1493 444 1531 coquum
475 1479 582 1530 apud
614 1480 743 1518 forum
775 1480 854 1519 isto
887 1479 950 1518 die
984 1475 1255 1519 conduxerat’.
1309 1480 1431 1519 Dobr.

1025 1595 1083 1637 24

558 1678 716 1719 ἔνδοθι
746 1678 1040 1733 προνομεύειν
1072 1679 1237 1734 ὄρμενα

394 1762 563 1801 Phossius
595 1760 755 1814 ὄρμενα·
787 1762 834 1802 τὰ
858 1769 926 1816 τῆς
955 1763 1147 1816 κράμβης.
1187 1763 1458 1811 Ποσείδιππος
1487 1762 1740 1816 Συντρόφοις
1764 1766 1841 1803 κτλ.

275 1819 381 1872 παρὰ
400 1824 480 1868 τοῖς
498 1824 679 1869 παλαιοῖς
699 1821 771 1874 οὐχ
791 1822 967 1874 εὕρομεν.
1005 1825 1056 1862 of.
1076 1824 1249 1863 Nicostr.
1269 1825 1337 1863 34.
1378 1824 1550 1862 Thomas
1569 1823 1675 1875 Mag.
1695 1825 1794 1874 275,
1815 1826 1838 1863 7

277 1879 348 1931 οὐχ
380 1879 595 1931 εὑρίσκεται
627 1879 715 1920 οὔτε
740 1881 781 1921 τὸ
812 1882 1075 1934 προνομεύειν
1107 1880 1196 1922 οὔτε
1220 1879 1246 1933 ἡ
1271 1882 1488 1936 προνομεία
1512 1881 1619 1934 παρὰ
1644 1881 1842 1934 ῥήτορσιν,

276 1936 358 1978 ἀλλ’
395 1938 482 1978 ἀντὶ
511 1939 661 1979 τούτων
692 1942 915 1992 ληΐζεσθαι.
939 1941 1025 1981 .καὶ
1055 1942 1292 1994 καταδρομή.
1335 1943 1458 1981 Moer.
1485 1944 1583 1993 206,
1609 1944 1663 1981 25
1695 1955 1843 1995 προνο-

279 1998 412 2049 μεύειν
443 1997 485 2038 τὸ
517 1997 758 2052 κατατρέχειν
789 1999 855 2040 καὶ
879 2001 1123 2054 κατασύρειν.
1173 2003 1311 2054 ecloga
1342 2001 1439 2040 mihi
1470 2001 1630 2053 quidem
1661 2002 1841 2041 obscura.

915 2127 1203 2161 ΦΙΛΟΠΑΤΩΡ

1030 2199 1086 2242 25

560 2256 743 2312 ἐθισμός

395 2340 481 2381 ἀντὶ
521 2347 591 2382 τοῦ
635 2341 740 2391 ἔθος.
802 2343 1051 2391 Ποσίδιππος
1095 2340 1172 2399 (sic
1210 2340 1313 2399 cod.)
1361 2345 1610 2399 Φιλοπάτορι.
1671 2346 1840 2385 Bekker.

277 2401 422 2440 Anecd.
456 2404 524 2454 93,
559 2404 625 2442 19.
675 2404 721 2442 cf.
754 2403 925 2443 Lobeck.
957 2404 1104 2455 Phryn.
1136 2406 1235 2444 511.

903 2530 1220 2564 ΧΟΡΕΤΟΤΣΑΙ

1031 2615 1087 2657 26

490 2697 669 2752 μαθητὰ
699 2697 886 2740 Λεύκων
917 2697 965 2740 οἵ
990 2713 1036 2740 τε
1068 2698 1356 2741 συνδιάκονοι

489 2767 631 2822 ὑμεῖς·
663 2767 775 2819 ἅπας
804 2768 888 2823 γάρ
920 2767 1040 2811 ἐστιν
1072 2769 1232 2819 οἰκεῖος
1262 2770 1395 2820 τόπος

489 2836 599 2895 ὑπὲρ
630 2837 785 2895 τέχνης
816 2842 965 2883 λαλεῖν
995 2853 1054 2882 τι·
1115 2847 1205 2883 τῶν
1235 2840 1502 2897 ἡδυσμάτων

491 2910 670 2953 πάντων
699 2910 934 2967 κράτιστόν
965 2909 1084 2955 ἐστιν
1116 2910 1164 2955 ἐν
1195 2918 1425 2970 μαγειρικῇ

2003 2433 2014 2701 mnii-„.4.-.....v›-.-.
2010 2404 2014 2405 ,
1995 2315 2014 2337 ’.
2010 2287 2014 2290 .
2012 2255 2014 2257 .
2012 2234 2014 2237 .
2012 2159 2014 2163 .
