2014 3334
517 248 928 284 ΑΜΦῘΣΒΗΤΗΣΙΜΔ
952 247 1037 282 KAI
1061 247 1385 282 ΠΛΡΕΓΓΡΑΦΑ
1653 244 1741 286 609

900 356 1014 399 1214

565 426 747 486 (Epeos)
779 426 860 484 οὐχ
892 427 1050 471 ὁποῖον
1082 427 1327 484 ζωγράφων

348 501 553 552 παίζουσι
583 506 746 556 χεῖρες,
779 495 875 542 ἀλλ’
910 498 964 542 ὃν
993 498 1021 555 ἡ
1053 500 1369 556 πρωτοσπόρος

348 570 460 628 ἀρχὴ
490 569 660 614 τέλειον
692 570 832 621 εὐθὺς
872 595 930 601 -

291 643 530 698 [Lucianus]
556 645 694 686 Amor.
721 647 776 685 32
798 642 929 698 Ἔρως
959 643 1008 686 οὐ
1033 644 1179 697 νήπιον
1207 644 1346 696 κακόν,
1371 642 1435 685 ὄπ.
1465 666 1515 672 -
1542 656 1740 699 πρωτοσπ.

170 702 380 759 ἐγέννησεν
422 703 522 759 ἀρχὴ
566 702 711 745 τέλειον
755 704 859 745 εὐθὺ
897 702 1096 757 τεχθέντα.
1131 726 1186 732 --
1219 705 1360 744 dubito
1404 705 1549 757 tragici
1593 705 1647 744 sit
1690 718 1742 744 an

169 765 311 806 comici
346 764 764 822 παρατραγφδοῦντος.

900 857 1016 900 1215

348 931 415 982 τίς
446 928 486 973 δ’
524 930 580 973 ἄν
612 940 661 972 σε
691 929 869 985 νύμφη,
899 930 967 980 τίς
998 925 1047 971 δὲ
1077 926 1304 985 παρθένος
1334 927 1414 972 νέα

349 999 508 1054 δέξαιτ’
545 1002 620 1053 sim
653 997 704 1044 εὖ
734 1006 847 1056 γοῦν
878 1000 938 1051 ὡς
967 1007 1126 1056 γαμεῖν
1156 1001 1269 1056 ἔχεις
1298 1000 1443 1051 τάλας.

286 1076 528 1116 Plutarchus
553 1076 652 1116 Mor.
675 1077 793 1116 789a
818 1072 839 1114 ὁ
864 1077 1004 1127 γαμεῖν
1028 1073 1427 1126 παρασκευαζόμενον
1451 1072 1615 1129 γέροντα
1640 1073 1741 1115 ἐστε-

170 1133 410 1188 φανωμένον
440 1134 507 1175 καὶ
538 1134 802 1188 μυριζόμενον
834 1132 1067 1187 ἀποτρέπων
1091 1132 1157 1173 καὶ
1181 1132 1306 1187 λέγων
1330 1133 1376 1173 τὰ
1401 1132 1500 1186 πρὸς
1523 1132 1592 1174 τὸν
1622 1135 1742 1174 Φιλο-

168 1194 330 1247 κτήτην·
355 1195 411 1244 τίς
430 1192 466 1235 δ’
489 1192 541 1235 ἄν
562 1217 617 1222 -
637 1194 736 1247 ἔχεις
755 1194 886 1245 τάλας,
904 1193 981 1249 ,οὐκ
1002 1191 1146 1242 ἄτοπός
1165 1192 1255 1233 ἔστι.
1298 1207 1335 1234 v.
1357 1196 1381 1233 2
1402 1194 1510 1233 Plut.
1531 1194 1664 1234 Solon.
1685 1196 1742 1234 20

167 1252 321 1309 γέροντι
362 1253 460 1296 νέαν
496 1252 677 1311 ἀγομένῳ
707 1254 816 1306 -φαίη
848 1268 905 1301 τις
935 1251 987 1293 ἂν
1024 1251 1190 1306 ἐμμελὴς
1226 1251 1359 1305 ἅρχων
1390 1250 1416 1305 ἢ
1447 1251 1670 1306 νομοθέτης
1699 1252 1742 1294 τὸ

167 1313 268 1367 πρὸς
303 1314 372 1355 τὸν
413 1314 657 1366 Φιλοκτήτην
697 1307 757 1354 εεὖ
788 1310 825 1366 γ’
861 1307 935 1353 οὖν
972 1310 1026 1361 ὥς
1063 1314 1203 1367 γαμεῖν
1234 1311 1333 1365 ἔχεις
1363 1309 1508 1360 τάλας.’
1573 1315 1611 1353 2.
1641 1319 1742 1367 γοῦν

168 1373 338 1426 Musgr.]
357 1371 394 1428 y’
414 1369 500 1415 οὖν.
519 1395 577 1402 —-
598 1374 650 1413 ad
670 1373 881 1413 Strattidis
900 1374 1149 1413 Philoctetam
1167 1373 1369 1413 referebat
1387 1373 1584 1412 Matthiae
1604 1374 1743 1425 Eurip.

169 1434 291 1475 VIIII
330 1436 434 1485 269,
476 1435 584 1474 inter
625 1433 872 1485 tragicorum
909 1433 1103 1484 adespota
1139 1427 1213 1486 (fr.
1247 1427 1298 1485 9)
1336 1432 1488 1483 recepit
1524 1433 1742 1472 Nauckius.

170 1494 436 1543 Matthiaeum
475 1494 675 1545 inpugnat
714 1492 917 1532 Herwerd.
954 1493 1091 1532 Exere.
1131 1492 1218 1532 crit.
1245 1494 1320 1543 87,
1351 1492 1460 1544 quod
1495 1494 1568 1532 soli
1604 1495 1743 1543 brayici

171 1555 341 1593 utantur
370 1554 545 1594 vocativi
576 1554 707 1593 forma
736 1551 864 1600 τάλας.
916 1552 1070 1592 scilicet
1094 1552 1315 1603 discipulus
1340 1552 1582 1603 magistrum
1606 1565 1742 1592 aemu-

170 1614 279 1652 latur
317 1613 515 1653 Cobetum
537 1613 588 1652 N.
613 1613 639 1652 1.
667 1614 742 1664 89,
774 1606 805 1650 ὦ
836 1611 954 1659 τάλας
994 1612 1160 1664 tragicis
1196 1612 1479 1651 vindicantem.
1540 1615 1583 1652 at
1613 1626 1742 1664 neque

170 1674 392 1713 necessario
431 1672 549 1721 τάλας
585 1673 628 1712 in
665 1673 740 1712 hoc
771 1685 891 1711 versu
920 1672 1130 1712 vocativus
1162 1674 1239 1721 est,
1273 1684 1402 1723 neque
1435 1672 1594 1712 omnino
1624 1672 1743 1720 τάλας

170 1728 276 1786 (voc.
308 1728 422 1786 casu)
463 1732 622 1772 comicis
660 1732 846 1782 ignotum
884 1744 970 1771 esse
1008 1731 1197 1771 concedet
1235 1731 1304 1782 qui
1342 1732 1589 1782 Theopompi
1619 1734 1688 1782 32,
1714 1734 1740 1772 8

170 1792 398 1832 meminerit
427 1790 620 1845 Σπινθὴρ
651 1790 782 1843 τάλας,
813 1793 951 1847 πειρᾷς
981 1805 1040 1842 με.
1090 1791 1139 1831 cf.
1170 1791 1354 1831 Menand.
1380 1793 1479 1832 420.

900 1896 1014 1939 1216

348 1968 520 2012 τούτων
551 1966 758 2011 ἁπάντων
790 1966 974 2024 ἀκρίδας
1004 1966 1384 2023 ἀνταλλάσσομαι,

348 2041 522 2097 κόγχων
554 2036 604 2082 δὲ
634 2039 713 2082 τὸν
746 2037 936 2082 σέσιλον.
998 2041 1047 2081 Β.
1074 2037 1205 2094 ἄπαγ’
1242 2037 1286 2090 ἐς
1316 2040 1396 2082 τὸν
1428 2039 1620 2095 φθόρον.

289 2115 522 2155 Athenaeus
550 2117 593 2166 2,
621 2115 704 2154 630
741 2111 918 2167 λέγονται
956 2111 1000 2153 δέ
1035 2128 1137 2161 τινες
1167 2119 1245 2153 τῶν
1275 2116 1444 2165 κοχλιῶν
1480 2112 1547 2153 καὶ
1584 2111 1739 2154 σέσιλοι.

165 2170 452 2226 Ἐπίχαρμος
482 2177 558 2214 κτλ.
630 2177 667 2214 1.
698 2172 1013 2225 ἀνταλλάσσομαι
1050 2172 1250 2223 Erfurdt]
1295 2172 1626 2214 ἀνταλλάσσονται
1662 2174 1741 2214 ΟΕ.

170 2232 425 2286 ἀντάλλασσε,
461 2237 540 2273 παῖ
570 2234 722 2274 Iacobs.
762 2233 898 2273 Addit.
935 2234 1029 2273 Ath.
1059 2234 1127 2274 50.
1190 2230 1275 2273 ‘sed
1306 2234 1433 2273 Attici
1471 2236 1613 2285 poetae
1652 2246 1740 2273 esse

169 2290 385 2334 videntur?
435 2294 514 2334 Iac.

888 2350 1035 2394 12161)

351 2423 539 2474 διψῶντι
568 2422 653 2478 γάρ
684 2438 754 2466 τοι
784 2421 927 2465 πάντα
957 2420 1227 2478 προσφέρων
1259 2422 1378 2478 σοφὰ

351 2493 432 2537 οὐκ
463 2493 519 2538 ἂν
548 2493 686 2537 πλέον
715 2492 919 2550 τέρψειας
948 2492 976 2548 ἢ
1004 2489 1170 2557 ’μπιεῖν
1202 2493 1366 2544 διδούς.

291 2569 523 2608 Athenaeus
553 2570 618 2618 10,
646 2571 762 2610 4330
788 2566 809 2608 ὁ
835 2570 1051 2620 Σοφοκλῆς
1076 2579 1176 2619 φησι
1200 2571 1278 2607 κτλ.
1310 2562 1378 2621 (fr.
1406 2569 1489 2607 692
1519 2562 1597 2621 Ν.).
1651 2570 1687 2607 2.
1712 2564 1740 2619 ἢ

167 2623 316 2678 ’μπιεΐν
335 2624 466 2680 Pors.]
492 2626 546 2680 μὴ
572 2631 689 2669 πιεῖν.
732 2626 759 2680 ἢ
778 2631 884 2668 πιεῖν
904 2628 1073 2668 Casaub.
1100 2628 1249 2667 comico
1275 2628 1420 2666 tribuit
1446 2627 1738 2678 Bakhuyzenus

172 2687 232 2726 De
263 2688 432 2739 parodia
461 2701 499 2739 p.
529 2689 626 2740 135,
656 2688 822 2728 inrideri
853 2700 1017 2728 censens
1049 2687 1186 2738 Eurip.
1217 2687 1320 2726 Med.
1347 2689 1444 2726 299.

0 2869 30 2926 ,ἒξ
352 2866 467 2906 οἶκοι
497 2861 648 2918 μένειν
678 2865 761 2920 χρὴ
793 2865 873 2907 τὸν
903 2866 1046 2914 καλῶς
1077 2863 1333 2918 εὐδαίμονα.

0 2933 40 2992 ζ)
351 2936 401 2978 Β.
431 2932 503 2976 καὶ
534 2934 614 2977 τὸν
643 2942 787 2986 κακῶς
817 2935 1085 2991 πράττοντα;
1119 2938 1173 2977 Α.
1204 2932 1278 2976 καὶ
1308 2939 1470 2976 τοῦτον
1502 2931 1663 2989 μένειν.

0 2994 36 3043 ζ’»-
245 3009 359 3036 comm
378 3010 491 3044 graeei,
509 3010 556 3038 ed.
575 3011 627 3039 rh.
647 3011 743 3038 xook.
762 3011 819 3038 111.
1408 3006 1452 3038 39

0 3081 29 3134 ἰζ
