2014 3334
0 1371 3 1376 <
0 1348 2 1353 -
0 1061 9 1314 w-—v--yrwffwv-
0 986 9 1043 nv*
0 964 3 971 .

678 263 820 298 ΜΕΘΗ
850 282 892 289 -
918 263 1259 298 ΜΗΝΑΓΤΡΤΗΣ
1702 261 1761 304 93

171 377 314 419 multis
335 377 524 418 laborant
544 375 866 416 difficultatibus.
929 375 979 415 de
1011 375 1102 431 ἱερῷ
1133 373 1247 431 γάμῳ
1280 375 1328 414 cf.
1349 374 1515 414 Preller.
1535 374 1663 426 Mytb.
1683 387 1743 426 gr.
1746 368 1762 394 ²

173 437 195 479 I
222 439 320 479 127.
347 438 386 478 8.
451 439 488 476 1.
524 433 591 488 ἐμὲ
623 433 835 488 διέτριψεν.
867 435 925 475 sic
956 435 1038 474 iam
1059 435 1260 474 Homerus
1281 433 1354 474 Od.
1376 436 1414 486 2,
1437 436 1522 474 204
1556 431 1662 486 ὄφρα
1693 448 1762 473 κεν

173 496 201 550 ἤ
231 511 276 552 γε
308 496 556 553 διατρίβῃσιν
582 492 777 548 Ἀχαιούς.
841 496 879 535 5.
911 495 1052 545 Eurip.
1084 494 1172 545 Iph.
1206 494 1328 534 Tam.
1361 496 1446 534 467
1480 493 1527 534 τὰ
1558 499 1628 546 τῆς
1658 497 1762 534 θεοῦ

174 554 248 610 μὲν
290 562 448 610 πρῶτον
491 553 545 604 ὥς
589 559 717 604 καλῶς
754 553 822 611 ἔχῃ
860 552 1116 608 φροντιστέον
1158 569 1236 606 μοι.
1299 555 1348 593 cf.
1381 554 1507 593 Arist.
1539 554 1631 594 Pac.
1664 555 1762 594 868.

175 617 326 670 Phryn.
359 630 458 657 com,
492 618 530 656 9.

929 720 1014 762 321

465 837 907 847 .......
966 801 1227 860 Ἀδράστεια
1258 801 1331 846 καὶ

461 877 548 920 θεὰ
582 872 824 933 σκυθρωπὲ
858 874 1048 932 Νέμεσι,
1082 875 1421 930 συγγινώσκετε.

296 977 443 1016 Miller.
475 976 682 1028 Melanges
709 976 793 1015 382
823 970 1069 1027 Ἀδράστεια·
1087 972 1234 1027 ἑταίρα
1265 979 1334 1027 τῆς
1362 970 1583 1025 Νεμέσεως.
1646 969 1760 1011 Μέν-

177 1037 325 1090 ανδρος
356 1034 485 1093 Μέθῃ
518 1038 596 1076 κτλ.
657 1033 736 1075 θεὰ
769 1032 984 1087 σκυθρωπὲ
1016 1032 1165 1086 Νέμεσι
1197 1034 1315 1074 Mein.
1343 1034 1479 1073 Herm.
1511 1033 1694 1072 111456.
1718 1031 1761 1082 7]

176 1096 271 1138 θεαὶ
301 1094 542 1150 σκυθρωπαὶ
572 1093 755 1148 Νέμεσις.
818 1095 990 1134 Bekker.
1022 1094 1173 1134 Anecd.
1195 1096 1292 1146 342,
1328 1096 1351 1133 6
1386 1096 1426 1133 et
1450 1093 1595 1132 Suidas
1622 1089 1763 1144 Ἀδρά-

178 1167 302 1198 στεια·
341 1157 384 1197 οἱ
418 1154 490 1208 μὲν
520 1154 593 1207 τὴν
625 1153 753 1207 αὐτὴν
789 1160 834 1210 τῇ
867 1153 1036 1206 Νεμέσει
1075 1152 1258 1207 λέγουσιν
1290 1185 1299 1193 .
1332 1184 1341 1193 .
1373 1184 1382 1193 .
1415 1152 1514 1193 ε’νιοι
1546 1150 1680 1204 μέντοι
1712 1150 1765 1200 ὡς

178 1215 451 1272 διαφέρουσαν
483 1213 843 1269 συγκαταλέγουσιν
875 1213 1002 1266 αὐτὴν
1033 1220 1078 1270 τῇ
1111 1212 1301 1266 Νεμέσει,
1339 1212 1392 1262 ὡς
1423 1211 1667 1264 Μένανδρος
1698 1210 1765 1251 καὶ

178 1277 447 1331 Νικόστρατος
474 1271 583 1330 (37).
645 1276 694 1315 cf.
727 1288 830 1328 quae
864 1276 915 1315 ad
947 1275 1103 1315 Orabini
1134 1275 1320 1315 Nemesin
1351 1273 1634 1314 adnotavimus
1660 1273 1681 1311 I
1707 1274 1761 1312 47

177 1341 219 1378 et
249 1338 378 1378 Lehrs
411 1338 507 1388 Pop.
539 1336 666 1376 Aufs.-
688 1337 755 1405 57.
789 1337 827 1376 8.

930 1440 1018 1483 322

609 1558 618 1567 .
681 1521 761 1568 εἶτ’
799 1524 882 1567 οὐκ
913 1519 1030 1580 εἶχεν
1063 1523 1118 1566 οὐ
1150 1529 1260 1579 πῦρ,
1294 1523 1349 1565 οὐ
1382 1524 1530 1577 λίθον,

466 1597 549 1640 οὐκ
580 1597 688 1640 ἄλλο
720 1594 907 1639 τοιοῦθ”
934 1595 1097 1653 ἕτερον.

298 1698 471 1738 Bekker.
489 1697 639 1736 Aneed.
661 1699 760 1748 379,
783 1698 835 1736 31
871 1697 912 1735 eb
945 1695 1089 1735 Suidas
1122 1692 1215 1735 αλλο
1248 1692 1396 1747 ἕτερον·
1430 1692 1473 1733 ἐκ
1502 1691 1764 1745 παραλλήλου

183 1756 376 1812 λέγουσιν.
426 1755 670 1809 Μένανδρος
690 1728 819 1812 Μέθῃ
845 1758 923 1796 κτλ.
973 1753 1067 1796 αλλο
1099 1751 1256 1796 τοιοῦθ’
1286 1753 1764 1794 Dindf.Ann.F1eokeis.

181 1821 323 1919 ὢῗὲἑίἒ
343 1817 454 1918 522043
481 1815 575 1857 ἄλλο
618 1832 654 1856 τι
691 1812 787 1857 οὔθ’
824 1816 934 1855 Suid.
967 1819 1007 1856 et
1040 1816 1163 1856 Bekk.
1199 1816 1284 1855 cod.
1316 1811 1402 1854 ἄλλ’
1443 1811 1578 1854 ὁτιοῦν
1610 1813 1764 1852 Porson

842 1968 1099 2003 ΜΕΣΣΗΝῙΑ

302 2046 361 2116 Cf.
388 2042 674 2097 Ἀνατιθεμένη
705 2042 732 2096 ἢ
765 2043 991 2096 Μεσσηνία.

805 2171 1142 2206 ΜΗΝΑΓΤΡΤΗΣ

303 2250 361 2290 Of.
391 2263 495 2302 >quae
528 2250 579 2289 ad
609 2249 855 2300 Antiphanis
887 2247 1168 2301 Μηναγύρτην
1201 2227 1482 2286 adnotavirhus
1514 2246 1555 2284 ΙΙ
1589 2248 1653 2284 74.

401 2463 517 2506 οὕτω
550 2466 714 2518 μαθεῖν
746 2462 818 2505 δεῖ
845 2461 988 2504 πάντα
1018 2459 1092 2504 καὶ
1123 2462 1319 2502 πλοῦτον
1351 2457 1522 2514 φέρειν·

400 2534 713 2590 ἀσχημοσύνης
743 2534 829 2590 γὰρ
861 2531 995 2588 γίνετ’
1034 2531 1170 2582 ἐνίοις
1202 2535 1354 2581 αἴτιος.

308 2634 506 2674 Stobaeus
537 2633 768 2684 F101·i1.94‚
803 2635 824 2672 7
861 2627 973 2686 (oum
1005 2633 1052 2670 fr.
1088 2632 1172 2670 114
1206 2623 1483 2682 coniunctum)
1517 2627 1764 2679 Μενάνδρου

188 2693 441 2762 Μηναγύρτῃ
473 2693 522 2732 A.
584 2693 633 2732 ef.
664 2706 766 2743 quae
798 2693 850 2732 ad
884 2694 967 2731 114
1001 2691 1257 2730 adnotantur.
1290 2710 1346 2716 —
1380 2701 1453 2727 scr.
1485 2686 1631 2738 πάντα,
1663 2690 1766 2737 παῖ,

186 2756 249 2794 πλ.
281 2770 339 2806 φ.,
371 2754 396 2792 i.
428 2767 461 2793 e.
494 2753 559 2792 δεῖ
583 2751 713 2792 πάντα
745 2751 1086 2802 (unumquemque)
1119 2752 1266 2801 μαθεῖν
1297 2746 1433 2801 φέρειν
1466 2746 1570 2787 οὕτω
1601 2745 1669 2786 τὸν
1701 2749 1764 2786 πλ.

937 2881 1024 2923 324

475 2966 706 3021 προπίνων
739 2965 1007 3021 Θηρικλείαν
1037 2963 1301 3018 τρικότυλον
