2014 3334
27 2268 30 2278 .

0 3023 30 3097 ’ἑὲ

0 3094 34 3147 ff?

0 3146 14 3184 z

0 3190 18 3241 ’ἑὲ.

775 254 1001 291 ΗΝΙΟΧΟΣ
1027 275 1073 282 -
1099 256 1217 291 ΘΑΙΣ
1729 253 1782 298 61

203 390 559 447 ἓπεφαρμάκευσον
577 394 625 434 Β.
669 372 1025 446 ἐπεφαρμάκευσδν
1044 392 1090 432 Ε.
1132 390 1485 446 ἐπιφαρμάκευσον
1517 393 1652 433 ceteri.
1686 406 1786 433 corr.

199 455 375 496 Lobeck,
408 449 728 509 (πεφαρμάκευσ’
757 447 809 508 ὦ)
836 456 876 493 et
901 453 1020 493 Mein.
1051 452 1276 501 ἀναλωθεὶς
1301 454 1347 493 B.
1380 452 1604 502 ἀναλωθεὶς
1625 448 1784 507 (supra-

201 529 276 557 scr.
307 511 354 570 v)
386 515 432 554 E.
464 517 530 555 vix
552 517 752 565 purgatas
789 515 913 554 denuo
941 526 980 553 es
1011 515 1240 563 fascinatas.
1273 513 1447 566 Hesych.
1498 512 1712 554 ἀναλῦσαι*
1743 512 1786 553 τὸ

199 572 474 629 βεβλαμμένον
504 572 593 614 τινὰ
625 570 678 614 δι’
714 572 870 631 ἐπῳδῆς
895 571 1126 622 ἀπαλλάξαι.
1177 569 1531 625 ‘quemadmodum
1557 571 1787 613 καταδεδέσ-

201 638 276 675 θαι
305 635 413 675 idem
444 637 506 675 est
529 635 637 687 quod
667 637 1045 687 πεφαρμακεῦσθαι,
1078 634 1134 674 sic
1165 633 1276 673 λύειν
1301 636 1343 673 et
1367 632 1557 674 ἀναλύειν
1584 636 1647 674 est
1676 646 1786 673 vene-

199 698 293 745 ficia
328 697 499 736 solvere!
562 695 735 736 Lobeck.
767 695 968 747 Aglaoph.
1003 696 1102 734 644.

947 812 1035 854 214

489 893 540 939 εὗ
572 899 686 952 ἴσθι,
717 895 838 951 κάγὼ
870 901 1003 938 τοῦτο
1036 896 1391 952 συγχωρήσομαι.

322 985 563 1024 Ammonius
597 986 620 1024 7
627 986 651 1025 6
685 981 931 1036 Μένανδρος
963 981 1005 1022 ἐν
1025 979 1156 1036 “’Ήρωι
1187 985 1265 1022 κτλ.

956 1112 1044 1154 215

324 1200 497 1240 Bekker.
529 1199 679 1240 Anecd.
715 1201 827 1239 1262
873 1197 952 1238 άπὸ
995 1203 1066 1238 τοῦ
1109 1201 1295 1250 θηλυκοῦ
1338 1204 1410 1239 τοῦ
1453 1202 1547 1247 παῖς
1584 1199 1732 1252 γίνεται
1763 1196 1789 1250 ἡ

203 1259 393 1312 παιδίσκη
418 1258 486 1300 καὶ
510 1260 556 1300 αἱ
576 1260 783 1300 παιδίσκαι
806 1264 885 1299 τῶν
910 1259 1134 1299 παιδισκῶν
1158 1257 1467 1312 περισπωμένως
1500 1257 1553 1307 ὡς
1577 1257 1791 1312 μονογενὲς

203 1316 315 1360 ττῶν
358 1320 631 1360 παιδισκῶν
675 1335 770 1360 τινι
814 1315 964 1370 δούς,’
1005 1317 1113 1372 παρὰ
1143 1321 1197 1376 τῷ
1229 1319 1461 1376 Μενάνδρῳ
1499 1318 1542 1359 ἐν
1573 1321 1627 1376 τῷ
1647 1316 1790 1372 ’Ήρωι.

203 1381 376 1421 Meinek.
406 1386 486 1420 τῶν
518 1378 561 1420 δὲ
591 1380 814 1421 παιδισκῶν
845 1394 923 1419 τινι
950 1379 956 1429 Ι
985 1379 1094 1428 δούς.

948 1509 1039 1552 216

356 1648 362 1652 ἣ
418 1590 452 1636 ὦ
486 1594 727 1649 δυστυχής,
759 1594 802 1636 εἰ
830 1593 1073 1649 μὴ·βαδιεῖ

322 1693 586 1733 Choerobosc.
611 1693 801 1732 Marcian.
834 1694 919 1733 489
955 1692 1081 1733 Gaisf.
1115 1694 1212 1741 163,
1248 1695 1298 1731 11
1345 1689 1366 1731 ὃ
1399 1691 1596 1744 δυστυχής
1628 1686 1658 1730 ὦ
1692 1691 1789 1731 δυσ-

200 1752 339 1806 τυχής,
364 1751 425 1801 ὡς
449 1751 556 1806 παρὰ
581 1755 634 1810 τῷ
661 1752 893 1810 Μενάνδρῳ
919 1751 963 1792 ἐν
988 1755 1042 1809 τῷ
1062 1749 1192 1804 ι’Ήρωι
1217 1755 1294 1792 κτλ.
1339 1752 1476 1804 βαδιεῖ
1495 1752 1789 1791 Schneidewin.

202 1813 248 1853 Gr.
279 1828 318 1866 g.
349 1813 399 1853 A.
434 1815 547 1854 1848
580 1827 619 1864 p.
653 1812 787 1864 1795]
821 1813 976 1866 βαδιῆς.
1010 1835 1066 1839 —
1100 1813 1150 1852 cf.
1188 1815 1283 1853 137.

323 1874 541 1914 Praeterea
571 1875 621 1913 cf.
652 1875 702 1912 fr.
737 1875 835 1914 879.

935 1988 1054 2023 ΘΑΙΣ

324 2067 559 2106 Athenaeus
588 2067 654 2117 13,
682 2067 766 2106 567
785 2079 805 2104 c
850 2064 1030 2118 δράματα
1061 2063 1150 2104 ἀπὸ
1184 2062 1386 2117 ἑταιρῶν
1418 2062 1503 2117 ἔσχε
1528 2062 1596 2111 τὰς
1628 2062 1791 2117 ἐπιγρα-

204 2125 286 2178 φὰς
323 2156 333 2166 .
364 2156 374 2166 .
406 2156 416 2166 .
454 2125 705 2179 Μενάνδρου
742 2125 852 2173 Θαΐς.
903 2126 952 2165 cf.
985 2139 1087 2177 quae
1121 2125 1172 2164 ad
1204 2125 1460 2164 Pherecratis
1492 2124 1689 2164 Oorianno
1722 2124 1790 2163 ad-

203 2189 398 2228 notantur
422 2187 444 2226 Ι
472 2188 567 2226 162.
589 2188 634 2233 3.,
670 2186 848 2226 Martial.
871 2187 938 2238 14,
962 2187 1044 2226 187
1067 2185 1318 2238 Μενάνδρου
1343 2185 1454 2232 Θαῒς.
1497 2186 1590 2224 haec
1612 2186 1792 2234 primuni

202 2249 386 2287 iuvenum
418 2248 582 2286 lascivos
613 2247 707 2286 lusit
736 2258 907 2286 amores:
936 2259 1007 2285 nee
1033 2245 1202 2296 Glycera
1226 2248 1356 2295 paeri,
1389 2246 1512 2284 Thais
1543 2246 1672 2285 amica
1703 2246 1789 2293 fuit.

205 2302 246 2346 Ἴ.
277 2320 310 2346 e.
348 2307 526 2358 primum
561 2306 604 2345 in
648 2308 794 2347 Scaena
837 2307 1020 2346 exhibuit
1066 2308 1107 2345 et
1155 2307 1369 2346 materiam
1420 2305 1648 2344 comoediae
1692 2304 1790 2343 fecit

204 2370 407 2406 amantem
432 2367 730 2406 adulescentem
756 2398 764 2406 .
785 2397 795 2406 .
815 2396 825 2406 .
852 2367 957 2418 quod
990 2367 1074 2407 sive
1105 2379 1247 2406 verum
1279 2368 1341 2405 est
1373 2366 1458 2405 sive
1486 2365 1613 2413 finxit,
1645 2377 1789 2415 parum

203 2427 390 2467 interest:
429 2429 536 2466 certe
567 2427 769 2466 Martialis
805 2427 848 2465 id
886 2440 927 2466 se
965 2427 1127 2466 credere
1165 2421 1372 2477 praefert?
1406 2425 1580 2464 Gronov.
1620 2423 1788 2462 Observ.

205 2487 342 2538 script.
374 2488 514 2527 eccles.
545 2501 584 2538 p.
618 2489 686 2527 28.
735 2500 816 2526 non
847 2487 1072 2526 audiendus
1105 2489 1166 2526 est
1197 2486 1385 2526 Leutsch.
1417 2485 1562 2523 Philol.
1582 2483 1657 2522 XV
1692 2484 1789 2522 625.

205 2547 390 2598 Propert.
423 2550 462 2598 2,
496 2549 535 2598 6,
568 2549 592 2587 3
627 2549 743 2587 turba
767 2548 1038 2587 Menandreae
1074 2548 1205 2596 fuerat
1240 2559 1310 2585 nec
1342 2546 1515 2585 Thaidos
1546 2545 1637 2583 olim
1668 2547 1788 2582 tanta.

205 2609 246 2646 et
278 2609 323 2659 5,
356 2609 400 2659 5,
432 2608 487 2646 42
536 2606 659 2647 Thais
693 2609 871 2656 pretiosa
913 2608 1148 2651 Menandri,
1193 2619 1280 2645 cam
1325 2607 1416 2654 ferit
1454 2607 1600 2643 astutos
1646 2605 1791 2642 comica

205 2668 361 2707 moecha
393 2667 522 2707 Getas.
572 2669 616 2706 in
646 2679 773 2707 mores
803 2670 837 2706 te
866 2671 969 2706 verte
999 2668 1096 2706 viri:
1138 2668 1174 2705 si
1205 2667 1356 2705 cantica
1393 2667 1529 2714 iactat,
1561 2665 1576 2702 i
1602 2675 1725 2702 comes
1758 2666 1792 2701 et

204 2739 312 2767 voees
348 2729 456 2767 ebria
493 2729 608 2776 iunye
644 2730 744 2766 tuas.
794 2729 940 2767 ianitor
977 2728 1030 2766 ad
1067 2727 1204 2765 dantes
1229 2726 1378 2774 viyilet:
1414 2726 1450 2763 si
1480 2724 1612 2772 pulset
1641 2724 1786 2767 inanis,

205 2789 349 2827 surdus
385 2789 428 2826 in
466 2788 670 2826 obductam
706 2789 868 2827 somniet
897 2799 1018 2835 usqae
1053 2798 1192 2825 seram.
1249 2797 1318 2823 nec
1349 2785 1419 2823 tibi
1449 2784 1650 2832 displiceat
1680 2783 1790 2821 miles

204 2859 283 2886 non
312 2849 441 2896 factas
472 2849 610 2899 amori,
640 2850 766 2886 nanta
795 2859 865 2886 nec
895 2848 1030 2886 attrita
1060 2848 1096 2885 si
1125 2847 1230 2894 ferat
1260 2856 1356 2883 aera
1386 2855 1510 2882 manu
1542 2874 1551 2882 .
1573 2874 1580 2882 .
1603 2872 1614 2882 .
1645 2855 1789 2881 aarum

131 2903 133 2905 ’
207 2910 386 2956 spectato,
417 2919 496 2946 non
520 2919 619 2955 qnae
643 2919 786 2946 manns
811 2908 968 2955 adferat
992 2917 1146 2944 awram.
1194 2916 1296 2955 quae
1329 2903 1464 2942 omnia
1495 2902 1788 2952 quodammodo

207 2979 228 3005 e
262 2967 478 3006 Menandro
509 2966 698 3007 videntur
729 2966 913 3006 derivata
944 2978 1042 3005 esse.
1087 2965 1216 3003 Varro
1249 2964 1349 3003 Non.
1382 2963 1561 3003 Marcell.
1581 2964 1607 3000 4
1640 2976 1678 3011 p.
1700 2962 1785 3000 286
