<?xml version="1.0" encoding="UTF-8"?>
<!DOCTYPE html PUBLIC "-//W3C//DTD XHTML 1.0 Transitional//EN"
    "http://www.w3.org/TR/xhtml1/DTD/xhtml1-transitional.dtd">
<html xmlns="http://www.w3.org/1999/xhtml" xml:lang="en" lang="en">
 <head>
  <title>
</title>
<meta http-equiv="Content-Type" content="text/html;charset=utf-8" />
  <meta name='ocr-system' content='tesseract 3.04.00' />
  <meta name='ocr-capabilities' content='ocr_page ocr_carea ocr_par ocr_line ocrx_word'/>
</head>
<body>
  <div class='ocr_page' id='page_1' title='image "./comicorumatticor03kockuoft_0692.png"; bbox 0 0 2014 3334; ppageno 0'>
   <div class='ocr_carea' id='block_1_1' title="bbox 281 247 1192 290">
    <p class='ocr_par' dir='ltr' id='par_1_1' title="bbox 281 247 1192 290">
     <span class='ocr_line' id='line_1_1' title="bbox 281 247 1192 290; baseline -0.011 0"><span class='ocrx_word' id='word_1_1' title='bbox 281 248 335 290; x_wconf 74' lang='lat'><em>(37</em></span> <span class='ocrx_word' id='word_1_2' title='bbox 342 249 368 289; x_wconf 79' lang='lat'>2</span> <span class='ocrx_word' id='word_1_3' title='bbox 607 249 609 254; x_wconf 79' lang='grc'>’</span> <span class='ocrx_word' id='word_1_4' title='bbox 930 247 1192 282; x_wconf 75' lang='grc' dir='ltr'><strong>ΑΔΕΣΠΟΤΑ</strong></span> 
     </span>
    </p>
   </div>
   <div class='ocr_carea' id='block_1_2' title="bbox 912 391 1216 434">
    <p class='ocr_par' dir='ltr' id='par_1_2' title="bbox 912 391 1216 434">
     <span class='ocr_line' id='line_1_2' title="bbox 912 391 1216 434; baseline 0.003 -2"><span class='ocrx_word' id='word_1_5' title='bbox 912 391 1023 433; x_wconf 82' lang='lat'><em>1536</em></span> <span class='ocrx_word' id='word_1_6' title='bbox 1036 391 1216 434; x_wconf 81' lang='lat'>—1539</span> 
     </span>
    </p>
   </div>
   <div class='ocr_carea' id='block_1_3' title="bbox 259 487 1906 2974">
    <p class='ocr_par' dir='ltr' id='par_1_3' title="bbox 282 487 1843 600">
     <span class='ocr_line' id='line_1_3' title="bbox 399 487 1843 542; baseline 0.003 -16"><span class='ocrx_word' id='word_1_7' title='bbox 399 489 948 528; x_wconf 80' lang='lat' dir='ltr'><em>Libanius1111216—-227</em></span> <span class='ocrx_word' id='word_1_8' title='bbox 983 489 1207 541; x_wconf 80' lang='grc' dir='ltr'><em>Παράσιτος</em></span> <span class='ocrx_word' id='word_1_9' title='bbox 1238 494 1308 528; x_wconf 85' lang='grc' dir='ltr'><em>τοῦ</em></span> <span class='ocrx_word' id='word_1_10' title='bbox 1340 487 1550 541; x_wconf 79' lang='grc' dir='ltr'><strong><em>τρέφοντος</em></strong></span> <span class='ocrx_word' id='word_1_11' title='bbox 1581 489 1702 529; x_wconf 82' lang='grc' dir='ltr'><em>αὐτὸν</em></span> <span class='ocrx_word' id='word_1_12' title='bbox 1733 493 1843 542; x_wconf 81' lang='grc' dir='ltr'><em>φιλο-</em></span> 
     </span>
     <span class='ocr_line' id='line_1_4' title="bbox 282 545 1017 600; baseline 0 -14"><span class='ocrx_word' id='word_1_13' title='bbox 282 547 530 598; x_wconf 82' lang='grc' dir='ltr'><em>σοφήσαντος</em></span> <span class='ocrx_word' id='word_1_14' title='bbox 561 546 701 586; x_wconf 72' lang='grc' dir='ltr'><em>ἑαυτὸν</em></span> <span class='ocrx_word' id='word_1_15' title='bbox 731 545 1017 600; x_wconf 76' lang='grc' dir='ltr'><em>προσαγγέλλει.</em></span> 
     </span>
    </p>

    <p class='ocr_par' dir='ltr' id='par_1_4' title="bbox 280 601 1874 1074">
     <span class='ocr_line' id='line_1_5' title="bbox 401 601 1851 660; baseline 0.002 -15"><span class='ocrx_word' id='word_1_16' title='bbox 401 610 498 656; x_wconf 84' lang='lat'>217,</span> <span class='ocrx_word' id='word_1_17' title='bbox 530 609 556 645; x_wconf 86' lang='lat'>4</span> <span class='ocrx_word' id='word_1_18' title='bbox 599 606 744 645; x_wconf 81' lang='grc' dir='ltr'><em>πάλαι</em></span> <span class='ocrx_word' id='word_1_19' title='bbox 774 604 857 658; x_wconf 82' lang='grc' dir='ltr'><em>μὲν</em></span> <span class='ocrx_word' id='word_1_20' title='bbox 895 601 980 646; x_wconf 90' lang='grc' dir='ltr'><em>ουν</em></span> <span class='ocrx_word' id='word_1_21' title='bbox 1019 603 1024 655; x_wconf 95' lang='grc' dir='ltr'>Ι</span> <span class='ocrx_word' id='word_1_22' title='bbox 1065 605 1235 660; x_wconf 79' lang='grc' dir='ltr'><em>ἐγέλων</em></span> <span class='ocrx_word' id='word_1_23' title='bbox 1273 606 1482 658; x_wconf 90' lang='grc' dir='ltr'><em>ἀκούων,</em></span> <span class='ocrx_word' id='word_1_24' title='bbox 1520 607 1589 647; x_wconf 79' lang='grc' dir='ltr'><em>ὅτι</em></span> <span class='ocrx_word' id='word_1_25' title='bbox 1626 607 1851 660; x_wconf 85' lang='grc' dir='ltr'><em>βούλεταί</em></span> 
     </span>
     <span class='ocr_line' id='line_1_6' title="bbox 280 658 1847 720; baseline 0.001 -16"><span class='ocrx_word' id='word_1_26' title='bbox 280 682 348 713; x_wconf 85' lang='grc' dir='ltr'><em>τις</em></span> <span class='ocrx_word' id='word_1_27' title='bbox 385 665 637 705; x_wconf 79' lang='grc' dir='ltr'><em>ἀποθανεῖν</em></span> <span class='ocrx_word' id='word_1_28' title='bbox 670 658 736 719; x_wconf 75' lang='grc' dir='ltr'><em>(θ.</em></span> <span class='ocrx_word' id='word_1_29' title='bbox 762 680 792 704; x_wconf 88' lang='grc' dir='ltr'><em>τ.</em></span> <span class='ocrx_word' id='word_1_30' title='bbox 819 662 879 719; x_wconf 90' lang='grc' dir='ltr'><em>β.)</em></span> <span class='ocrx_word' id='word_1_31' title='bbox 915 666 920 716; x_wconf 88' lang='grc' dir='ltr'>Ι</span> <span class='ocrx_word' id='word_1_32' title='bbox 953 665 1019 705; x_wconf 85' lang='grc' dir='ltr'><em>καὶ</em></span> <span class='ocrx_word' id='word_1_33' title='bbox 1056 667 1251 706; x_wconf 81' lang='grc' dir='ltr'><em>σπεύδει</em></span> <span class='ocrx_word' id='word_1_34' title='bbox 1288 663 1377 720; x_wconf 89' lang='grc' dir='ltr'><em>(σπ.</em></span> <span class='ocrx_word' id='word_1_35' title='bbox 1402 664 1464 720; x_wconf 84' lang='grc' dir='ltr'><em>τε)</em></span> <span class='ocrx_word' id='word_1_36' title='bbox 1502 668 1763 720; x_wconf 81' lang='grc' dir='ltr'><em>προλαβεῖν</em></span> <span class='ocrx_word' id='word_1_37' title='bbox 1799 667 1847 707; x_wconf 90' lang='grc' dir='ltr'><em>τὸ</em></span> 
     </span>
     <span class='ocr_line' id='line_1_7' title="bbox 280 721 1874 779; baseline 0.001 -15"><span class='ocrx_word' id='word_1_38' title='bbox 280 726 436 772; x_wconf 83' lang='grc' dir='ltr'><em>πάντως</em></span> <span class='ocrx_word' id='word_1_39' title='bbox 468 721 656 777; x_wconf 77' lang='lat' dir='ltr'>(fortasse</span> <span class='ocrx_word' id='word_1_40' title='bbox 682 721 909 779; x_wconf 87' lang='grc' dir='ltr'><em>τάσφαλῶς)</em></span> <span class='ocrx_word' id='word_1_41' title='bbox 941 724 1261 777; x_wconf 84' lang='grc' dir='ltr'><em>ἀποκείμενον</em></span> <span class='ocrx_word' id='word_1_42' title='bbox 1288 727 1366 774; x_wconf 91' lang='grc' dir='ltr'><em>Ι..</em></span> <span class='ocrx_word' id='word_1_43' title='bbox 1393 757 1402 765; x_wconf 93' lang='grc'><em>.</em></span> <span class='ocrx_word' id='word_1_44' title='bbox 1428 725 1494 765; x_wconf 87' lang='grc' dir='ltr'><em>καὶ</em></span> <span class='ocrx_word' id='word_1_45' title='bbox 1524 723 1545 765; x_wconf 81' lang='grc' dir='ltr'>ὃ</span> <span class='ocrx_word' id='word_1_46' title='bbox 1572 730 1652 774; x_wconf 87' lang='grc' dir='ltr'><em>τοῖς</em></span> <span class='ocrx_word' id='word_1_47' title='bbox 1675 726 1846 779; x_wconf 88' lang='grc' dir='ltr'><em>κακούρ-</em></span> <span class='ocrx_word' id='word_1_48' title='bbox 1870 721 1874 725; x_wconf 66' lang='grc'><strong>’</strong></span> 
     </span>
     <span class='ocr_line' id='line_1_8' title="bbox 280 782 1849 838; baseline 0.001 -15"><span class='ocrx_word' id='word_1_49' title='bbox 280 801 365 838; x_wconf 86' lang='grc' dir='ltr'><em>γοις</em></span> <span class='ocrx_word' id='word_1_50' title='bbox 391 785 445 831; x_wconf 82' lang='grc' dir='ltr'><em>εἰς</em></span> <span class='ocrx_word' id='word_1_51' title='bbox 469 785 657 836; x_wconf 84' lang='grc' dir='ltr'><em>τιμωρίαν</em></span> <span class='ocrx_word' id='word_1_52' title='bbox 688 783 860 836; x_wconf 78' lang='grc' dir='ltr'><em>ὥρισται,</em></span> <span class='ocrx_word' id='word_1_53' title='bbox 890 799 1028 824; x_wconf 91' lang='grc' dir='ltr'><em>τουτο</em></span> <span class='ocrx_word' id='word_1_54' title='bbox 1059 783 1226 835; x_wconf 80' lang='grc' dir='ltr'><em>κέρδος</em></span> <span class='ocrx_word' id='word_1_55' title='bbox 1255 782 1439 838; x_wconf 79' lang='grc' dir='ltr'><em>ἡγεῖται</em></span> <span class='ocrx_word' id='word_1_56' title='bbox 1469 786 1643 837; x_wconf 86' lang='grc' dir='ltr'><em>λαβεῖν.</em></span> <span class='ocrx_word' id='word_1_57' title='bbox 1671 786 1678 835; x_wconf 96' lang='grc' dir='ltr'>Ι</span> <span class='ocrx_word' id='word_1_58' title='bbox 1705 786 1849 825; x_wconf 80' lang='grc' dir='ltr'><em>πάλαι</em></span> 
     </span>
     <span class='ocr_line' id='line_1_9' title="bbox 281 839 1849 898; baseline 0.002 -16"><span class='ocrx_word' id='word_1_59' title='bbox 281 842 363 895; x_wconf 81' lang='grc' dir='ltr'><em>μὲν</em></span> <span class='ocrx_word' id='word_1_60' title='bbox 395 839 469 883; x_wconf 81' lang='grc' dir='ltr'><em>οὗν</em></span> <span class='ocrx_word' id='word_1_61' title='bbox 501 843 649 891; x_wconf 71' lang='grc' dir='ltr'><em>οὕτως</em></span> <span class='ocrx_word' id='word_1_62' title='bbox 673 840 796 883; x_wconf 80' lang='grc' dir='ltr'><em>ταῦτ’</em></span> <span class='ocrx_word' id='word_1_63' title='bbox 826 842 1052 891; x_wconf 79' lang='grc' dir='ltr'><em>ἐδόξαζον</em></span> <span class='ocrx_word' id='word_1_64' title='bbox 1074 842 1181 897; x_wconf 86' lang='lat' dir='ltr'><strong>(add.</strong></span> <span class='ocrx_word' id='word_1_65' title='bbox 1200 841 1349 898; x_wconf 86' lang='grc' dir='ltr'><em>πάλαι).</em></span> <span class='ocrx_word' id='word_1_66' title='bbox 1379 845 1384 894; x_wconf 97' lang='grc' dir='ltr'>Ι</span> <span class='ocrx_word' id='word_1_67' title='bbox 1411 843 1520 883; x_wconf 80' lang='grc' dir='ltr'><em>νυνὶ</em></span> <span class='ocrx_word' id='word_1_68' title='bbox 1547 842 1594 884; x_wconf 82' lang='grc' dir='ltr'><em>δὲ</em></span> <span class='ocrx_word' id='word_1_69' title='bbox 1622 842 1675 892; x_wconf 81' lang='grc' dir='ltr'><em>ὡς</em></span> <span class='ocrx_word' id='word_1_70' title='bbox 1701 844 1849 898; x_wconf 85' lang='grc' dir='ltr'><em>ε’γνων</em></span> 
     </span>
     <span class='ocr_line' id='line_1_10' title="bbox 282 899 1848 976; baseline 0.001 -34"><span class='ocrx_word' id='word_1_71' title='bbox 282 901 373 957; x_wconf 75' lang='lat' dir='ltr'>(sol.</span> <span class='ocrx_word' id='word_1_72' title='bbox 412 901 531 942; x_wconf 81' lang='grc' dir='ltr'><em>νυνδὶ</em></span> <span class='ocrx_word' id='word_1_73' title='bbox 562 901 776 976; x_wconf 83' lang='grc' dir='ltr'><em>μετέγνων,</em></span> <span class='ocrx_word' id='word_1_74' title='bbox 814 905 863 942; x_wconf 85' lang='lat' dir='ltr'><em>cf.</em></span> <span class='ocrx_word' id='word_1_75' title='bbox 888 904 1013 943; x_wconf 70' lang='lat' dir='ltr'>Arist.</span> <span class='ocrx_word' id='word_1_76' title='bbox 1039 905 1112 955; x_wconf 89' lang='lat' dir='ltr'><em>Eq.</em></span> <span class='ocrx_word' id='word_1_77' title='bbox 1142 906 1265 944; x_wconf 86' lang='lat'>1357.</span> <span class='ocrx_word' id='word_1_78' title='bbox 1316 905 1422 943; x_wconf 78' lang='lat' dir='ltr'><strong>Plut.</strong></span> <span class='ocrx_word' id='word_1_79' title='bbox 1451 899 1606 957; x_wconf 84' lang='lat'>1033),</span> <span class='ocrx_word' id='word_1_80' title='bbox 1641 901 1693 951; x_wconf 82' lang='grc' dir='ltr'><em>ὡς</em></span> <span class='ocrx_word' id='word_1_81' title='bbox 1724 899 1848 958; x_wconf 77' lang='grc' dir='ltr'><em>(εἴθε)</em></span> 
     </span>
     <span class='ocr_line' id='line_1_11' title="bbox 281 959 1802 1015; baseline 0.001 -14"><span class='ocrx_word' id='word_1_82' title='bbox 281 959 446 1014; x_wconf 87' lang='grc' dir='ltr'><em>μηποτ’</em></span> <span class='ocrx_word' id='word_1_83' title='bbox 482 960 636 1013; x_wconf 89' lang='grc' dir='ltr'><em>ωφελο</em></span> <span class='ocrx_word' id='word_1_84' title='bbox 647 978 687 1014; x_wconf 88' lang='grc' dir='ltr'><em>ν,</em></span> <span class='ocrx_word' id='word_1_85' title='bbox 715 963 721 1011; x_wconf 96' lang='grc' dir='ltr'>Ι</span> <span class='ocrx_word' id='word_1_86' title='bbox 749 962 806 1002; x_wconf 85' lang='grc' dir='ltr'><em>ότι</em></span> <span class='ocrx_word' id='word_1_87' title='bbox 831 968 946 1002; x_wconf 88' lang='grc' dir='ltr'><em>τοῦτο</em></span> <span class='ocrx_word' id='word_1_88' title='bbox 977 962 1018 1002; x_wconf 91' lang='grc' dir='ltr'><em>τὸ</em></span> <span class='ocrx_word' id='word_1_89' title='bbox 1044 969 1113 1002; x_wconf 82' lang='grc' dir='ltr'><em>τοῦ</em></span> <span class='ocrx_word' id='word_1_90' title='bbox 1138 963 1320 1003; x_wconf 83' lang='grc' dir='ltr'><em>θανάτου</em></span> <span class='ocrx_word' id='word_1_91' title='bbox 1345 963 1683 1015; x_wconf 90' lang='grc' dir='ltr'><em>περισπούδαστον</em></span> <span class='ocrx_word' id='word_1_92' title='bbox 1707 962 1802 1003; x_wconf 86' lang='grc' dir='ltr'><em>καὶ.</em></span> 
     </span>
     <span class='ocr_line' id='line_1_12' title="bbox 282 1020 447 1074; baseline 0 -13"><span class='ocrx_word' id='word_1_93' title='bbox 282 1020 447 1074; x_wconf 76' lang='grc' dir='ltr'><em>εὐτυχές.</em></span> 
     </span>
    </p>

    <p class='ocr_par' dir='ltr' id='par_1_5' title="bbox 281 1079 1852 1311">
     <span class='ocr_line' id='line_1_13' title="bbox 403 1079 1851 1135; baseline 0.001 -15"><span class='ocrx_word' id='word_1_94' title='bbox 403 1084 454 1121; x_wconf 85' lang='grc'><em>19</em></span> <span class='ocrx_word' id='word_1_95' title='bbox 489 1079 718 1132; x_wconf 82' lang='grc' dir='ltr'><em>νέμουσιν</em></span> <span class='ocrx_word' id='word_1_96' title='bbox 744 1081 791 1121; x_wconf 81' lang='grc' dir='ltr'><em>οἱ</em></span> <span class='ocrx_word' id='word_1_97' title='bbox 812 1080 921 1121; x_wconf 83' lang='grc' dir='ltr'><em>θεοὶ</em></span> <span class='ocrx_word' id='word_1_98' title='bbox 945 1080 997 1121; x_wconf 83' lang='grc' dir='ltr'><em>τὰ</em></span> <span class='ocrx_word' id='word_1_99' title='bbox 1022 1080 1176 1135; x_wconf 84' lang='grc' dir='ltr'><em>ἀγαθὰ</em></span> <span class='ocrx_word' id='word_1_100' title='bbox 1202 1085 1281 1129; x_wconf 87' lang='grc' dir='ltr'><em>τοῖς</em></span> <span class='ocrx_word' id='word_1_101' title='bbox 1312 1080 1591 1134; x_wconf 87' lang='grc' dir='ltr'><em>ἀνθρώποις</em></span> <span class='ocrx_word' id='word_1_102' title='bbox 1616 1080 1669 1133; x_wconf 87' lang='grc' dir='ltr'><em>(ν.</em></span> <span class='ocrx_word' id='word_1_103' title='bbox 1688 1079 1851 1134; x_wconf 74' lang='grc' dir='ltr'><em>ἀνθρώ-</em></span> 
     </span>
     <span class='ocr_line' id='line_1_14' title="bbox 282 1136 1851 1195; baseline 0.001 -16"><span class='ocrx_word' id='word_1_104' title='bbox 282 1152 391 1180; x_wconf 86' lang='grc' dir='ltr'><em>ποισι</em></span> <span class='ocrx_word' id='word_1_105' title='bbox 416 1138 558 1193; x_wconf 85' lang='grc' dir='ltr'><em>τάγάθ’</em></span> <span class='ocrx_word' id='word_1_106' title='bbox 594 1141 636 1179; x_wconf 84' lang='grc' dir='ltr'><em>οἵ</em></span> <span class='ocrx_word' id='word_1_107' title='bbox 656 1136 718 1194; x_wconf 86' lang='grc' dir='ltr'><em>θ.)</em></span> <span class='ocrx_word' id='word_1_108' title='bbox 749 1141 754 1190; x_wconf 91' lang='grc' dir='ltr'>Ι</span> <span class='ocrx_word' id='word_1_109' title='bbox 782 1139 942 1189; x_wconf 78' lang='grc' dir='ltr'><em>ἄλλοις</em></span> <span class='ocrx_word' id='word_1_110' title='bbox 974 1139 1088 1180; x_wconf 77' lang='grc' dir='ltr'><em>ἄλλα</em></span> <span class='ocrx_word' id='word_1_111' title='bbox 1120 1141 1333 1188; x_wconf 85' lang='grc' dir='ltr'><em>διδόντες</em></span> <span class='ocrx_word' id='word_1_112' title='bbox 1366 1137 1421 1195; x_wconf 88' lang='grc' dir='ltr'><em>(δ.</em></span> <span class='ocrx_word' id='word_1_113' title='bbox 1447 1137 1580 1194; x_wconf 46' lang='grc' dir='ltr'><em>ἄλλα)</em></span> <span class='ocrx_word' id='word_1_114' title='bbox 1611 1139 1637 1179; x_wconf 77' lang='grc' dir='ltr'>ἃ</span> <span class='ocrx_word' id='word_1_115' title='bbox 1662 1139 1755 1188; x_wconf 88' lang='grc' dir='ltr'><em>τέως</em></span> <span class='ocrx_word' id='word_1_116' title='bbox 1778 1139 1851 1192; x_wconf 82' lang='grc' dir='ltr'><em>μὲν</em></span> 
     </span>
     <span class='ocr_line' id='line_1_15' title="bbox 283 1196 1852 1255; baseline 0.001 -16"><span class='ocrx_word' id='word_1_117' title='bbox 283 1199 334 1239; x_wconf 75' lang='grc' dir='ltr'><em>ἂν</em></span> <span class='ocrx_word' id='word_1_118' title='bbox 366 1199 433 1255; x_wconf 74' lang='grc' dir='ltr'><em>ἔχῃ</em></span> <span class='ocrx_word' id='word_1_119' title='bbox 464 1215 535 1250; x_wconf 90' lang='grc' dir='ltr'><em>τις,</em></span> <span class='ocrx_word' id='word_1_120' title='bbox 566 1198 733 1252; x_wconf 83' lang='grc' dir='ltr'><em>κέρδος</em></span> <span class='ocrx_word' id='word_1_121' title='bbox 764 1199 806 1239; x_wconf 90' lang='grc' dir='ltr'><em>τὸ</em></span> <span class='ocrx_word' id='word_1_122' title='bbox 839 1202 921 1252; x_wconf 78' lang='grc' dir='ltr'><em>ζῆν</em></span> <span class='ocrx_word' id='word_1_123' title='bbox 953 1197 1078 1254; x_wconf 85' lang='grc' dir='ltr'><em>(ταῦτ’</em></span> <span class='ocrx_word' id='word_1_124' title='bbox 1113 1199 1238 1253; x_wconf 72' lang='grc' dir='ltr'><em>ἔχοντι</em></span> <span class='ocrx_word' id='word_1_125' title='bbox 1269 1199 1340 1252; x_wconf 84' lang='grc' dir='ltr'><em>μὲν</em></span> <span class='ocrx_word' id='word_1_126' title='bbox 1368 1199 1373 1254; x_wconf 89' lang='grc' dir='ltr'>Ι</span> <span class='ocrx_word' id='word_1_127' title='bbox 1401 1201 1430 1247; x_wconf 80' lang='grc' dir='ltr'><em>ζ.</em></span> <span class='ocrx_word' id='word_1_128' title='bbox 1456 1196 1526 1254; x_wconf 76' lang='grc' dir='ltr'><em>κ.),</em></span> <span class='ocrx_word' id='word_1_129' title='bbox 1557 1200 1593 1239; x_wconf 87' lang='grc' dir='ltr'><em>εἰ</em></span> <span class='ocrx_word' id='word_1_130' title='bbox 1614 1197 1648 1239; x_wconf 87' lang='grc' dir='ltr'><em>δ’</em></span> <span class='ocrx_word' id='word_1_131' title='bbox 1684 1198 1852 1251; x_wconf 80' lang='grc' dir='ltr'><em>ἐκπέσοι,</em></span> 
     </span>
     <span class='ocr_line' id='line_1_16' title="bbox 281 1258 698 1311; baseline 0 -13"><span class='ocrx_word' id='word_1_132' title='bbox 281 1258 433 1311; x_wconf 86' lang='grc' dir='ltr'><em>βέλτιον</em></span> <span class='ocrx_word' id='word_1_133' title='bbox 465 1258 698 1298; x_wconf 85' lang='grc' dir='ltr'><em>ἀποθανεῖν.</em></span> 
     </span>
    </p>

    <p class='ocr_par' dir='ltr' id='par_1_6' title="bbox 282 1314 1906 2026">
     <span class='ocr_line' id='line_1_17' title="bbox 403 1314 1852 1372; baseline 0 -14"><span class='ocrx_word' id='word_1_134' title='bbox 403 1321 500 1369; x_wconf 86' lang='grc'><em>219,</em></span> <span class='ocrx_word' id='word_1_135' title='bbox 531 1321 582 1358; x_wconf 89' lang='grc'><em>13</em></span> <span class='ocrx_word' id='word_1_136' title='bbox 615 1314 724 1358; x_wconf 83' lang='grc' dir='ltr'><em>εἶδον</em></span> <span class='ocrx_word' id='word_1_137' title='bbox 748 1318 817 1358; x_wconf 86' lang='grc' dir='ltr'><em>τὸν</em></span> <span class='ocrx_word' id='word_1_138' title='bbox 844 1319 1054 1359; x_wconf 88' lang='grc' dir='ltr'><em>νεανίσκον</em></span> <span class='ocrx_word' id='word_1_139' title='bbox 1085 1317 1250 1370; x_wconf 81' lang='grc' dir='ltr'><em>ἐκεῖνον,</em></span> <span class='ocrx_word' id='word_1_140' title='bbox 1281 1318 1330 1358; x_wconf 77' lang='grc' dir='ltr'><em>ἐκ</em></span> <span class='ocrx_word' id='word_1_141' title='bbox 1359 1318 1606 1372; x_wconf 88' lang='grc' dir='ltr'><em>προγόνων</em></span> <span class='ocrx_word' id='word_1_142' title='bbox 1637 1318 1852 1371; x_wconf 89' lang='grc' dir='ltr'><em>λαμπρόν</em></span> 
     </span>
     <span class='ocr_line' id='line_1_18' title="bbox 284 1374 1852 1431; baseline 0 -14"><span class='ocrx_word' id='word_1_143' title='bbox 284 1393 322 1418; x_wconf 89' lang='grc' dir='ltr'><em>τε</em></span> <span class='ocrx_word' id='word_1_144' title='bbox 355 1376 404 1431; x_wconf 88' lang='grc' dir='ltr'><em>(λ.</em></span> <span class='ocrx_word' id='word_1_145' title='bbox 431 1377 473 1417; x_wconf 81' lang='grc' dir='ltr'><em>ἐκ</em></span> <span class='ocrx_word' id='word_1_146' title='bbox 503 1374 587 1431; x_wconf 87' lang='grc' dir='ltr'><em>πρ.)</em></span> <span class='ocrx_word' id='word_1_147' title='bbox 618 1377 695 1417; x_wconf 86' lang='grc' dir='ltr'><em>καὶ</em></span> <span class='ocrx_word' id='word_1_148' title='bbox 726 1378 961 1418; x_wconf 91' lang='grc' dir='ltr'><em>πλούσιον</em></span> <span class='ocrx_word' id='word_1_149' title='bbox 989 1380 1031 1427; x_wconf 90' lang='grc' dir='ltr'><em>Ι.</em></span> <span class='ocrx_word' id='word_1_150' title='bbox 1093 1379 1484 1431; x_wconf 82' lang='grc' dir='ltr'><em>,φιλάνθρωπον</em></span> <span class='ocrx_word' id='word_1_151' title='bbox 1516 1376 1564 1417; x_wconf 80' lang='grc' dir='ltr'><em>δὲ</em></span> <span class='ocrx_word' id='word_1_152' title='bbox 1594 1377 1712 1431; x_wconf 90' lang='grc' dir='ltr'><em>πρὸς</em></span> <span class='ocrx_word' id='word_1_153' title='bbox 1742 1377 1852 1425; x_wconf 79' lang='grc' dir='ltr'><em>τοὺς</em></span> 
     </span>
     <span class='ocr_line' id='line_1_19' title="bbox 285 1434 1853 1493; baseline 0 -16"><span class='ocrx_word' id='word_1_154' title='bbox 285 1435 547 1488; x_wconf 84' lang='grc' dir='ltr'><em>δεομένους</em></span> <span class='ocrx_word' id='word_1_155' title='bbox 576 1437 619 1486; x_wconf 91' lang='grc' dir='ltr'><em>Ι.</em></span> <span class='ocrx_word' id='word_1_156' title='bbox 681 1437 988 1490; x_wconf 77' lang='grc' dir='ltr'><em>,φιλόγελών</em></span> <span class='ocrx_word' id='word_1_157' title='bbox 1019 1453 1058 1477; x_wconf 89' lang='grc' dir='ltr'><em>τε</em></span> <span class='ocrx_word' id='word_1_158' title='bbox 1088 1437 1166 1477; x_wconf 83' lang='grc' dir='ltr'><em>καὶ</em></span> <span class='ocrx_word' id='word_1_159' title='bbox 1193 1435 1282 1493; x_wconf 84' lang='grc' dir='ltr'><em>(καὶ</em></span> <span class='ocrx_word' id='word_1_160' title='bbox 1314 1436 1461 1491; x_wconf 85' lang='grc' dir='ltr'><em>φιλόγ.)</em></span> <span class='ocrx_word' id='word_1_161' title='bbox 1487 1437 1741 1488; x_wconf 86' lang='grc' dir='ltr'><em>φιλόπονον</em></span> <span class='ocrx_word' id='word_1_162' title='bbox 1759 1434 1853 1491; x_wconf 82' lang='lat' dir='ltr'><strong>(ser.</strong></span> 
     </span>
     <span class='ocr_line' id='line_1_20' title="bbox 283 1493 1834 1552; baseline 0 -16"><span class='ocrx_word' id='word_1_163' title='bbox 283 1493 496 1550; x_wconf 86' lang='grc' dir='ltr'><em>φίλοινον).</em></span> <span class='ocrx_word' id='word_1_164' title='bbox 563 1500 613 1536; x_wconf 88' lang='grc'><em>19</em></span> <span class='ocrx_word' id='word_1_165' title='bbox 643 1496 673 1552; x_wconf 81' lang='grc' dir='ltr'><em>ᾡ</em></span> <span class='ocrx_word' id='word_1_166' title='bbox 693 1495 759 1536; x_wconf 84' lang='grc' dir='ltr'><em>καὶ</em></span> <span class='ocrx_word' id='word_1_167' title='bbox 784 1497 922 1547; x_wconf 84' lang='grc' dir='ltr'><em>φίλος</em></span> <span class='ocrx_word' id='word_1_168' title='bbox 947 1496 1177 1550; x_wconf 81' lang='grc' dir='ltr'><em>ἐγενόμην</em></span> <span class='ocrx_word' id='word_1_169' title='bbox 1208 1496 1286 1536; x_wconf 86' lang='grc' dir='ltr'><em>καὶ</em></span> <span class='ocrx_word' id='word_1_170' title='bbox 1318 1496 1556 1548; x_wconf 78' lang='grc' dir='ltr'><em>συνήθης,</em></span> <span class='ocrx_word' id='word_1_171' title='bbox 1587 1495 1673 1536; x_wconf 81' lang='grc' dir='ltr'>κού</span> <span class='ocrx_word' id='word_1_172' title='bbox 1698 1494 1834 1549; x_wconf 88' lang='grc' dir='ltr'><em>μέχρι</em></span> 
     </span>
     <span class='ocr_line' id='line_1_21' title="bbox 282 1551 1823 1608; baseline 0 -13"><span class='ocrx_word' id='word_1_173' title='bbox 282 1556 451 1595; x_wconf 90' lang='grc' dir='ltr'><em>τούτου</em></span> <span class='ocrx_word' id='word_1_174' title='bbox 484 1551 627 1608; x_wconf 85' lang='grc' dir='ltr'><em>(μόνον</em></span> <span class='ocrx_word' id='word_1_175' title='bbox 654 1557 743 1595; x_wconf 83' lang='lat' dir='ltr'><strong>add.</strong></span> <span class='ocrx_word' id='word_1_176' title='bbox 769 1557 914 1607; x_wconf 65' lang='lat' dir='ltr'>Reisk„</span> <span class='ocrx_word' id='word_1_177' title='bbox 946 1556 1000 1608; x_wconf 84' lang='grc' dir='ltr'><em>μὰ</em></span> <span class='ocrx_word' id='word_1_178' title='bbox 1024 1556 1092 1596; x_wconf 88' lang='grc' dir='ltr'><em>τὸν</em></span> <span class='ocrx_word' id='word_1_179' title='bbox 1118 1553 1186 1596; x_wconf 83' lang='grc' dir='ltr'><em>Δί’</em></span> <span class='ocrx_word' id='word_1_180' title='bbox 1216 1554 1298 1608; x_wconf 88' lang='grc' dir='ltr'><em>Κ.),</em></span> <span class='ocrx_word' id='word_1_181' title='bbox 1323 1555 1437 1596; x_wconf 81' lang='grc' dir='ltr'><em>ἀλλὰ</em></span> <span class='ocrx_word' id='word_1_182' title='bbox 1467 1555 1545 1595; x_wconf 82' lang='grc' dir='ltr'><em>καὶ</em></span> <span class='ocrx_word' id='word_1_183' title='bbox 1577 1554 1823 1603; x_wconf 89' lang='grc' dir='ltr'><em>συνέστιος</em></span> 
     </span>
     <span class='ocr_line' id='line_1_22' title="bbox 282 1611 1906 1670; baseline 0 -16"><span class='ocrx_word' id='word_1_184' title='bbox 282 1614 362 1655; x_wconf 85' lang='grc' dir='ltr'><em>καὶ</em></span> <span class='ocrx_word' id='word_1_185' title='bbox 388 1615 630 1666; x_wconf 82' lang='grc' dir='ltr'><em>συμπότης</em></span> <span class='ocrx_word' id='word_1_186' title='bbox 660 1614 736 1654; x_wconf 83' lang='grc' dir='ltr'><em>καὶ</em></span> <span class='ocrx_word' id='word_1_187' title='bbox 767 1616 875 1667; x_wconf 88' lang='grc' dir='ltr'><em>βίον</em></span> <span class='ocrx_word' id='word_1_188' title='bbox 906 1614 1023 1667; x_wconf 92' lang='grc' dir='ltr'><em>ε’χων</em></span> <span class='ocrx_word' id='word_1_189' title='bbox 1054 1614 1319 1667; x_wconf 86' lang='grc' dir='ltr'><em>ευδαίμονα</em></span> <span class='ocrx_word' id='word_1_190' title='bbox 1342 1611 1346 1670; x_wconf 93' lang='grc' dir='ltr'>Ι</span> <span class='ocrx_word' id='word_1_191' title='bbox 1369 1648 1377 1656; x_wconf 91' lang='grc'><em>.</em></span> <span class='ocrx_word' id='word_1_192' title='bbox 1398 1645 1407 1654; x_wconf 91' lang='grc'><em>.</em></span> <span class='ocrx_word' id='word_1_193' title='bbox 1428 1645 1437 1654; x_wconf 94' lang='grc'><em>.</em></span> <span class='ocrx_word' id='word_1_194' title='bbox 1462 1614 1635 1667; x_wconf 84' lang='grc' dir='ltr'><em>πατρὸς</em></span> <span class='ocrx_word' id='word_1_195' title='bbox 1662 1614 1748 1668; x_wconf 85' lang='grc' dir='ltr'><em>γὰρ</em></span> <span class='ocrx_word' id='word_1_196' title='bbox 1774 1614 1853 1655; x_wconf 81' lang='grc' dir='ltr'><em>καὶ</em></span> <span class='ocrx_word' id='word_1_197' title='bbox 1901 1620 1906 1627; x_wconf 95' lang='grc'><em>“</em></span> 
     </span>
     <span class='ocr_line' id='line_1_23' title="bbox 283 1669 1853 1728; baseline 0 -14"><span class='ocrx_word' id='word_1_198' title='bbox 283 1674 456 1727; x_wconf 88' lang='grc' dir='ltr'><em>μητρὸς</em></span> <span class='ocrx_word' id='word_1_199' title='bbox 486 1669 543 1726; x_wconf 75' lang='grc' dir='ltr'><em>ἦν</em></span> <span class='ocrx_word' id='word_1_200' title='bbox 575 1669 647 1728; x_wconf 75' lang='grc' dir='ltr'><em>(ἦν</em></span> <span class='ocrx_word' id='word_1_201' title='bbox 666 1673 731 1713; x_wconf 86' lang='grc' dir='ltr'><em>καὶ</em></span> <span class='ocrx_word' id='word_1_202' title='bbox 751 1671 809 1727; x_wconf 88' lang='grc' dir='ltr'><em>μ.)</em></span> <span class='ocrx_word' id='word_1_203' title='bbox 840 1673 988 1722; x_wconf 79' lang='grc' dir='ltr'><em>ἐκεῖνος</em></span> <span class='ocrx_word' id='word_1_204' title='bbox 1018 1675 1120 1714; x_wconf 86' lang='grc' dir='ltr'><em>πολὺ</em></span> <span class='ocrx_word' id='word_1_205' title='bbox 1152 1674 1351 1726; x_wconf 83' lang='grc' dir='ltr'><em>φέρτερος·</em></span> <span class='ocrx_word' id='word_1_206' title='bbox 1381 1678 1387 1724; x_wconf 95' lang='grc' dir='ltr'>Ι</span> <span class='ocrx_word' id='word_1_207' title='bbox 1413 1671 1518 1727; x_wconf 79' lang='grc' dir='ltr'><em>παρ’</em></span> <span class='ocrx_word' id='word_1_208' title='bbox 1554 1674 1751 1714; x_wconf 80' lang='grc' dir='ltr'><em>ἐκείνων</em></span> <span class='ocrx_word' id='word_1_209' title='bbox 1781 1672 1853 1726; x_wconf 80' lang='grc' dir='ltr'><em>μὲν</em></span> 
     </span>
     <span class='ocr_line' id='line_1_24' title="bbox 282 1729 1853 1788; baseline 0 -15"><span class='ocrx_word' id='word_1_210' title='bbox 282 1733 368 1787; x_wconf 82' lang='grc' dir='ltr'><em>γὰρ</em></span> <span class='ocrx_word' id='word_1_211' title='bbox 407 1731 493 1788; x_wconf 85' lang='grc' dir='ltr'><em>(καὶ</em></span> <span class='ocrx_word' id='word_1_212' title='bbox 529 1732 604 1786; x_wconf 82' lang='grc' dir='ltr'><em>γὰρ</em></span> <span class='ocrx_word' id='word_1_213' title='bbox 642 1730 734 1786; x_wconf 81' lang='grc' dir='ltr'><em>παρ’</em></span> <span class='ocrx_word' id='word_1_214' title='bbox 771 1729 844 1787; x_wconf 81' lang='grc' dir='ltr'><em>ἐκ.)</em></span> <span class='ocrx_word' id='word_1_215' title='bbox 883 1733 1027 1774; x_wconf 82' lang='grc' dir='ltr'><em>οὐδὲν</em></span> <span class='ocrx_word' id='word_1_216' title='bbox 1064 1734 1200 1786; x_wconf 73' lang='grc' dir='ltr'><em>ἔσχον</em></span> <span class='ocrx_word' id='word_1_217' title='bbox 1238 1734 1344 1784; x_wconf 82' lang='lat' dir='ltr'>(add.</span> <span class='ocrx_word' id='word_1_218' title='bbox 1375 1729 1457 1788; x_wconf 87' lang='grc' dir='ltr'><em>πω)</em></span> <span class='ocrx_word' id='word_1_219' title='bbox 1495 1733 1673 1786; x_wconf 85' lang='grc' dir='ltr'><em>λαβών,</em></span> <span class='ocrx_word' id='word_1_220' title='bbox 1706 1732 1713 1786; x_wconf 92' lang='grc' dir='ltr'>Ι</span> <span class='ocrx_word' id='word_1_221' title='bbox 1746 1731 1768 1773; x_wconf 84' lang='grc' dir='ltr'><em>ὅ</em></span> <span class='ocrx_word' id='word_1_222' title='bbox 1806 1731 1853 1774; x_wconf 81' lang='grc' dir='ltr'><em>δὲ</em></span> 
     </span>
     <span class='ocr_line' id='line_1_25' title="bbox 283 1789 1849 1847; baseline -0.001 -14"><span class='ocrx_word' id='word_1_223' title='bbox 283 1792 397 1833; x_wconf 85' lang='grc' dir='ltr'><em>κοινὰ</em></span> <span class='ocrx_word' id='word_1_224' title='bbox 440 1792 492 1832; x_wconf 84' lang='grc' dir='ltr'><em>τὰ</em></span> <span class='ocrx_word' id='word_1_225' title='bbox 534 1790 640 1845; x_wconf 84' lang='grc' dir='ltr'><em>παρ’</em></span> <span class='ocrx_word' id='word_1_226' title='bbox 687 1792 834 1832; x_wconf 79' lang='grc' dir='ltr'><em>αὑτοῦ</em></span> <span class='ocrx_word' id='word_1_227' title='bbox 876 1793 1133 1847; x_wconf 81' lang='grc' dir='ltr'><em>προύτίθει</em></span> <span class='ocrx_word' id='word_1_228' title='bbox 1176 1800 1266 1833; x_wconf 92' lang='grc' dir='ltr'><em>τῶν</em></span> <span class='ocrx_word' id='word_1_229' title='bbox 1295 1791 1486 1845; x_wconf 74' lang='grc' dir='ltr'><em>ἡδονῶν</em></span> <span class='ocrx_word' id='word_1_230' title='bbox 1525 1791 1713 1846; x_wconf 74' lang='lat' dir='ltr'>(fortasse</span> <span class='ocrx_word' id='word_1_231' title='bbox 1753 1789 1849 1832; x_wconf 87' lang='grc' dir='ltr'><em>καθ’</em></span> 
     </span>
     <span class='ocr_line' id='line_1_26' title="bbox 283 1848 1853 1906; baseline 0 -14"><span class='ocrx_word' id='word_1_232' title='bbox 283 1851 467 1904; x_wconf 83' lang='grc' dir='ltr'><em>ηδονήν).</em></span> <span class='ocrx_word' id='word_1_233' title='bbox 509 1852 514 1902; x_wconf 93' lang='grc' dir='ltr'>Ι</span> <span class='ocrx_word' id='word_1_234' title='bbox 555 1850 698 1892; x_wconf 80' lang='grc' dir='ltr'><em>οὐδὲν</em></span> <span class='ocrx_word' id='word_1_235' title='bbox 736 1848 840 1904; x_wconf 84' lang='grc' dir='ltr'><em>εἶχον</em></span> <span class='ocrx_word' id='word_1_236' title='bbox 877 1853 1092 1905; x_wconf 87' lang='grc' dir='ltr'><em>λυπηρόν</em></span> <span class='ocrx_word' id='word_1_237' title='bbox 1130 1849 1179 1906; x_wconf 86' lang='grc' dir='ltr'><em>(λ</em></span> <span class='ocrx_word' id='word_1_238' title='bbox 1207 1849 1365 1906; x_wconf 81' lang='grc' dir='ltr'><em>οὐδέν),</em></span> <span class='ocrx_word' id='word_1_239' title='bbox 1403 1850 1546 1893; x_wconf 77' lang='grc' dir='ltr'><em>οὐδὲν</em></span> <span class='ocrx_word' id='word_1_240' title='bbox 1583 1852 1723 1906; x_wconf 87' lang='grc' dir='ltr'><em>ε’ργον</em></span> <span class='ocrx_word' id='word_1_241' title='bbox 1753 1851 1853 1892; x_wconf 76' lang='grc' dir='ltr'><em>ἐπί·</em></span> 
     </span>
     <span class='ocr_line' id='line_1_27' title="bbox 282 1908 1850 1968; baseline 0 -17"><span class='ocrx_word' id='word_1_242' title='bbox 282 1927 454 1963; x_wconf 88' lang='grc' dir='ltr'><em>πονον,</em></span> <span class='ocrx_word' id='word_1_243' title='bbox 481 1914 578 1964; x_wconf 86' lang='grc'><em>220,</em></span> <span class='ocrx_word' id='word_1_244' title='bbox 598 1914 624 1951; x_wconf 87' lang='grc'>4</span> <span class='ocrx_word' id='word_1_245' title='bbox 656 1911 735 1951; x_wconf 84' lang='grc' dir='ltr'><em>καὶ</em></span> <span class='ocrx_word' id='word_1_246' title='bbox 766 1911 965 1965; x_wconf 84' lang='grc' dir='ltr'><em>φροντὶς</em></span> <span class='ocrx_word' id='word_1_247' title='bbox 996 1911 1134 1968; x_wconf 78' lang='grc' dir='ltr'><em>ἑτέρῳ</em></span> <span class='ocrx_word' id='word_1_248' title='bbox 1160 1914 1211 1964; x_wconf 76' lang='grc' dir='ltr'><em>ην</em></span> <span class='ocrx_word' id='word_1_249' title='bbox 1236 1918 1318 1964; x_wconf 83' lang='grc' dir='ltr'><em>τῆς</em></span> <span class='ocrx_word' id='word_1_250' title='bbox 1347 1909 1454 1952; x_wconf 86' lang='grc' dir='ltr'><em>καθ’</em></span> <span class='ocrx_word' id='word_1_251' title='bbox 1489 1909 1611 1964; x_wconf 79' lang='grc' dir='ltr'><em>ἡμᾶς</em></span> <span class='ocrx_word' id='word_1_252' title='bbox 1643 1908 1732 1966; x_wconf 83' lang='lat' dir='ltr'>(sor.</span> <span class='ocrx_word' id='word_1_253' title='bbox 1754 1908 1850 1951; x_wconf 83' lang='grc' dir='ltr'><em>καθ’</em></span> 
     </span>
     <span class='ocr_line' id='line_1_28' title="bbox 283 1967 679 2026; baseline -0.003 -3"><span class='ocrx_word' id='word_1_254' title='bbox 283 1967 453 2026; x_wconf 73' lang='grc' dir='ltr'><em>ἡμέραν)</em></span> <span class='ocrx_word' id='word_1_255' title='bbox 485 1977 679 2023; x_wconf 70' lang='grc' dir='ltr'><em>τροφῆς·</em></span> 
     </span>
    </p>

    <p class='ocr_par' dir='ltr' id='par_1_7' title="bbox 259 2026 1854 2857">
     <span class='ocr_line' id='line_1_29' title="bbox 403 2026 1854 2086; baseline 0.001 -17"><span class='ocrx_word' id='word_1_256' title='bbox 403 2026 594 2086; x_wconf 74' lang='lat' dir='ltr'>(fortasse</span> <span class='ocrx_word' id='word_1_257' title='bbox 621 2032 709 2070; x_wconf 83' lang='lat' dir='ltr'>add.</span> <span class='ocrx_word' id='word_1_258' title='bbox 736 2030 876 2081; x_wconf 74' lang='grc' dir='ltr'><em>οὕτως)</em></span> <span class='ocrx_word' id='word_1_259' title='bbox 909 2030 1194 2082; x_wconf 81' lang='grc' dir='ltr'><em>ἐπλούτουν,</em></span> <span class='ocrx_word' id='word_1_260' title='bbox 1227 2029 1369 2071; x_wconf 77' lang='grc' dir='ltr'><em>οὐδὲν</em></span> <span class='ocrx_word' id='word_1_261' title='bbox 1399 2029 1686 2083; x_wconf 80' lang='grc' dir='ltr'><em>κεκτημένος</em></span> <span class='ocrx_word' id='word_1_262' title='bbox 1718 2026 1854 2083; x_wconf 78' lang='grc' dir='ltr'><em>(αὐτὸς</em></span> 
     </span>
     <span class='ocr_line' id='line_1_30' title="bbox 285 2086 1854 2144; baseline -0.001 -14"><span class='ocrx_word' id='word_1_263' title='bbox 285 2090 333 2130; x_wconf 83' lang='grc' dir='ltr'><em>οὐ</em></span> <span class='ocrx_word' id='word_1_264' title='bbox 364 2105 463 2131; x_wconf 87' lang='grc' dir='ltr'><em>κεκτ.</em></span> <span class='ocrx_word' id='word_1_265' title='bbox 490 2092 496 2139; x_wconf 98' lang='grc' dir='ltr'>Ι</span> <span class='ocrx_word' id='word_1_266' title='bbox 525 2086 684 2144; x_wconf 80' lang='grc' dir='ltr'><em>οὐδέν)·</em></span> <span class='ocrx_word' id='word_1_267' title='bbox 722 2089 903 2142; x_wconf 77' lang='grc' dir='ltr'><em>ἐτρύφων</em></span> <span class='ocrx_word' id='word_1_268' title='bbox 935 2089 1054 2130; x_wconf 79' lang='grc' dir='ltr'><em>οὐδὲν</em></span> <span class='ocrx_word' id='word_1_269' title='bbox 1085 2089 1325 2130; x_wconf 85' lang='grc' dir='ltr'><em>ἀναλίσκων·</em></span> <span class='ocrx_word' id='word_1_270' title='bbox 1363 2090 1520 2142; x_wconf 73' lang='grc' dir='ltr'><em>ἔπινον,</em></span> <span class='ocrx_word' id='word_1_271' title='bbox 1551 2089 1742 2142; x_wconf 82' lang='grc' dir='ltr'><em>ἐμέθυον·</em></span> <span class='ocrx_word' id='word_1_272' title='bbox 1770 2090 1776 2139; x_wconf 97' lang='grc' dir='ltr'>Ι</span> <span class='ocrx_word' id='word_1_273' title='bbox 1803 2089 1854 2129; x_wconf 78' lang='grc' dir='ltr'><em>ἐν</em></span> 
     </span>
     <span class='ocr_line' id='line_1_31' title="bbox 284 2145 1848 2203; baseline -0.001 -14"><span class='ocrx_word' id='word_1_274' title='bbox 284 2150 452 2203; x_wconf 88' lang='grc' dir='ltr'><em>μύροις</em></span> <span class='ocrx_word' id='word_1_275' title='bbox 482 2147 590 2201; x_wconf 68' lang='grc' dir='ltr'><em>’ἥμην</em></span> <span class='ocrx_word' id='word_1_276' title='bbox 622 2145 693 2202; x_wconf 75' lang='grc' dir='ltr'><em>(ἦν</em></span> <span class='ocrx_word' id='word_1_277' title='bbox 720 2152 785 2190; x_wconf 79' lang='lat' dir='ltr'><em>vel</em></span> <span class='ocrx_word' id='word_1_278' title='bbox 810 2149 867 2189; x_wconf 79' lang='grc' dir='ltr'><em>ὢν</em></span> <span class='ocrx_word' id='word_1_279' title='bbox 891 2147 924 2188; x_wconf 82' lang='grc' dir='ltr'><em>τ’</em></span> <span class='ocrx_word' id='word_1_280' title='bbox 957 2149 999 2189; x_wconf 79' lang='grc' dir='ltr'><em>ἐν</em></span> <span class='ocrx_word' id='word_1_281' title='bbox 1025 2150 1199 2203; x_wconf 88' lang='grc' dir='ltr'><em>μύροισι)</em></span> <span class='ocrx_word' id='word_1_282' title='bbox 1231 2149 1310 2189; x_wconf 81' lang='grc' dir='ltr'><em>καὶ</em></span> <span class='ocrx_word' id='word_1_283' title='bbox 1338 2149 1501 2197; x_wconf 89' lang='grc' dir='ltr'><em>πότοις</em></span> <span class='ocrx_word' id='word_1_284' title='bbox 1531 2145 1848 2203; x_wconf 81' lang='grc' dir='ltr'><em>κώρχήμασινΙ</em></span> 
     </span>
     <span class='ocr_line' id='line_1_32' title="bbox 284 2206 1852 2263; baseline 0 -15"><span class='ocrx_word' id='word_1_285' title='bbox 284 2209 349 2248; x_wconf 84' lang='grc' dir='ltr'><em>καὶ</em></span> <span class='ocrx_word' id='word_1_286' title='bbox 380 2210 533 2248; x_wconf 81' lang='grc' dir='ltr'><em>πάντα</em></span> <span class='ocrx_word' id='word_1_287' title='bbox 565 2208 917 2262; x_wconf 83' lang='grc' dir='ltr'><em>έπανηγύριζον</em></span> <span class='ocrx_word' id='word_1_288' title='bbox 957 2206 1034 2263; x_wconf 80' lang='grc' dir='ltr'><em>(ἐπ.</em></span> <span class='ocrx_word' id='word_1_289' title='bbox 1065 2208 1211 2262; x_wconf 86' lang='grc' dir='ltr'><em>πάντα)</em></span> <span class='ocrx_word' id='word_1_290' title='bbox 1249 2209 1329 2249; x_wconf 84' lang='grc' dir='ltr'><em>τὸν</em></span> <span class='ocrx_word' id='word_1_291' title='bbox 1367 2208 1575 2261; x_wconf 79' lang='grc' dir='ltr'><em>ἐμαυτοῦ</em></span> <span class='ocrx_word' id='word_1_292' title='bbox 1607 2209 1724 2261; x_wconf 88' lang='grc' dir='ltr'><em>βίον.</em></span> <span class='ocrx_word' id='word_1_293' title='bbox 1758 2206 1764 2259; x_wconf 98' lang='grc' dir='ltr'>Ι</span> <span class='ocrx_word' id='word_1_294' title='bbox 1798 2207 1852 2248; x_wconf 83' lang='grc' dir='ltr'><em>ού</em></span> 
     </span>
     <span class='ocr_line' id='line_1_33' title="bbox 283 2265 1853 2323; baseline -0.001 -15"><span class='ocrx_word' id='word_1_295' title='bbox 283 2275 372 2308; x_wconf 90' lang='grc' dir='ltr'><em>τῶν</em></span> <span class='ocrx_word' id='word_1_296' title='bbox 404 2266 470 2308; x_wconf 82' lang='grc' dir='ltr'><em>ἐπ’</em></span> <span class='ocrx_word' id='word_1_297' title='bbox 512 2267 688 2321; x_wconf 83' lang='grc' dir='ltr'><em>ἀγορᾶς</em></span> <span class='ocrx_word' id='word_1_298' title='bbox 724 2266 832 2320; x_wconf 66' lang='grc' dir='ltr'><em>’ἥμην</em></span> <span class='ocrx_word' id='word_1_299' title='bbox 863 2298 872 2308; x_wconf 92' lang='grc'><em>.</em></span> <span class='ocrx_word' id='word_1_300' title='bbox 907 2299 913 2307; x_wconf 95' lang='grc'><em>.</em></span> <span class='ocrx_word' id='word_1_301' title='bbox 947 2301 955 2308; x_wconf 94' lang='grc'><em>.</em></span> <span class='ocrx_word' id='word_1_302' title='bbox 989 2268 1043 2308; x_wconf 81' lang='grc' dir='ltr'><em>οὐ</em></span> <span class='ocrx_word' id='word_1_303' title='bbox 1076 2265 1209 2323; x_wconf 80' lang='grc' dir='ltr'><em>(οὐδὲ)</em></span> <span class='ocrx_word' id='word_1_304' title='bbox 1246 2275 1336 2309; x_wconf 89' lang='grc' dir='ltr'><em>τῶν</em></span> <span class='ocrx_word' id='word_1_305' title='bbox 1374 2267 1450 2308; x_wconf 80' lang='grc' dir='ltr'><em>ἐπὶ</em></span> <span class='ocrx_word' id='word_1_306' title='bbox 1487 2268 1697 2321; x_wconf 80' lang='grc' dir='ltr'><em>βήματος</em></span> <span class='ocrx_word' id='word_1_307' title='bbox 1724 2270 1730 2318; x_wconf 93' lang='grc' dir='ltr'>Ι</span> <span class='ocrx_word' id='word_1_308' title='bbox 1757 2266 1853 2307; x_wconf 77' lang='grc' dir='ltr'><em>ἑτέ-</em></span> 
     </span>
     <span class='ocr_line' id='line_1_34' title="bbox 285 2326 1852 2382; baseline -0.001 -14"><span class='ocrx_word' id='word_1_309' title='bbox 285 2344 369 2382; x_wconf 85' lang='grc' dir='ltr'><em>ροις</em></span> <span class='ocrx_word' id='word_1_310' title='bbox 400 2328 607 2381; x_wconf 79' lang='grc' dir='ltr'><em>πράγματα</em></span> <span class='ocrx_word' id='word_1_311' title='bbox 638 2328 888 2382; x_wconf 85' lang='grc' dir='ltr'><em>παρεχόντων</em></span> <span class='ocrx_word' id='word_1_312' title='bbox 928 2326 1003 2374; x_wconf 81' lang='lat' dir='ltr'>(sic</span> <span class='ocrx_word' id='word_1_313' title='bbox 1034 2330 1167 2368; x_wconf 82' lang='lat' dir='ltr'>Reisk.</span> <span class='ocrx_word' id='word_1_314' title='bbox 1198 2342 1270 2378; x_wconf 89' lang='lat' dir='ltr'><em>pro</em></span> <span class='ocrx_word' id='word_1_315' title='bbox 1301 2326 1494 2380; x_wconf 81' lang='grc' dir='ltr'><em>παρέχων,</em></span> <span class='ocrx_word' id='word_1_316' title='bbox 1526 2327 1575 2367; x_wconf 76' lang='grc' dir='ltr'><em>ἔτ.</em></span> <span class='ocrx_word' id='word_1_317' title='bbox 1606 2341 1696 2380; x_wconf 89' lang='grc' dir='ltr'><em>παρ.</em></span> <span class='ocrx_word' id='word_1_318' title='bbox 1727 2327 1852 2380; x_wconf 80' lang='grc' dir='ltr'><em>πράγ-</em></span> 
     </span>
     <span class='ocr_line' id='line_1_35' title="bbox 285 2382 1851 2442; baseline 0 -16"><span class='ocrx_word' id='word_1_319' title='bbox 285 2386 413 2440; x_wconf 89' lang='grc' dir='ltr'><em>ματ’)·</em></span> <span class='ocrx_word' id='word_1_320' title='bbox 431 2384 435 2442; x_wconf 91' lang='grc' dir='ltr'>Ι</span> <span class='ocrx_word' id='word_1_321' title='bbox 453 2387 507 2427; x_wconf 83' lang='grc' dir='ltr'><em>ού</em></span> <span class='ocrx_word' id='word_1_322' title='bbox 527 2393 615 2426; x_wconf 91' lang='grc' dir='ltr'><em>τῶν</em></span> <span class='ocrx_word' id='word_1_323' title='bbox 635 2393 874 2440; x_wconf 84' lang='grc' dir='ltr'><em>γεωργῶν,</em></span> <span class='ocrx_word' id='word_1_324' title='bbox 895 2383 966 2435; x_wconf 78' lang='grc' dir='ltr'><em>οἷς</em></span> <span class='ocrx_word' id='word_1_325' title='bbox 986 2384 1149 2442; x_wconf 80' lang='grc' dir='ltr'><em>(οἷσιν)</em></span> <span class='ocrx_word' id='word_1_326' title='bbox 1170 2387 1218 2427; x_wconf 78' lang='grc' dir='ltr'><em>ἐν</em></span> <span class='ocrx_word' id='word_1_327' title='bbox 1236 2386 1405 2434; x_wconf 89' lang='grc' dir='ltr'><em>πόνοις</em></span> <span class='ocrx_word' id='word_1_328' title='bbox 1425 2385 1445 2426; x_wconf 86' lang='grc' dir='ltr'><em>ὃ</em></span> <span class='ocrx_word' id='word_1_329' title='bbox 1465 2383 1577 2441; x_wconf 85' lang='lat' dir='ltr'>(om.)</span> <span class='ocrx_word' id='word_1_330' title='bbox 1598 2387 1719 2439; x_wconf 89' lang='grc' dir='ltr'><em>βίος·</em></span> <span class='ocrx_word' id='word_1_331' title='bbox 1743 2382 1748 2442; x_wconf 93' lang='grc' dir='ltr'>Ι</span> <span class='ocrx_word' id='word_1_332' title='bbox 1766 2385 1851 2426; x_wconf 81' lang='grc' dir='ltr'><em>οὐκ</em></span> 
     </span>
     <span class='ocr_line' id='line_1_36' title="bbox 286 2445 1851 2500; baseline -0.001 -14"><span class='ocrx_word' id='word_1_333' title='bbox 286 2447 489 2499; x_wconf 75' lang='grc' dir='ltr'><em>ἔμπορος</em></span> <span class='ocrx_word' id='word_1_334' title='bbox 516 2446 706 2500; x_wconf 80' lang='grc' dir='ltr'><em>ἐγενόμην</em></span> <span class='ocrx_word' id='word_1_335' title='bbox 731 2453 820 2486; x_wconf 90' lang='grc' dir='ltr'><em>τῶν</em></span> <span class='ocrx_word' id='word_1_336' title='bbox 844 2445 1086 2487; x_wconf 87' lang='grc' dir='ltr'><em>πλέοντων</em></span> <span class='ocrx_word' id='word_1_337' title='bbox 1111 2445 1195 2498; x_wconf 83' lang='grc' dir='ltr'><em>τὴν</em></span> <span class='ocrx_word' id='word_1_338' title='bbox 1220 2447 1462 2486; x_wconf 82' lang='grc' dir='ltr'><em>θάλατταν</em></span> <span class='ocrx_word' id='word_1_339' title='bbox 1482 2446 1548 2496; x_wconf 85' lang='grc' dir='ltr'><em>(ού</em></span> <span class='ocrx_word' id='word_1_340' title='bbox 1567 2452 1645 2486; x_wconf 85' lang='grc' dir='ltr'><em>τῶν</em></span> <span class='ocrx_word' id='word_1_341' title='bbox 1664 2449 1726 2485; x_wconf 89' lang='grc' dir='ltr'><em>πλ.</em></span> <span class='ocrx_word' id='word_1_342' title='bbox 1751 2461 1780 2485; x_wconf 86' lang='grc' dir='ltr'><em>τ.</em></span> <span class='ocrx_word' id='word_1_343' title='bbox 1807 2450 1851 2485; x_wconf 87' lang='grc' dir='ltr'><em>θ.</em></span> 
     </span>
     <span class='ocr_line' id='line_1_37' title="bbox 259 2502 1852 2559; baseline -0.001 -14"><span class='ocrx_word' id='word_1_344' title='bbox 259 2503 505 2559; x_wconf 82' lang='grc' dir='ltr'><em>-ἐμπόρων)·</em></span> <span class='ocrx_word' id='word_1_345' title='bbox 545 2507 551 2556; x_wconf 86' lang='grc' dir='ltr'>Ι</span> <span class='ocrx_word' id='word_1_346' title='bbox 590 2506 700 2554; x_wconf 83' lang='grc' dir='ltr'><em>τοὺς</em></span> <span class='ocrx_word' id='word_1_347' title='bbox 742 2505 936 2558; x_wconf 87' lang='grc' dir='ltr'><em>λιμένας</em></span> <span class='ocrx_word' id='word_1_348' title='bbox 977 2502 1127 2557; x_wconf 83' lang='grc' dir='ltr'><em>εἶδον,</em></span> <span class='ocrx_word' id='word_1_349' title='bbox 1168 2504 1300 2558; x_wconf 89' lang='grc' dir='ltr'><em>μέχρι</em></span> <span class='ocrx_word' id='word_1_350' title='bbox 1342 2512 1431 2545; x_wconf 87' lang='grc' dir='ltr'><em>τῶν</em></span> <span class='ocrx_word' id='word_1_351' title='bbox 1477 2506 1660 2558; x_wconf 87' lang='grc' dir='ltr'><em>ἰχθύων</em></span> <span class='ocrx_word' id='word_1_352' title='bbox 1703 2505 1852 2556; x_wconf 88' lang='grc' dir='ltr'><em>μόνον</em></span> 
     </span>
     <span class='ocr_line' id='line_1_38' title="bbox 286 2560 1851 2620; baseline -0.001 -15"><span class='ocrx_word' id='word_1_353' title='bbox 286 2563 429 2620; x_wconf 88' lang='grc' dir='ltr'><em>(μόνον</em></span> <span class='ocrx_word' id='word_1_354' title='bbox 460 2581 488 2605; x_wconf 93' lang='grc' dir='ltr'><em>τ.</em></span> <span class='ocrx_word' id='word_1_355' title='bbox 523 2565 638 2618; x_wconf 86' lang='grc' dir='ltr'><em>ἰχθ.)·</em></span> <span class='ocrx_word' id='word_1_356' title='bbox 676 2564 730 2606; x_wconf 81' lang='grc' dir='ltr'><em>οὐ</em></span> <span class='ocrx_word' id='word_1_357' title='bbox 763 2565 1047 2618; x_wconf 88' lang='grc' dir='ltr'><em>στρατιώτης</em></span> <span class='ocrx_word' id='word_1_358' title='bbox 1078 2561 1136 2617; x_wconf 79' lang='grc' dir='ltr'><em>ἦν</em></span> <span class='ocrx_word' id='word_1_359' title='bbox 1169 2563 1262 2615; x_wconf 84' lang='grc' dir='ltr'><em>(οὐκ</em></span> <span class='ocrx_word' id='word_1_360' title='bbox 1299 2560 1352 2617; x_wconf 80' lang='grc' dir='ltr'><em>ἧν</em></span> <span class='ocrx_word' id='word_1_361' title='bbox 1383 2563 1500 2618; x_wconf 88' lang='grc' dir='ltr'><em>στρ.),</em></span> <span class='ocrx_word' id='word_1_362' title='bbox 1531 2571 1721 2618; x_wconf 83' lang='grc' dir='ltr'><em>πρᾶγμα</em></span> <span class='ocrx_word' id='word_1_363' title='bbox 1749 2579 1851 2604; x_wconf 82' lang='grc' dir='ltr'><em>κιν-</em></span> 
     </span>
     <span class='ocr_line' id='line_1_39' title="bbox 286 2620 1852 2733; baseline -0.001 -69"><span class='ocrx_word' id='word_1_364' title='bbox 286 2626 442 2665; x_wconf 89' lang='grc' dir='ltr'><em>δύνων</em></span> <span class='ocrx_word' id='word_1_365' title='bbox 482 2624 621 2676; x_wconf 89' lang='grc' dir='ltr'><em>μεστὸν</em></span> <span class='ocrx_word' id='word_1_366' title='bbox 658 2620 824 2679; x_wconf 86' lang='grc' dir='ltr'><em>(πλέων)</em></span> <span class='ocrx_word' id='word_1_367' title='bbox 859 2624 864 2674; x_wconf 97' lang='grc' dir='ltr'>Ι</span> <span class='ocrx_word' id='word_1_368' title='bbox 896 2624 962 2664; x_wconf 82' lang='grc' dir='ltr'><em>καὶ</em></span> <span class='ocrx_word' id='word_1_369' title='bbox 994 2625 1120 2677; x_wconf 80' lang='grc' dir='ltr'><em>ξιφῶν</em></span> <span class='ocrx_word' id='word_1_370' title='bbox 1145 2620 1212 2679; x_wconf 62' lang='grc' dir='ltr'><em>(ἱ)</em></span> <span class='ocrx_word' id='word_1_371' title='bbox 1261 2621 1343 2664; x_wconf 85' lang='grc' dir='ltr'><em>ἀλλ’</em></span> <span class='ocrx_word' id='word_1_372' title='bbox 1374 2624 1626 2733; x_wconf 74' lang='grc' dir='ltr'><em>Ιεὐδαίμων</em></span> <span class='ocrx_word' id='word_1_373' title='bbox 1662 2622 1852 2676; x_wconf 51' lang='lat' dir='ltr'><em>&amp;vogun-</em></span> 
     </span>
     <span class='ocr_line' id='line_1_40' title="bbox 283 2679 1852 2740; baseline -0.001 -16"><span class='ocrx_word' id='word_1_374' title='bbox 283 2699 388 2735; x_wconf 89' lang='grc' dir='ltr'><em>πος,</em></span> <span class='ocrx_word' id='word_1_375' title='bbox 415 2681 651 2740; x_wconf 81' lang='grc' dir='ltr'><em>ραθυμος,</em></span> <span class='ocrx_word' id='word_1_376' title='bbox 674 2679 854 2737; x_wconf 90' lang='grc' dir='ltr'><em>(ανθρ.</em></span> <span class='ocrx_word' id='word_1_377' title='bbox 831 2700 882 2736; x_wconf 86' lang='grc' dir='ltr'><em>ην</em></span> <span class='ocrx_word' id='word_1_378' title='bbox 902 2700 950 2737; x_wconf 90' lang='grc' dir='ltr'><em>ρ.,</em></span> <span class='ocrx_word' id='word_1_379' title='bbox 970 2684 1066 2735; x_wconf 81' lang='grc' dir='ltr'><em>εύδ.,</em></span> <span class='ocrx_word' id='word_1_380' title='bbox 1085 2685 1174 2724; x_wconf 82' lang='lat' dir='ltr'><strong>add.</strong></span> <span class='ocrx_word' id='word_1_381' title='bbox 1193 2680 1379 2737; x_wconf 78' lang='grc' dir='ltr'><em>ὑγρός),Ι</em></span> <span class='ocrx_word' id='word_1_382' title='bbox 1407 2682 1567 2737; x_wconf 86' lang='grc' dir='ltr'><em>ἀργός,</em></span> <span class='ocrx_word' id='word_1_383' title='bbox 1592 2682 1852 2736; x_wconf 81' lang='grc' dir='ltr'><em>παράσιτος</em></span> 
     </span>
     <span class='ocr_line' id='line_1_41' title="bbox 284 2739 1847 2798; baseline 0 -16"><span class='ocrx_word' id='word_1_384' title='bbox 284 2750 421 2784; x_wconf 82' lang='grc' dir='ltr'><em>τοῦτο</em></span> <span class='ocrx_word' id='word_1_385' title='bbox 461 2742 515 2794; x_wconf 85' lang='grc' dir='ltr'><em>δὴ</em></span> <span class='ocrx_word' id='word_1_386' title='bbox 548 2743 596 2783; x_wconf 89' lang='grc' dir='ltr'><em>τὸ</em></span> <span class='ocrx_word' id='word_1_387' title='bbox 634 2743 859 2794; x_wconf 86' lang='grc' dir='ltr'><em>φίλτατον</em></span> <span class='ocrx_word' id='word_1_388' title='bbox 893 2741 897 2797; x_wconf 96' lang='grc' dir='ltr'>Ι</span> <span class='ocrx_word' id='word_1_389' title='bbox 932 2743 1035 2794; x_wconf 82' lang='grc' dir='ltr'><em>ἐμοὶ</em></span> <span class='ocrx_word' id='word_1_390' title='bbox 1065 2741 1136 2795; x_wconf 81' lang='grc' dir='ltr'><em>μὲν</em></span> <span class='ocrx_word' id='word_1_391' title='bbox 1174 2739 1340 2798; x_wconf 77' lang='grc' dir='ltr'><em>(ἔμοιγ’)</em></span> <span class='ocrx_word' id='word_1_392' title='bbox 1378 2741 1599 2783; x_wconf 84' lang='grc' dir='ltr'><em>ἀκοῦσαι·</em></span> <span class='ocrx_word' id='word_1_393' title='bbox 1639 2741 1778 2790; x_wconf 73' lang='grc' dir='ltr'><em>ἄλλος</em></span> <span class='ocrx_word' id='word_1_394' title='bbox 1810 2739 1847 2781; x_wconf 84' lang='grc' dir='ltr'><em>δ’</em></span> 
     </span>
     <span class='ocr_line' id='line_1_42' title="bbox 287 2799 1541 2857; baseline 0 -15"><span class='ocrx_word' id='word_1_395' title='bbox 287 2801 502 2851; x_wconf 79' lang='grc' dir='ltr'><em>ὀιειδιζέτω</em></span> <span class='ocrx_word' id='word_1_396' title='bbox 535 2801 680 2855; x_wconf 86' lang='grc' dir='ltr'><em>λέγων</em></span> <span class='ocrx_word' id='word_1_397' title='bbox 713 2799 903 2857; x_wconf 75' lang='lat' dir='ltr'>(fortasse</span> <span class='ocrx_word' id='word_1_398' title='bbox 935 2801 1137 2842; x_wconf 87' lang='grc' dir='ltr'><em>σκωπτέτω</em></span> <span class='ocrx_word' id='word_1_399' title='bbox 1170 2799 1205 2842; x_wconf 87' lang='grc' dir='ltr'><em>δ’</em></span> <span class='ocrx_word' id='word_1_400' title='bbox 1242 2800 1357 2850; x_wconf 69' lang='grc' dir='ltr'><em>ἄλλος</em></span> <span class='ocrx_word' id='word_1_401' title='bbox 1387 2799 1541 2856; x_wconf 85' lang='grc' dir='ltr'><em>λέγων.)</em></span> 
     </span>
    </p>

    <p class='ocr_par' dir='ltr' id='par_1_8' title="bbox 287 2862 1849 2974">
     <span class='ocr_line' id='line_1_43' title="bbox 406 2862 1849 2914; baseline -0.001 -13"><span class='ocrx_word' id='word_1_402' title='bbox 406 2864 455 2901; x_wconf 85' lang='lat' dir='ltr'><em>of.</em></span> <span class='ocrx_word' id='word_1_403' title='bbox 475 2863 610 2902; x_wconf 83' lang='lat' dir='ltr'><strong>Herm.</strong></span> <span class='ocrx_word' id='word_1_404' title='bbox 634 2864 728 2901; x_wconf 92' lang='lat' dir='ltr'><em>XXI</em></span> <span class='ocrx_word' id='word_1_405' title='bbox 761 2865 844 2902; x_wconf 89' lang='grc'><em>396</em></span> <span class='ocrx_word' id='word_1_406' title='bbox 861 2876 917 2914; x_wconf 86' lang='lat' dir='ltr'><em>sq.</em></span> <span class='ocrx_word' id='word_1_407' title='bbox 949 2865 990 2902; x_wconf 73' lang='lat' dir='ltr'><em>et</em></span> <span class='ocrx_word' id='word_1_408' title='bbox 1020 2863 1067 2902; x_wconf 83' lang='lat' dir='ltr'><em>do</em></span> <span class='ocrx_word' id='word_1_409' title='bbox 1099 2865 1335 2914; x_wconf 78' lang='lat' dir='ltr'>argumento</span> <span class='ocrx_word' id='word_1_410' title='bbox 1367 2863 1564 2913; x_wconf 84' lang='lat' dir='ltr'>Anaxipp.</span> <span class='ocrx_word' id='word_1_411' title='bbox 1592 2864 1629 2901; x_wconf 82' lang='lat'><em>4.</em></span> <span class='ocrx_word' id='word_1_412' title='bbox 1679 2862 1849 2901; x_wconf 73' lang='lat' dir='ltr'>fortasse</span> 
     </span>
     <span class='ocr_line' id='line_1_44' title="bbox 287 2921 1849 2974; baseline 0 -14"><span class='ocrx_word' id='word_1_413' title='bbox 287 2923 383 2961; x_wconf 80' lang='lat' dir='ltr'>haec</span> <span class='ocrx_word' id='word_1_414' title='bbox 424 2935 580 2974; x_wconf 86' lang='lat' dir='ltr'>quoque</span> <span class='ocrx_word' id='word_1_415' title='bbox 619 2935 666 2961; x_wconf 88' lang='lat' dir='ltr'><em>ex</em></span> <span class='ocrx_word' id='word_1_416' title='bbox 703 2923 906 2962; x_wconf 84' lang='lat' dir='ltr'>comoedia</span> <span class='ocrx_word' id='word_1_417' title='bbox 944 2923 1080 2974; x_wconf 83' lang='lat' dir='ltr'>aliqua</span> <span class='ocrx_word' id='word_1_418' title='bbox 1110 2922 1160 2966; x_wconf 81' lang='lat' dir='ltr'><em>ad</em></span> <span class='ocrx_word' id='word_1_419' title='bbox 1190 2922 1517 2972; x_wconf 88' lang='lat' dir='ltr'>philosophorum</span> <span class='ocrx_word' id='word_1_420' title='bbox 1554 2921 1849 2970; x_wconf 75' lang='lat' dir='ltr'>cavillationem</span> 
     </span>
    </p>
   </div>
  </div>
 </body>
</html>
