2014 3334
286 225 372 266 548
654 218 657 223 ’
931 226 1191 260 ΑΔΕΣΠΟΤΑ

1029 345 1115 387 794

407 431 551 470 Strabo
580 434 647 482 11,
675 433 757 470 502
786 427 849 485 (ἐν
880 436 924 485 τῇ
953 425 1158 485 Ἀλβανία)
1188 429 1345 483 τάγαθὰ
1375 429 1552 484 ἄσπαρτα
1581 431 1647 471 καὶ
1677 426 1850 485 ἀνήροτα
1874 424 1878 427 ’

285 490 413 529 πάντα
445 490 630 540 φύονται,
661 490 844 542 καθάπερ
877 490 918 529 οἷ
946 488 1243 542 στρατεύσαντές
1274 502 1385 542 φασι,
1422 491 1732 531 Κυκλώπειόν
1762 507 1851 532 τινα

286 549 538 601 διηγούμενοι
581 550 702 601 βίον.
770 553 909 588 contra
952 551 1169 588 solitariam
1212 552 1332 588 vitam
1367 563 1413 590 eo
1451 552 1609 590 nomine
1652 552 1851 603 significat

284 609 480 647 Maximus
508 609 654 659 Tyrius
682 611 706 648 5
729 604 767 662 (Ι
789 611 876 648 410
896 603 1048 662 Reisk.)
1076 605 1116 659 (ὅ
1143 605 1382 661 φιλόσοφος)
1414 610 1559 661 βιούτω
1585 610 1676 661 βίον
1704 609 1850 663 ἀνδρὸς

285 667 327 706 ἐν
359 667 498 722 ἐρημία
529 666 805 720 γεννηθέντος,
837 667 1020 719 μονώτην
1051 667 1154 719 βίον,
1189 666 1263 707 οὐκ
1293 666 1558 720 ἀγελαστικόν,
1589 669 1848 710 Κυκλώπειον

284 728 387 779 βίον,
413 726 488 766 οὐκ
513 726 784 779 ἀνθρώπινον.
836 729 882 767 cf.
909 728 1054 766 Macar.
1082 729 1120 778 5,
1147 729 1214 766 44.
1265 727 1410 783 Strabo
1436 729 1629 779 cogitavit
1655 730 1703 768 de
1729 730 1845 769 Hom.

285 786 355 825 Od.
384 789 421 837 9,
450 788 551 837 109,
585 790 705 837 atque
737 788 859 826 etiam
889 787 1054 825 Maximi
1091 787 1213 825 verba
1244 800 1291 825 ex
1321 787 1533 827 Homerica
1563 789 1670 828 vitae
1704 787 1846 840 Cyclo-

282 861 379 896 pum
411 847 674 896 descriptione
705 848 833 896 petita
864 850 968 885 sunt.
1021 846 1090 884 sed
1123 848 1290 896 utraque
1319 847 1521 896 proverbii
1554 848 1844 898 significatione

284 906 406 944 etiam
437 906 608 945 comicos
638 918 733 945 usos
766 919 851 945 esse
881 905 1066 944 arbitror.

1028 1020 1113 1063 795

405 1108 604 1147 Aristides
629 1107 669 1147 II
701 1109 782 1147 154
814 1107 947 1146 Dindf.
987 1106 1022 1146 εἰ
1052 1106 1116 1146 δεῖ
1139 1121 1174 1145 τι
1205 1105 1271 1145 καὶ
1300 1107 1459 1159 παῖξαι,
1496 1108 1600 1148 δοκῶ
1638 1123 1706 1159 μοι
1733 1108 1848 1149 κατὰ

284 1167 395 1214 τοὺς
437 1165 842 1223 κωμῳδιοποιοὺς
885 1165 1014 1218 ὥσπερ
1063 1164 1406 1218 ἀποδιδράσκοντα
1451 1166 1572 1207 αὐτὸν
1617 1164 1849 1222 (Πλάτωνα)

287 1225 409 1274 ἕλξειν
454 1227 509 1274 εἰς
546 1226 638 1274 τοὺς
681 1226 867 1279 ῥήτορας,
905 1225 927 1264 ὅ
950 1240 986 1264 τι
1022 1223 1167 1276 μαθὼν
1205 1226 1492 1273 καλλωπίζεται.
1556 1229 1648 1277 post
1684 1226 1851 1280 ῥήτορας

287 1287 441 1338 aliquid
474 1287 665 1325 excidisse
699 1286 902 1325 statuebat
926 1286 1123 1335 Reiskius,
1158 1286 1394 1325 adversante
1419 1286 1635 1325 Dindorfio.
1686 1287 1781 1338 quid
1805 1288 1848 1326 in

282 1346 345 1385 his
377 1347 431 1384 sit
463 1346 705 1385 comicorum
735 1359 814 1384 non
847 1347 1016 1384 constat.

1026 1449 1110 1490 796

403 1535 601 1574 Aristides
633 1535 673 1573 II
707 1536 792 1574 280
829 1534 962 1573 Dindf.
999 1531 1125 1584 ἡδέως
1163 1531 1213 1572 ἂν
1250 1532 1412 1585 ἐροίμην
1448 1533 1540 1580 τοὺς
1576 1533 1643 1581 τὰς
1679 1535 1846 1586 βαθείας

283 1593 469 1645 ὑπήνας
501 1592 743 1644 ἕλκοντας,
775 1592 863 1644 ἔφη
895 1607 963 1640 τις
994 1599 1082 1632 τῶν
1113 1598 1351 1644 κωμικῶν,
1382 1591 1448 1631 καὶ
1479 1591 1587 1645 μέχρι
1611 1593 1752 1634 τούτου
1777 1589 1845 1634 τὸν

282 1653 479 1692 Πλάτωνα
516 1653 781 1704 σεμνύνοντας
810 1655 907 1703 κτλ.,
938 1653 1009 1691 ubi
1046 1653 1167 1692 schol.
1193 1647 1251 1705 (p.
1279 1653 1375 1700 646,
1402 1655 1425 1690 2
1453 1648 1607 1706 Dindf.)
1641 1651 1774 1705 ἐπειδὴ
1807 1653 1850 1693 οἰ

282 1712 498 1763 φιλόσοφοι
528 1718 723 1763 κομῶντες
754 1711 796 1751 τὸ
827 1710 978 1765 γένειον
1006 1710 1067 1751 ἀεὶ
1091 1709 1295 1763 κατέχουσι
1318 1709 1384 1749 καὶ
1408 1709 1590 1750 ἕλκουσιν
1615 1711 1725 1763 αὐτό,
1757 1713 1842 1752 δια-

281 1772 414 1824 βάλλει
458 1771 602 1819 αύτοὺς
641 1769 996 1823 Ἀριστοφάνης.
1063 1774 1106 1810 at
1136 1771 1170 1810 is
1211 1768 1327 1823 (Lys.
1363 1769 1502 1823 1072)
1547 1771 1843 1821 Spartiatarum

281 1833 436 1883 legatos
474 1833 556 1870 illis
595 1832 726 1871 verbis
763 1832 928 1881 inridet,
966 1844 1066 1882 quae
1099 1831 1201 1869 alius
1233 1830 1377 1880 aliquis
1409 1831 1581 1870 comicus
1610 1831 1769 1871 videtur
1795 1833 1845 1871 ad

281 1892 539 1942 philosophos
571 1892 836 1930 transtulisse.

1019 1981 1103 2023 797

400 2070 602 2108 Lucianus
639 2068 794 2119 Nigrin.
827 2070 878 2107 31
913 2072 1027 2107 τοῦτο
1066 2065 1116 2117 δὴ
1155 2065 1196 2105 τὸ
1232 2065 1276 2105 ἐν
1312 2070 1397 2114 ταῖς
1433 2067 1665 2124 τραγῳδίαις
1701 2082 1740 2107 τε
1777 2066 1845 2107 καὶ

282 2129 508 2183 κωμῳδίαις
526 2127 752 2180 λεγόμενον,
777 2125 868 2178 ἤδη
894 2125 971 2165 καὶ
995 2125 1118 2177 παρὰ
1143 2125 1299 2178 θύραν
1318 2126 1683 2178 εἰσβιαζόμενοι.
1722 2129 1844 2167 verba

281 2191 365 2234 ταῖς
396 2188 630 2240 τραγῳδίαις
660 2201 698 2225 τε
730 2185 796 2225 καὶ
827 2187 903 2225 del.
936 2186 1245 2225 Sommerbrodt.

1023 2313 1108 2356 798

402 2398 636 2450 [Lucianus]
662 2398 799 2438 Amor.
825 2399 880 2438 54
907 2393 973 2437 εἶτ’
1002 2396 1080 2437 ἀπὸ
1109 2403 1246 2450 μηρῶν
1270 2398 1627 2451 προοιμιασάμενος
1652 2398 1749 2439 κατὰ
1774 2398 1842 2439 τὸν

255 2458 456 2510 ,κωμικὸν
497 2458 610 2498 αὐτὸ
648 2457 887 2505 ἐπάταξεν.
955 2459 1110 2497 confert
1148 2458 1341 2498 Graevius
1379 2459 1496 2509 Diog.
1525 2459 1570 2497 L.
1596 2461 1634 2510 7,
1662 2461 1745 2498 172
1777 2458 1842 2498 εύ-

283 2519 441 2571 μόρφου
481 2518 684 2570 μειρακίου
724 2517 922 2567 εἰπόντος,
959 2517 994 2556 εἰ
1017 2514 1038 2555 ὁ
1064 2516 1118 2564 εἰς
1157 2514 1229 2567 τὴν
1266 2515 1430 2571 γαστέρα
1465 2517 1620 2556 τύπτων
1655 2518 1844 2570 γαστρίζει

280 2577 346 2617 καὶ
372 2576 392 2617 ὁ
418 2578 473 2625 εἰς
505 2577 596 2624 τοὺς
627 2576 777 2629 μηροὺς
811 2577 966 2615 τύπτων
998 2576 1160 2628 μηρίζει,
1190 2574 1286 2627 ἔφη·
1317 2575 1365 2615 σὺ
1391 2575 1523 2627 μέντοι
1546 2576 1638 2624 τοὺς
1662 2577 1837 2630 διαμηρι-

282 2637 405 2688 σμοὺς
437 2636 510 2689 ἔχε,
541 2636 757 2688 μειράκιον.
817 2649 946 2686 neque
977 2637 1050 2675 hoo
1081 2648 1210 2686 neque
1241 2636 1343 2674 illud
1373 2636 1574 2687 intellego.

1022 2751 1106 2794 799

400 2839 631 2877 Athenaeus
658 2840 696 2886 8,
724 2840 839 2878 3520
869 2842 1030 2876 τοιαῦτα
1065 2835 1140 2890 γὰρ
1177 2834 1425 2889 συνέγραψεν
1460 2832 1754 2890 (Ἀριστοτέλης)
1785 2834 1839 2884 ὡς

280 2892 381 2936 εἶναι
400 2896 496 2935 κατὰ
515 2895 582 2936 τὸν
601 2895 903 2950 κωμῳδιοποιὸν
922 2895 1146 2947 θαύματα
1165 2895 1352 2947 μώροις.
1395 2897 1560 2948 Diogen.
1580 2897 1713 2935 Laert.
1729 2899 1767 2946 6,
1783 2899 1837 2936 24
