2014 3334
719 808 1318 856 SUPPLEMENTA.

357 1001 465 1047 Quae
491 1003 706 1051 postquam
738 1000 897 1052 singula
921 1000 1042 1039 huius
1075 1001 1204 1051 operis
1237 1001 1441 1040 volumina
1464 1001 1702 1051 prodierunt
1734 1004 1806 1041 aut

241 1061 346 1112 apud
372 1063 527 1100 veteres
559 1060 776 1110 scriptores
809 1060 982 1110 repetita
1006 1060 1178 1099 lectione
1205 1062 1276 1099 aut
1305 1060 1347 1099 in
1372 1061 1669 1112 philologorum
1701 1074 1808 1101 com-

240 1120 553 1159 mentationibus
586 1121 735 1170 scripta
765 1120 900 1159 inveni
932 1120 979 1158 de
1018 1120 1256 1159 comicorum
1290 1133 1528 1171 graecorum
1558 1121 1808 1171 fragmentis,

239 1181 301 1219 his
334 1180 622 1230 supplementis
654 1180 866 1219 coniuncta
897 1192 1086 1230 propono,
1119 1180 1278 1218 iteratis
1311 1179 1431 1218 simul
1463 1180 1520 1219 eis
1552 1193 1653 1231 quae
1685 1180 1763 1220 vol.
1787 1181 1808 1219 I

238 1254 275 1290 p.
307 1253 350 1279 v1
388 1242 429 1278 et
467 1239 546 1279 vol.
578 1239 617 1278 II
648 1253 687 1289 p.
717 1241 813 1278 581.
839 1240 863 1278 2
897 1239 1089 1291 congessi.
1152 1252 1229 1291 quo
1260 1239 1368 1278 facto
1401 1239 1435 1278 si
1467 1240 1557 1291 quis
1589 1240 1686 1291 quid
1716 1242 1808 1290 post

239 1312 369 1338 meam
410 1298 626 1337 editionem
667 1299 797 1338 adhuc
838 1299 889 1337 ad
923 1299 1084 1338 illorum
1122 1301 1330 1349 poetarum
1375 1299 1459 1339 sive
1492 1300 1809 1339 emendationem

240 1359 325 1398 sive
350 1358 723 1408 interpretationem
750 1359 963 1398 accesserit
988 1358 1090 1398 scire
1116 1359 1264 1409 cupiat,
1291 1358 1434 1409 omnia,
1459 1371 1509 1397 ne
1536 1372 1637 1409 quae
1661 1361 1808 1398 natura

241 1431 313 1457 sua
346 1418 559 1457 coniuncta
596 1420 690 1457 sunt
726 1418 768 1456 in
800 1418 968 1457 diversis
1004 1418 1097 1457 libri
1134 1418 1318 1468 partibus
1357 1418 1590 1469 conquirere
1629 1420 1809 1469 cogatur,

240 1479 314 1518 hoc
351 1478 472 1517 tertio
510 1478 713 1517 volumine
752 1478 1036 1528 comprehensa
1075 1481 1115 1517 et
1152 1478 1235 1517 suis
1273 1489 1452 1529 quaeque
1492 1478 1591 1518 locis
1623 1478 1808 1528 deinceps

242 1539 405 1577 enotata
435 1538 619 1587 reperiet.

907 1651 946 1694 V
963 1652 999 1695 Ο
1020 1652 1068 1695 L.
1114 1652 1147 1694 Ι.

924 1747 1119 1781 MAGNEs

362 1824 425 1863 Fr.
460 1826 484 1863 3
517 1825 722 1863 mortuum
761 1822 978 1873 significari
1011 1825 1052 1862 et
1082 1835 1202 1863 versu
1239 1824 1418 1873 proximo
1455 1824 1627 1863 fortasse
1661 1821 1810 1877 προθέ-

242 1898 363 1934 μενον
391 1885 553 1935 poetam
578 1883 783 1933 scripsisse
810 1883 998 1933 opinatur
1017 1882 1311 1923 Herwerdenus
1331 1884 1474 1922 Mnem.
1495 1884 1530 1922 X
1551 1885 1619 1935 67,
1651 1884 1811 1935 syntaxi

242 1956 367 1994 paene
399 1942 656 1982 intolerabili,

862 2034 1198 2068 ECPHANTIDES

363 2110 428 2149 Fr.
456 2112 479 2148 2
514 2105 618 2163 (καὶ)
644 2111 880 2163 Μεγαρικῆς
904 2109 1114 2165 κωμῳδίας
1145 2109 1389 2161 μεθίεμαι·
1422 2108 1658 2162 αἰσχύνομαι
1681 2108 1724 2149 τὸ
1750 2109 1810 2161 ὃρ.

244 2171 305 2209 M.
337 2183 377 2209 π.
425 2170 617 2221 Bywater
646 2170 748 2208 Mus.
780 2169 906 2208 Rhen.
937 2169 1128 2208 XXXVII
1160 2171 1258 2209 413.

911 2296 1147 2330 CRATINUS

362 2373 428 2412 Fr.
451 2374 474 2411 3
508 2370 595 2423 ἐμοὶ
626 2369 697 2422 μὲν
729 2367 805 2424 (sic
837 2372 966 2423 suppl.
980 2366 1117 2425 Mein.)
1150 2369 1244 2423 ἡδὺ
1275 2372 1428 2411 Nauck.
1450 2372 1654 2424 Melanges
1674 2371 1812 2423 greco-⁸

245 2446 342 2472 rom.
376 2433 409 2470 V
445 2434 542 2471 221.

366 2493 404 2542 6,
437 2494 461 2530 2
494 2491 610 2530 scrib.
642 2489 879 2530 demersionem.

368 2553 434 2602 16,
468 2553 491 2590 2
525 2550 665 2607 πρώτῳ
696 2553 945 2590 ποιεῖσθαι
974 2553 1145 2602 πεῖραν
1177 2549 1314 2590 Cobet.
1346 2549 1444 2589 0011.
1475 2551 1560 2590 crit.
1589 2553 1687 2591 291.

367 2613 435 2650 22.
466 2610 735 2650 memorabilis
773 2612 835 2649 est
871 2610 994 2649 Plinii
1030 2607 1207 2649 narratio
1241 2611 1279 2660 4,
1314 2611 1365 2649 91
1406 2622 1474 2649 nee
1512 2611 1596 2650 licet
1635 2611 1812 2650 dubitare

246 2672 292 2710 de
320 2674 429 2720 yente
459 2683 505 2710 ea
536 2664 861 2724 (Hyperboreis),
893 2682 979 2709 cum
1009 2674 1062 2709 tot
1091 2673 1265 2709 auctores
1286 2671 1462 2719 prodant
1486 2671 1645 2719 fruyum
1668 2671 1810 2719 primi-

247 2732 322 2770 tias
352 2731 482 2770 solitos
505 2731 632 2769 Delon
661 2731 808 2769 ‘mittere
831 2728 1009 2778 Apollini
1039 2741 1148 2779 quem
1171 2731 1385 2778 praecipue
1416 2731 1553 2768 eolimt.
1602 2731 1812 2780 viryines

248 2791 422 2838 ferebant
452 2802 535 2834 eas,
572 2791 746 2838 hospitiis
773 2791 944 2838 yentium
967 2801 1043 2838 per
1081 2801 1204 2828 annos
1234 2790 1379 2837 aliquot
1407 2790 1659 2833 venerabiles,
1696 2790 1812 2829 donee

248 2850 391 2888 violata
421 2851 498 2896 fide
533 2850 576 2888 in
599 2851 794 2898 proximis
830 2849 1049 2888 accolarum
1086 2850 1230 2896 finibus
1266 2848 1452 2897 deponere
1481 2860 1598 2888 sacra
1628 2861 1674 2888 ea
1703 2850 1812 2888 insti-

250 2912 363 2952 tuere,
395 2909 507 2957 hique
538 2910 590 2948 ad
621 2910 873 2948 conterminos
904 2909 1064 2957 deferre,
1097 2911 1209 2957 atque
1238 2909 1294 2947 ita
1324 2908 1451 2947 Delon
1479 2920 1608 2956 usque.
