2014 3334
750 248 918 283 AAHAA
943 248 1204 284 οΠοΤΕΡΑΣ
1673 246 1760 289 603

188 361 232 403 ἐν
263 358 421 415 Εὐβοία
451 359 662 408 Χαλκιδεῖς
692 357 755 400 ἐπὶ
785 359 1026 416 φιλαργυρίᾳ
1056 358 1352 417 ἐκωμῳδοῦντο.
1403 360 1639 400 Eustathius
1660 361 1760 411 279,

191 422 246 461 18
277 425 548 471 παροιμιακῶς
578 418 620 460 τὸ
650 418 965 472 γλισχρεύεσθαι·
1003 417 1066 460 ἐπὶ
1096 419 1335 476 φιλαργυρίᾳ
1367 418 1442 472 γὰρ
1475 417 1759 472 ἕκωμῳδοῦντο

188 479 232 521 οἰ
268 475 354 520 κατ’
400 476 584 532 Εὔβοιαν
628 479 848 527 Χαλκιδεῖς.
915 479 1140 532 Hesychius
1188 478 1268 519 ἀπὸ
1319 484 1397 519 τῶν
1446 475 1530 518 κατ’
1577 476 1761 531 Εὔβοιαν

189 537 434 580 Χαλκιδέων.
483 539 634 579 τίθεται
660 536 703 592 δὲ
728 537 795 578 καὶ
819 537 883 579 ἐπὶ
907 544 987 580 τῶν
1010 538 1393 590 παιδεραστούντων,
1416 536 1500 579 ἐπεὶ
1523 536 1760 587 ἐπλεόναζον

186 595 282 652 παρ’
316 597 450 647 αὐτοῖς
475 598 518 639 οἱ
537 597 716 638 παιδικοὶ
742 597 890 651 ἔρωτες.
946 599 1055 639 Suid.
1086 598 1318 651 χαλκιδίζειν
1349 597 1415 638 καὶ
1440 597 1760 651 χαλκιδεύεσθαι·

187 657 252 700 ἐπὶ
281 664 360 699 τῶν
395 656 743 712 γλισχρευομένων.
791 656 858 698 καὶ
888 658 1116 710 φικιδίζειν·
1154 656 1217 698 ἐπὶ
1257 663 1328 699 τοῦ
1358 657 1653 711 παιδεραστεῖν,
1690 658 1759 698 ubi

187 719 237 759 cf.
267 718 513 769 Bernhardy.
577 718 682 758 Plut.
721 718 820 758 Mor.
854 719 972 759 761a
1015 715 1084 771 (οἱ
1122 713 1357 772 Χαλκιδεῖς)
1400 715 1442 758 τὸ
1485 717 1760 769 παιδεραστεῖν

186 777 377 831 πρότερον
408 776 451 817 ἐν
486 776 602 834 ψόγῳ
632 774 854 829 τιθέμενοι,
883 777 966 818 τότε
997 780 1146 830 μᾶλλον
1177 775 1318 830 ἑτέρων
1347 775 1560 831 ἠγάπησαν
1589 775 1656 817 καὶ
1686 775 1760 817 ἐτί-

187 848 329 890 μησαν.
391 837 476 877 sine
520 837 642 877 dubio
686 839 856 889 utraque
900 838 1193 889 significatione
1237 838 1378 878 comici
1421 838 1652 877 utebantur.
1713 849 1759 877 ac

187 898 358 938 fortasse
395 897 541 949 aliquis
578 897 778 937 hominem
814 910 1002 948 pureum,
1039 897 1109 948 qui
1146 894 1316 950 (amicae
1353 891 1514 951 opinor)
1551 909 1624 948 pro
1661 910 1760 937 auro

188 970 254 997 aes
286 957 472 1008 dedisset,
504 956 736 1010 χαλκιδίζειν
766 957 921 1008 primus
952 957 1118 997 dixerat.

916 1073 1031 1117 1193

471 1133 607 1189 χάνος

304 1220 446 1259 Pollux
468 1222 507 1271 2,
529 1222 582 1259 97
617 1217 638 1259 ὃ
663 1219 882 1273 κατάγελως
912 1218 1112 1272 καταχήνη
1144 1219 1292 1272 εἴρηται
1322 1218 1430 1272 παρὰ
1460 1222 1541 1267 τοῖς
1571 1221 1759 1269 κωμικοῖς

187 1275 329 1331 (Arist.
350 1279 469 1331 Vesp.
503 1281 601 1320 575.
624 1281 660 1319 6.
683 1276 789 1320 Eccl.
811 1274 930 1334 631),
961 1278 1028 1319 καὶ
1058 1278 1176 1332 χάνος
1203 1277 1246 1319 δὲ
1270 1275 1363 1334 παρ’
1399 1277 1533 1327 αὐτοῖς
1557 1277 1599 1318 τὸ
1625 1276 1759 1329 στόμα.

915 1396 936 1438 1
946 1395 1031 1438 194

470 1455 733 1510 χελυνοίδης

304 1536 472 1582 Bekker.
505 1541 653 1582 Anecd.
689 1543 756 1591 72,
789 1543 857 1581 26.
918 1541 967 1582 cf.
1005 1544 1130 1582 1111.

914 1661 933 1701 1
943 1658 1029 1701 195

470 1716 494 1760 ὁ
525 1716 684 1773 χλεύαξ

303 1802 648 1859 κωμῳδικώτερον.
698 1804 842 1844 Pollux
864 1806 1021 1856 9‚›149.
1071 1805 1188 1845 indic.
1208 1805 1257 1844 H.
1278 1805 1413 1844 Iacobi
1431 1805 1550 1845 Mein.
1583 1805 1643 1844 ed.
1663 1805 1756 1844 min.

184 1877 298 1904 xv111.
329 1866 378 1904 ut.
406 1862 578 1911 πλούταξ
610 1863 662 1904 al.

530 1996 534 2000 .
915 1944 1029 1988 1196

470 2003 698 2060 χναύματα

305 2089 449 2130 Pollux
482 2091 520 2140 6,
554 2092 608 2130 62
650 2089 693 2130 οἰ
724 2089 892 2142 κωμικοὶ
929 2088 1134 2143 ὠνόμαζον
1165 2089 1212 2130 τὰ
1242 2090 1512 2143 περικόμματα
1542 2089 1608 2130 καὶ
1638 2091 1758 2143 χναύ-

185 2163 303 2260 ἕῂῖτὲἐ
347 2145 514 2249 {vagati
531 2152 593 2190 est
623 2150 804 2190 Mnesim.
838 2152 877 2202 4,
911 2152 986 2203 12,
1023 2150 1242 2204 χναυμάτια
1274 2151 1463 2191 Teleclid.
1499 2153 1536 2201 1,
1570 2152 1637 2190 14.
1668 2150 1758 2190 Ari-

914 2290 1027 2334 1197

469 2350 701 2407 χοιρότριψ

304 2435 557 2476 Herodianus
588 2436 607 2475 I
641 2437 739 2487 246,
774 2438 839 2476 26.
896 2438 944 2477 cf.
980 2439 1092 2478 1097
1125 2435 1352 2489 παιδότριψ.

917 2554 936 2595 1
947 2553 1029 2596 198

470 2609 828 2668 χρεμψυθέατρον

306 2697 451 2737 Suidas
493 2694 520 2748 ἢ
563 2696 621 2737 ὅτι
663 2697 847 2746 εἰσιόντες
898 2697 952 2746 εἰς
1000 2696 1043 2737 τὸ
1091 2695 1263 2751 θέατρον
1313 2695 1587 2750 χρέμπτονται,
1630 2695 1657 2749 ἢ
1700 2697 1758 2737 ὅτι

187 2755 467 2809 χρεμπτόμενοι
499 2755 762 2809 ἕκβάλλονται.
811 2757 1038 2809 Hesychius
1088 2758 1130 2798 οἱ
1156 2755 1339 2805 εἰσιόντες
1373 2757 1428 2805 εἰς
1461 2755 1632 2809 θέατρον
1663 2786 1674 2797 .
1705 2787 1715 2797 .
1746 2787 1757 2798 .

188 2811 352 2870 (desunt
383 2813 570 2870 reliqua).
618 2817 829 2869 utriusque
862 2819 923 2857 est
953 2814 1289 2870 χρεμψιθέατρον,
1326 2830 1405 2857 non
1436 2815 1757 2871 χρεμψιθέατροι,

187 2875 292 2927 quod
312 2875 490 2915 homines
509 2875 616 2915 docti
635 2877 905 2927 reponendum
926 2889 1011 2916 esse
1030 2880 1287 2927 putaverunt.
1329 2872 1446 2928 ‘quas
1471 2877 1756 2927 explicationes

188 2934 332 2975 Suidas
352 2935 688 2988 commemoravit,
707 2949 847 2976 earum
864 2939 1010 2976 neutra
1028 2936 1248 2988 probabilis
1268 2938 1341 2977 est.
1371 2936 1533 2977 videtur
1552 2937 1754 2977 theutrum
