2014 3334
265 245 321 288 52
818 241 822 243 ’
900 243 1196 278 MENANAPOT

267 359 430 397 Mercer.
464 353 565 408 <321
601 349 848 408 Quicherat.)
887 357 927 394 et
961 356 1028 406 14⁷
1061 356 1144 394 536
1180 348 1305 406 (626)
1339 353 1566 392 demittere:
1605 366 1691 392 eum
1723 354 1836 393 etiam

267 419 388 456 Thais
420 417 634 454 Menandri
670 416 842 453 tumeam
881 415 1087 452 demissam
1122 414 1260 452 habeat
1297 413 1349 451 ad
1379 413 1493 456 talos,
1532 412 1602 463 qui
1637 425 1718 452 non
1748 415 1836 468 erat

265 476 531 525 meretricum,
564 474 632 513 sed
663 475 939 525 matronarum
970 472 1146 511 habitus.
1209 470 1322 510 Ovid.
1353 471 1400 510 A.
1435 484 1510 510 am.
1544 473 1589 521 3,
1622 473 1704 511 603
1739 484 1836 520 quae

265 538 365 574 vemt
399 547 442 573 ex
474 537 562 583 tuto,
594 535 723 572 minus
755 536 809 571 est
834 535 989 580 accepta
1018 532 1215 580 voluptas:
1245 534 1289 569 ut
1317 533 1373 569 sis
1398 532 1551 569 liberior
1582 525 1639 584 (22)
1674 532 1836 575 Thaide,

264 597 366 643 fmye
401 597 535 633 metus.
595 593 758 631 Lucian.
790 592 906 630 Rhet.
938 603 1067 640 praec.
1091 593 1142 628 12
1177 586 1295 641 (φαίη
1322 584 1392 643 ἂν)
1424 586 1711 640 ὑπομειδιάσας
1742 619 1752 629 .
1784 619 1794 630 .
1825 619 1835 630 .

265 652 505 692 Αὐτοθαΐδα
535 650 607 702 τὴν
639 649 817 702 κωμικὴν
842 648 868 701 ἢ
896 649 1130 699 Μαλθάκην
1162 646 1188 700 ὴ
1215 646 1422 701 Γλυκέραν
1453 648 1542 688 τινὰ
1566 649 1836 702 μιμησάμενος

266 715 318 767 τῷ
349 714 544 763 προσηνεῖ
569 716 639 750 τοῦ
672 708 911 763 φθέγματος.
961 710 1010 748 cf.
1035 709 1229 759 Alciphro
1261 710 1298 759 2,
1332 711 1371 757 4,
1405 710 1457 748 19
1492 703 1636 762 (exscr.
1668 710 1740 748 sub
1771 709 1836 748 tit.

260 765 605 823 Ἐπιτρεπόντων).
665 770 744 808 fuit
777 770 899 808 etiam
930 769 974 807 L.
1006 768 1166 807 Afranii
1199 769 1330 808 Thais.
1363 767 1409 806 Ο.
1428 768 1619 807 Ribbeck.
1648 767 1756 808 Com.
1787 769 1834 808 R.

265 827 330 870 fr?
365 833 463 870 207.
507 830 673 868 Ritschl.
707 829 868 879 Parerg.
892 830 974 866 142
991 841 1027 866 n.
1062 830 1099 866 2.
1132 828 1179 866 de
1211 830 1379 866 accentu
1409 827 1625 867 Herodian.
1655 828 1697 866 H
1717 830 1785 877 91,
1808 829 1831 867 9

265 889 312 929 τὰ
343 890 398 937 εἰς
424 887 460 938 Z}
491 889 660 942 λήγοντα
685 886 866 939 καθαρὸν
892 886 1066 938 θηλυκά,
1098 883 1165 925 εἴτ’
1201 884 1304 943 ἄλλῳ
1336 886 1410 925 εἴτε
1434 885 1500 925 καὶ
1530 889 1582 943 τῷ
1607 889 1632 926 ἇ
1658 889 1835 939 παραλη-

263 949 410 1002 γόμενα
435 980 444 989 .
471 979 480 988 .
507 951 618 999 φιλεῖ
636 977 646 987 .
672 978 681 987 .
708 977 717 986 .
744 945 970 997 ὀξύνεσθαι,
1003 942 1090 986 οἷον
1116 976 1125 985 .
1152 976 1161 985 .
1186 947 1307 997 Λαΐς,
1343 946 1453 994 Θαῒς.

1003 1087 1087 1128 217

478 1168 573 1225 ἐμοὶ
606 1167 686 1225 μὲν
718 1166 801 1212 οὖν
833 1169 951 1211 ἄειδε
982 1168 1208 1223 τοιαύτην,
1239 1168 1340 1223 θεά,

479 1245 710 1297 θρασεῖαν,
744 1241 912 1297 ὡραίαν
945 1237 993 1282 δὲ
1024 1238 1096 1282 καὶ
1128 1240 1328 1294 πιθανὴν
1360 1239 1464 1294 ἅμα,

478 1312 735 1367 ἀδικοῦσαν,
769 1309 1095 1368 ἀποκλῄουσαν,
1129 1312 1341 1353 αἰτοῦσαν
1371 1310 1531 1365 πυκνά,

476 1385 664 1439 μηδενὸς
695 1383 881 1441 ἐρῶσαν,
912 1381 1300 1439 προσποιουμένην
1333 1380 1372 1424 δ’
1411 1381 1489 1425 ἀεί.
1723 1439 1727 1443 .

385 1482 626 1522 Plutarchus
646 1483 743 1521 Mor.
766 1485 818 1521 19
836 1495 859 1520 a
890 1479 910 1520 ὁ
931 1479 1174 1533 Μένανδρος
1199 1479 1249 1519 ἐν
1274 1483 1331 1536 τῷ
1356 1480 1571 1537 προλόγῳ
1595 1486 1664 1532 τῆς
1687 1481 1834 1529 Θαΐδος

266 1540 480 1591 πεποίηκεν
504 1544 582 1580 κτλ.
635 1539 739 1581 ἄειδε
766 1537 865 1596 (non
897 1534 986 1596 ᾆδε)
1020 1541 1120 1579 dixit
1146 1541 1367 1580 Homerum
1391 1541 1586 1580 imitatus.
1617 1541 1666 1580 cf.
1686 1540 1836 1580 cratin.

265 1602 364 1640 305.
408 1601 552 1651 Eupol.
589 1604 684 1653 139,
718 1603 756 1640 2.

1004 1704 1090 1746 218

550 1789 820 1845 φθείρουσιν
850 1787 942 1842 ἤθη
974 1783 1135 1844 χρήσθ’
1172 1786 1339 1842 ὁμιλίαι
1369 1788 1510 1830 κακαί.

389 1886 540 1924 Paulus
578 1887 652 1936 Ep.
691 1885 869 1925 Corinth.
907 1885 927 1923 I
968 1886 1040 1936 15,
1079 1887 1146 1924 33.
1208 1885 1278 1924 ubi
1323 1885 1525 1935 adscripta
1567 1885 1747 1936 repperit
1783 1886 1833 1924 H.

266 1945 489 1994 Stephanus
522 1940 650 1998 (Gom.
677 1958 735 1996 gr.
760 1959 798 1995 p.
826 1938 930 1998 351)
963 1945 1060 1983 haec
1092 1944 1340 1996 Μενάνδρου
1379 1949 1448 1983 τοῦ
1486 1949 1664 1996 κωμικοῦ
1695 1943 1833 1997 γνώμη

265 2003 306 2043 ἐν
331 2001 462 2059 Θαδίᾳ
491 1999 662 2058 (Θαΐδι).
707 2018 752 2043 ac
779 2004 996 2043 Menandro
1017 2004 1202 2043 tribuunt
1222 2004 1491 2055 Hieronymus
1511 1999 1593 2058 (ΙΙΙ
1611 2005 1679 2042 fol.
1703 2006 1785 2044 148
1799 2005 1835 2043 d.

266 2064 301 2101 V
332 2064 400 2102 fol.
435 2065 488 2102 86
506 2064 542 2103 d.
586 2064 707 2102 VIIII
741 2065 823 2102 185
840 2064 876 2102 b.
910 2065 994 2102 248
1010 2057 1062 2116 c),
1093 2063 1262 2102 Photius
1295 2063 1453 2109 Quaest.
1477 2064 1726 2113 Amphiloch.
1750 2065 1831 2103 151

265 2120 375 2174 (Mai.
414 2123 557 2173 Script.
595 2126 673 2163 vet.
706 2121 824 2162 VIIII
860 2117 976 2176 102).
1031 2123 1216 2172 Euripidi
1265 2123 1456 2162 adscribit
1505 2122 1687 2161 Socrates
1730 2123 1835 2162 Hist.

266 2183 357 2220 eccl.
390 2182 452 2220 ΙΙΙ
487 2184 538 2221 16
573 2197 610 2232 p.
646 2184 726 2221 155
745 2183 779 2221 d.
823 2195 967 2220 nomen
998 2185 1139 2231 poetae
1166 2182 1318 2221 omittit
1348 2195 1440 2220 cum
1471 2182 1561 2221 aliis
1595 2176 1662 2236 (cf.
1683 2182 1835 2223 Nauck.

264 2241 403 2291 Eurip.
442 2242 489 2280 fr.
525 2235 658 2295 1013)
697 2241 817 2280 Olem.
852 2241 963 2280 Alex.
996 2241 1115 2279 Paed.
1149 2243 1192 2291 2,
1227 2243 1269 2288 6,
1303 2242 1370 2280 50.
1415 2241 1559 2280 Strom.
1594 2243 1632 2292 1,
1667 2243 1731 2289 14,
1766 2243 1834 2282 59.

265 2302 314 2339 cf.
353 2314 457 2339 mon.
493 2303 588 2340 738.
651 2301 818 2339 Tertull.
859 2300 924 2338 Ad
966 2313 1078 2339 uxor.
1114 2302 1155 2351 1,
1195 2302 1219 2339 8
1263 2302 1379 2339 bonos
1422 2304 1670 2349 corrumpunt
1711 2314 1836 2341 mores

265 2372 489 2409 eonqressus
525 2361 632 2400 mali.
692 2360 854 2399 Diodor.
896 2361 969 2410 16,
1010 2361 1063 2398 54
1103 2362 1201 2399 extr.
1240 2354 1479 2414 (Φίλιππος)
1523 2362 1606 2407 ταῖς
1641 2363 1836 2413 πονηραῖς

266 2417 432 2470 ὁμιλίαις
473 2417 675 2471 διέφθειρε
712 2417 758 2458 τὰ
794 2416 880 2470 ’ἤθη
918 2423 996 2457 τῶν
1034 2416 1275 2470 ἀνθρώπων.
1326 2441 1381 2446 —
1431 2421 1640 2459 mutuatus
1684 2422 1746 2459 est
1787 2423 1835 2459 ut

266 2479 420 2518 solebat
450 2492 612 2519 versum
643 2479 860 2519 Menander
891 2479 940 2517 ab
972 2478 1177 2528 Euripide.

1005 2617 1090 2659 219

549 2701 659 2743 κατὰ
690 2701 801 2756 μυὸς
831 2701 1025 2757 ὄλεθρον

385 2794 411 2849 ἡ
442 2799 633 2850 παροιμία
663 2796 775 2851 λέγει.
837 2796 1028 2850 μέμνηται
1061 2794 1104 2836 δὲ
1135 2795 1256 2849 αὐτῆς
1288 2796 1530 2852 Μένανδρος
1562 2798 1605 2839 ἓν
1635 2804 1680 2854 τῇ
1717 2799 1835 2838 Θαΐδι

267 2858 421 2896 Aelian.
465 2858 515 2897 H.
559 2872 621 2898 an.
661 2861 734 2908 12,
775 2860 840 2898 10.
903 2859 952 2898 cf.
989 2857 1155 2896 Philam.
1190 2859 1271 2897 211
1324 2871 1416 2897 cum
1465 2859 1521 2898 eis
1571 2872 1671 2910 quae
1712 2859 1832 2898 adno-

265 2918 452 2957 tavimus.
