2014 3334
288 246 374 288 656
597 233 600 237 ’
933 246 1197 279 ΑΔΕΣΠΟΤΑ

288 356 354 410 ἡμ.
399 358 440 398 οἷ
467 354 534 410 β..)
563 355 567 408 Ι
596 356 616 396 ὃ
648 355 733 408 μέν
777 371 818 410 γε
862 356 1057 408 τύραννος
1101 351 1225 411 (γὰρ)
1271 355 1510 408 εὐδαίμων
1557 351 1656 397 εἶναι
1701 356 1854 397 δοκῶν

289 417 413 470 παρὰ
439 417 517 456 τὸν
543 417 671 469 βίον,
700 417 705 461 Ι
734 414 941 468 φοβερὸς
966 416 1112 455 ἅπασι
1136 415 1213 454 καὶ
1240 417 1551 469 περίβλεπτος
1578 412 1685 470 (add.
1703 411 1853 470 πάνυ)Ι

290 475 537 517 ἀπολιπὼν
575 475 753 527 χρυσὸν
791 480 1023 515 τοσοῦτον
1056 471 1137 529 (χρ.
1163 490 1194 514 τ.
1219 470 1311 529 ἀπ.)
1351 474 1418 515 καὶ
1453 474 1644 529 ἀργύριον
1675 507 1683 515 .
1713 505 1723 515 .
1749 505 1759 516 .
1789 474 1856 516 καὶ

288 540 480 589 γυναῖκας
510 565 519 574 .
545 565 554 574 .
586 533 752 586 ἠνιᾶτο
784 534 1168 586 κάποσπώμενος
1195 534 1201 584 Ι
1229 534 1360 574 αὐτῶν
1391 533 1535 587 ἤχθετο
1568 566 1576 575 .
1603 565 1613 574 .
1638 565 1648 574 .
1683 537 1735 575 15
1769 533 1856 588 ἐγὼ

291 594 338 635 δὲ
370 595 441 634 ἅτε
472 593 596 646 μηδὲν
627 590 786 648 (οὐδὲν)
819 593 918 646 ἔχων
950 592 1178 646 ἐνέχυρον
1208 590 1281 648 (ἐν.
1308 591 1560 648 κεκτημένος)
1589 594 1595 644 Ι
1623 593 1666 634 ἐν
1690 597 1744 651 τῷ
1768 595 1856 650 βίῳ,

290 654 363 695 οὐκ
401 654 543 708 ἀγρόν,
581 653 635 693 οὐ
675 654 949 704 συνοικίαν,
987 653 1043 694 οὐ
1081 653 1256 705 χρυσόν
1289 649 1358 708 (οὐ
1389 669 1445 707 χρ.
1477 653 1526 694 οὐ
1558 651 1627 707 σ.),
1658 684 1668 694 .
1694 685 1703 694 .
1729 685 1738 694 .
1771 653 1857 694 οὐκ

291 714 501 764 εἰκόνας,
529 713 535 763 Ι
564 713 719 761 εἰκότως
751 711 956 761 εὔζωνος
987 708 1064 765 ἦν,
1095 711 1263 764 κάπειδὴ
1297 713 1421 765 μόνον
1451 711 1477 764 ’ἡ
1499 711 1694 766 ’Ἀτροπος
1724 711 1858 753 ἔνευσέ

290 789 399 825 μοι..
415 804 423 813 .
444 769 756 828 Ιάναπηδήσας
775 772 926 820 εὐθὺς
949 768 1058 828 (εὐθ.
1084 768 1318 828 ἀνεπήδων)
1343 772 1646 825 ἀνυπόδητος
1665 767 1860 828 (κάν.)...

292 833 506 885 εἱπόμην.

1019 890 1132 946 1443

410 977 609 1015 Lucianus
636 976 778 1015 Toxar.
805 977 858 1014 14
884 975 1055 1022 πολλοὺς
1080 972 1159 1026 ἤδη
1185 973 1300 1022 νέους
1326 974 1629 1027 ἐκτραχηλίσασα
1653 973 1720 1015 καὶ
1744 975 1858 1027 μυρί-

292 1051 362 1083 ους
408 1035 552 1088 ἔρωτας
597 1033 893 1087 ὑποκριναμένη
941 1034 1007 1074 καὶ
1054 1037 1192 1081 οἴκους
1232 1035 1551 1082 πολυταλάντους
1591 1033 1860 1087 ἀνατρέψασα,

290 1096 513 1135 ποικίλον
549 1109 590 1133 τι
629 1093 707 1134 καὶ
743 1094 1146 1147 πολυγύμναστον
1183 1094 1349 1145 κακόν,
1386 1095 1671 1148 παραλαβοῦσα
1710 1094 1765 1142 εἰς
1795 1093 1863 1141 τὰς

292 1159 419 1206 χεῖρας
440 1186 448 1194 .
471 1187 478 1194 .
499 1152 663 1205 ἄπειρον
682 1160 759 1194 τῶν
785 1154 975 1194 τοιούτων
1002 1154 1293 1206 μηχανημάτων
1318 1154 1528 1194 νεανίσκον
1548 1153 1623 1194 οὐκ
1641 1152 1789 1205 ἀνῆκεν
1804 1185 1812 1192 .
1827 1186 1836 1194 .
1853 1183 1862 1192 .

296 1218 346 1254 15
375 1213 457 1254 ἐπεὶ
499 1211 671 1269 ᾔσθετο
709 1219 894 1268 πονηρῶς
931 1212 1069 1266 ἔχοντα
1104 1212 1170 1253 καὶ
1204 1210 1210 1267 Ι
1244 1213 1506 1266 διάβροχον
1545 1211 1636 1265 ἤδη
1667 1215 1720 1269 τῷ
1751 1211 1863 1265 ἔρωτι

291 1272 370 1312 καὶ
399 1272 599 1323 τακερὸν
631 1271 954 1326 γεγενημένον
982 1273 988 1322 Ι
1016 1303 1025 1312 .
1047 1303 1055 1312 .
1077 1305 1085 1312 .
1111 1273 1223 1313 κύειν
1254 1272 1293 1320 ἐξ
1325 1272 1449 1313 αὐτοῦ
1481 1273 1687 1325 σκήπτεται
1718 1304 1726 1312 .
1760 1303 1768 1312 .
1801 1304 1810 1312 .
1842 1270 1863 1311 ὁ

294 1331 335 1371 δὲ
368 1362 376 1372 .
411 1365 418 1371 .
452 1364 460 1372 .
492 1331 669 1384 τοῦνομα
710 1328 870 1387 (αὐτῆς)
915 1332 1104 1385 ἐπεβοᾶτο
1146 1331 1211 1372 καὶ
1239 1331 1244 1381 Ι
1272 1331 1357 1384 τὴν
1397 1332 1559 1372 εἰκόνα
1593 1330 1866 1384 περιβαλὼν

294 1391 438 1444 αὐτῆς
479 1389 582 1443 (αὐτ.
606 1387 668 1446 π.)
701 1422 711 1431 .
744 1424 752 1431 .
786 1422 796 1432 .
827 1391 1036 1432 ἐκώκυεν
1063 1390 1068 1441 Ι
1097 1391 1175 1432 καὶ
1211 1391 1342 1440 τέλος
1378 1391 1658 1445 καταβαλὼν
1695 1390 1865 1432 ἑαυτὸν

296 1448 420 1499 (ἕαυτ.
445 1446 500 1506 κ.)
539 1451 605 1499 εἰς
642 1450 888 1502 τοῦδαφος
916 1452 921 1501 Ι
950 1451 1222 1501 ἐκυλίνδετο
1251 1452 1256 1502 Ι
1285 1450 1361 1490 καὶ
1398 1452 1538 1491 λύττα
1576 1446 1633 1503 ἦν
1665 1449 1866 1503 ἀκριβὴς

295 1509 400 1564 (ἀκρ.
441 1506 512 1566 ἦν)
553 1510 600 1550 τὸ
641 1517 847 1564 πρᾶγμα·
887 1511 939 1551 τὰ
980 1509 1063 1563 μὲν
1103 1511 1188 1564 γὰρ
1228 1512 1354 1563 δῶρα
1390 1510 1445 1551 οὐ
1482 1509 1597 1550 κατὰ
1637 1513 1759 1563 μῆλα
1788 1508 1866 1550 καὶ

294 1571 560 1622 στεφάνους
603 1569 827 1618 ἀντεδίδοτο
867 1570 980 1626 αὐτῇ,
1022 1569 1118 1610 ἀλλὰ
1166 1571 1364 1610 συνοικίαι
1405 1569 1490 1610 ὅλαι
1535 1569 1601 1610 καὶ
1647 1568 1761 1624 ἀγροὶ
1800 1568 1866 1609 καὶ

293 1630 535 1683 θεράπαιναι
573 1660 582 1668 .
615 1660 625 1669 .
656 1660 666 1670 .
704 1629 770 1669 καὶ
808 1629 953 1684 χρυσὸν
991 1629 1140 1670 ὁπόσον
1172 1629 1381 1681 ἐθελήσειε.
1441 1628 1542 1669 καὶ.
1569 1662 1577 1669 .
1604 1629 1647 1669 ἐν
1678 1630 1820 1683 βραχεῖ
1844 1626 1865 1668 ὁ

294 1691 527 1737 Λύσωνος
553 1686 618 1740 (cf.
646 1691 694 1729 fr.
723 1690 856 1738 1449)
884 1686 992 1738 οἶκος
1018 1688 1327 1741 ὀνομαστότατος
1348 1717 1379 1728 ..
1396 1721 1404 1729 .
1425 1688 1636 1742 γενόμενος
1662 1688 1866 1740 ἐξήντλητο

294 1749 359 1788 καὶ
391 1747 653 1798 ἐξεκεκένωτο.
715 1751 764 1789 of.
795 1750 898 1789 Mus.
931 1751 1055 1789 Rhen.
1090 1752 1156 1790 36.
1179 1752 1217 1790 7.

1027 1866 1140 1908 1449

417 1951 615 1991 Continuo
648 1965 737 1990 oum
769 1952 831 1990 his
864 1952 1142 2003 coniungenda
1174 1955 1260 1991 erat
1291 1955 1430 2003 utpote
1463 1954 1534 1990 aut
1559 1965 1606 1989 ex
1632 1952 1770 1990 eadem
1795 1952 1866 1990 auss

297 2012 501 2050 simillima
539 2024 683 2050 scaena
720 2012 1008 2050 transformata
1049 2012 1223 2061 episbula
1254 2011 1509 2085 Aleiphlon'is
1537 2013 1575 2060 3,
1603 2013 1657 2050 50
1690 2009 1763 2050 οὐκ
1795 2009 1866 2050 ἀν-

299 2069 432 2122 έχομαι
465 2069 568 2122 ὁρῶν
594 2100 603 2109 .
630 2101 639 2109 .
665 2069 737 2121 τὴν
769 2069 1018 2122 ιππόπορνον
1050 2069 1212 2122 ἀπηνῶς
1243 2073 1296 2126 τῷ
1328 2071 1514 2123 μειρακίῳ
1543 2068 1760 2122 χρωμένην.
1809 2068 1864 2109 οὗ

296 2129 382 2182 γὰρ
415 2130 683 2169 δαπανᾶται
716 2129 782 2177 εἰς
814 2128 962 2180 αὐτὴν
995 2131 1192 2182 χρυσίον
1224 2112 1300 2182 (χρ.
1326 2130 1381 2177 εἰς
1406 2125 1511 2183 αυτ.)
1543 2129 1692 2181 μόνον
1720 2125 1725 2183 Ι
1752 2127 1865 2181 κάρ-

295 2189 485 2241 γύριον,
517 2187 611 2229 ἀλλ’
646 2187 725 2240 ήδη
757 2188 835 2228 καὶ
866 2190 1116 2237 συνοικίας
1146 2188 1213 2228 καὶ
1238 2188 1416 2243 ἀγρούς
1442 2186 1546 2243 (ἀγρ.
1571 2203 1610 2228 τε
1629 2204 1694 2228 και
1714 2179 1841 2243 σ)Ι

298 2247 382 2301 ἐγὼ
422 2245 457 2288 δ’
487 2246 734 2300 ὀδυνῶμαι
780 2245 969 2303 (fortasse
1015 2249 1104 2289 add.
1146 2254 1230 2296 πῶς
1273 2247 1440 2302 δοκεΐςς)
1483 2247 1567 2299 τὴν
1597 2248 1822 2301 καρδίαν,
1855 2217 1864 2299 Ι

298 2307 420 2361 ὁρῶν
446 2307 743 2360 ὑπορρέοντα
767 2314 968 2348 τοσοῦτον
992 2312 1202 2349 πλοῦτον
1222 2303 1411 2362 (fortasse
1430 2307 1498 2348 τὸν
1516 2310 1579 2347 πλ.
1598 2303 1763 2361 βάδην),
1786 2304 1823 2360 Ι
1813 2305 1866 2346 ὂν

298 2368 339 2407 οἵ
373 2371 580 2419 μακαρῖται
617 2367 723 2424 αὐτῷ
759 2368 947 2415 Λυσίας
983 2367 1060 2407 καὶ
1102 2367 1412 2419 Φανοστράτη
1450 2365 1693 2407 κατέλιπον
1731 2362 1865 2421 (κατέ-

297 2430 382 2466 λιπε
413 2426 478 2466 καὶ
515 2422 595 2481 Φ).
623 2425 682 2477 Ιᾶ
698 2410 823 2481 (ὅσα)
861 2426 948 2480 γὰρ
986 2426 1165 2467 ἐκεῖνοι
1202 2423 1295 2466 κατ’
1332 2424 1504 2479 ὀβολὸν
1536 2420 1864 2480 συνήγαγον,Ι

298 2484 488 2538 ἁθρόως
530 2485 706 2526 ἀναλοῖ
740 2486 788 2526 τὸ
828 2486 1123 2527 πολύκοινον
1164 2491 1300 2526 τοῦτο
1333 2485 1411 2526 καὶ
1437 2484 1443 2538 Ι
1471 2485 1759 2538 αἰσχρότατον
1789 2485 1867 2538 γύ-

298 2561 448 2585 ναιον.
482 2568 533 2574 -—
569 2547 617 2586 cf.
643 2547 778 2585 Herm.
803 2547 896 2585 XXI
929 2549 1011 2587 391
1047 2549 1088 2586 et
1118 2547 1242 2586 Arist.
1274 2547 1374 2586 Aah.
1402 2549 1439 2586 1.
1465 2548 1489 2586 3
1518 2549 1558 2586 et
1584 2546 1668 2585 535
1702 2544 1868 2585 ἐπείνων

298 2604 462 2656 βάδην.

948 2661 1220 2706 1450.1451

418 2748 618 2787 Lucianus
656 2750 797 2788 Toxar.
824 2751 880 2788 30
913 2747 1159 2798 ἀφικνεῖται.
1187 2780 1195 2788 .
1223 2745 1368 2788 ,ουδὲν
1406 2746 1520 2795 εἰδὼς
1557 2753 1634 2787 τῶν
1672 2761 1866 2800 γεγενη-

302 2804 468 2856 μένων.
529 2806 595 2846 καὶ
634 2807 796 2859 ἐπειδὴ
836 2807 1018 2859 ἔμαθεν
1060 2803 1137 2862 (ἐπ.
1170 2804 1207 2847 δ’
1243 2806 1367 2859 ε’μαθε
1398 2806 1444 2846 τὰ
1474 2802 1748 2860 γεγενημένα),
1776 2801 1782 2860 Ι
1809 2805 1868 2854 ὡς

301 2861 425 2916 εἶχεν
458 2865 609 2914 ευθυς
640 2866 716 2907 ἐπὶ
746 2866 794 2907 τὸ
827 2867 1154 2920 δεσμωτήριον
1181 2867 1187 2916 Ι
1216 2867 1447 2919 δρομαῖος
1478 2864 1632 2906 ἐλθὼν
1656 2864 1758 2905 τότε
1782 2864 1867 2917 μὲν

303 2923 389 2963 οὐκ
414 2924 683 2977 εἰσεδέχθη,
709 2925 879 2978 ἑσπέρα
903 2926 990 2980 γὰρ
1015 2942 1073 2978 ην
1099 2922 1199 2981 (τότε
1219 2924 1305 2978 μέν,
1330 2925 1412 2965 έσπ.
1438 2942 1472 2978 γ.
1492 2920 1558 2977 ἧν,
1585 2926 1591 2974 Ι
1619 2923 1692 2964 ουκ
1717 2924 1830 2965 εἰσεδ.
1834 2922 1868 2980 ),
