2014 3334
252 245 340 287 500
638 246 640 250 ’
907 245 1169 278 ΑΔΕΣΠΟΤΑ

252 355 342 407 ήκοι
379 352 414 394 δ’
456 370 506 394 αν
552 354 745 411 βαλανείω
790 353 955 407 λουτρὸν
1007 353 1074 394 καὶ
1111 357 1298 394 λουσθαι·
1341 357 1476 395 λοῦται
1521 376 1570 382 -
1621 354 1815 407 δεύτερον.

251 414 448 467 Αἰσχύλος
486 407 523 453 δ’
566 428 617 454 αν
656 434 709 440 -
748 412 890 488 λέγεινὲ
926 410 1014 453 ἀλλ’
1050 412 1093 453 ἐκ
1134 436 1183 442 -
1218 414 1448 468 λουτηρίων.
1507 415 1616 465 prior
1660 410 1815 454 versus

251 475 386 514 nescio
419 474 532 513 euius
562 475 706 524 poetae
737 470 903 513 comici'.
934 475 1087 513 Nauck.

986 557 1074 632 49⁵3

535 671 737 729 βλέφαρα
766 671 975 728 κέκληταί
1001 670 1041 726 γ’
1079 672 1138 722 ὡς
1168 674 1408 727 καπηλείου
1439 672 1590 728 θύραι.

372 760 515 799 Pollux
549 761 704 810 7,193
736 758 778 798 τὸ
809 764 887 798 τῶν
916 758 1106 810 καπήλων
1138 757 1388 811 ἐργαστήριον
1418 761 1679 810 καπηλεῖον
1713 756 1817 809 εἰρή-

250 829 367 858 κασιν
399 818 442 859 οἱ
468 818 976 875 κωμωὸοδιδάσκαλοι,
1014 816 1080 857 καὶ
1116 816 1158 857 τὸ
1195 817 1576 874 κωμῳδούμενον
1607 815 1649 856 ἕν
1680 818 1818 867 Σοφο-

249 876 388 926 κλέους
422 879 544 918 Φινεῖ
557 860 624 930 (fr.
647 881 731 918 640
750 875 820 928 Ν.)
840 880 917 917 κτλ.
965 874 1024 930 γ’]
1047 873 1083 916 δ’
1105 877 1143 916 Α
1175 873 1284 930 (forb.
1316 876 1453 930 recte).
1497 876 1628 928 θύρας
1646 875 1694 915 A.
1738 877 1817 915 duo

252 939 375 978 verba
404 939 534 988 prima
560 938 768 988 Sophoclis
799 939 904 986 sunt,
938 950 1039 988 quae
1071 937 1244 976 comicus
1276 937 1421 987 aliquis
1451 938 1634 986 repetens
1665 935 1819 986 reliqua

251 998 356 1037 risus
389 997 574 1037 movendi
606 1009 727 1037 causa
757 969 913 1036 adiecib'.
962 997 1012 1036 cf.
1044 997 1093 1035 H.
1127 996 1263 1036 Iacobi
1293 997 1328 1034 V
1363 1008 1577 1036 cccmzxw.

994 1124 1083 1167 494

535 1208 627 1266 ἥλῳ
661 1208 741 1250 τὸν
771 1203 898 1262 ἧλον,
929 1207 1132 1264 παττάλῳ
1163 1207 1242 1249 τὸν
1272 1206 1493 1248 πάτταλον

370 1295 514 1334 Pollux
547 1296 584 1346 9,
620 1295 703 1333 120
739 1287 792 1345 ἦν
833 1289 869 1332 δ’
905 1292 1020 1346 ἔργον
1057 1323 1066 1332 .
1099 1324 1107 1333 .
1141 1324 1149 1332 .
1171 1284 1248 1331 ’τὸν
1285 1290 1554 1345 καταπαγέντα
1586 1287 1816 1346 (πάτταλον)

252 1353 460 1408 ἐκκροῦσαι
497 1353 697 1404 πλήξαντα
732 1351 831 1392 κατὰ
867 1351 939 1402 τὴν
971 1350 1149 1403 κεφαλὴν
1186 1350 1299 1408 ἑτέρῳ
1335 1351 1530 1409 παττάλῳ·
1569 1350 1666 1390 ὅθεν
1695 1349 1762 1390 καὶ
1791 1347 1817 1401 ἡ

250 1414 442 1466 παροιμία
472 1415 550 1467 κτλ.
587 1435 636 1440 -
672 1413 720 1452 cf.
753 1412 971 1462 Antiphan.
1005 1414 1102 1451 300.
1144 1412 1277 1462 adesp.
1309 1413 1406 1451 453.
1455 1411 1617 1450 Lucian.
1649 1411 1817 1461 Apolog.

184 1528 187 1529 ⁷
251 1487 326 1526 pro
357 1486 475 1513 merc.
507 1473 619 1512 cond.
653 1473 691 1511 9.
740 1471 819 1510 Pro
850 1472 966 1522 lapsu
1001 1474 1037 1510 7.
1086 1470 1164 1510 Cic.
1192 1472 1358 1531 Tuscul.
1390 1473 1429 1521 4,
1462 1473 1529 1520 35,
1563 1472 1629 1510 75.

987 1598 1076 1641 495

536 1680 634 1738 ἐμοὶ
665 1680 705 1724 δ’
742 1680 956 1739 ἐκέρασαν
987 1681 1034 1723 οἱ
1060 1679 1162 1723 θεοὶ
1187 1681 1240 1722 τὰ
1270 1686 1347 1736 τῆς
1376 1681 1518 1736 τύχης.

371 1770 606 1809 Libanius'I
635 1771 672 1819 2,
700 1771 724 1808 6
757 1769 889 1808 Reisk.
934 1767 992 1807 ὅτι
1022 1782 1090 1819 μοι
1119 1766 1165 1806 τὰ
1189 1767 1308 1820 τύχης
1333 1766 1386 1806 ἐκ.
1412 1767 1455 1807 οἱ
1475 1771 1516 1807 θ.
1542 1764 1607 1806 καὶ
1632 1764 1722 1806 οὔτε
1752 1765 1817 1806 εὖ·

253 1827 552 1881 δαιμονὲστατος
583 1826 672 1869 οὔτε
703 1827 946 1875 ἀθλιώτατος
977 1826 1063 1880 ἐγώ.
1100 1847 1147 1854 -
1183 1832 1252 1879 τῆς
1282 1828 1371 1866 add.

991 1955 1078 1997 496

538 2036 611 2095 ἐμὲ
644 2034 685 2081 δ’
722 2037 922 2081 ἐκέλευεν
954 2036 1188 2080 ἀδυνάτων
1219 2036 1474 2092 ἀφεστάναι.

371 2126 563 2165 Libanius
595 2126 613 2164 1
649 2128 715 2176 12,
750 2128 786 2164 1.

988 2205 1073 2247 497

538 2290 710 2345 σωροὺς
741 2286 811 2343 ἐφ’
849 2287 1014 2343 ἁμάξης
1044 2283 1120 2342 ἧκε
1152 2287 1350 2341 βυβλίων
1382 2285 1515 2340 ἄγων.

374 2376 567 2414 Libanius
599 2375 618 2413 I
651 2377 719 2424 39,
754 2377 806 2413 15
840 2371 861 2413 ὅ
886 2370 1156 2426 “Ηρακλεώτης
1187 2383 1220 2411 σ.
1256 2393 1305 2399 —
1340 2360 1436 2422 ἧκεν
1467 2368 1577 2424 ἄγων
1608 2370 1782 2423 βιβλίων.

995 2489 1081 2531 498

538 2572 635 2630 ἐμοὶ
665 2573 750 2630 γάρ
782 2571 902 2615 ἐστιν
933 2570 1032 2614 ἀντὶ
1063 2571 1273 2626 γυναικὸς
1303 2569 1330 2624 ἡ
1361 2568 1504 2626 τέχνη.

372 2660 564 2700 Libanius
597 2659 615 2697 I
647 2661 726 2709 40,
757 2661 780 2698 5
828 2653 1048 2711 (ἐκέλευσα)
1081 2658 1205 2708 ζητεῖν
1236 2655 1414 2707 νυμφίον
1448 2650 1512 2710 (τῇ
1543 2650 1732 2708 θυγατρὶ)
1764 2652 1818 2702 ὥς

253 2719 383 2773 ἕμονγε
402 2717 524 2771 οὔσης
543 2717 629 2758 ἀντὶ
647 2734 681 2771 γ.
696 2723 764 2770 τῆς
783 2715 930 2770 τέχνης.
962 2718 1148 2768 excerpta
1165 2728 1250 2755 esse
1262 2717 1432 2766 possunt
1445 2728 1492 2754 ex
1503 2715 1640 2765 Pytine
1652 2714 1816 2754 Cratini,

991 2831 1079 2875 499

537 2917 587 2959 τὸ
618 2917 957 2973 προπηλακίζειν
986 2912 1302 2971 παραπέτασμα
1332 2920 1427 2964 ταῖς
1456 2915 1649 2962 κλοπαῖς.
