2014 3334
0 2822 5 2869 .„„.‚
0 2577 10 2811 „nff--v-v-mr-
0 2531 2 2534 v

755 250 923 291 AAHAA
949 250 1210 285 ΟΠΟΊῈΡΑΣ
1682 247 1767 291 561

190 359 359 413 ἁπαλός,
396 360 622 409 ἀτάσθαλος
659 362 708 402 ad
741 362 851 402 aliud
883 375 1011 415 genus
1043 362 1257 414 pertinent.
1314 362 1438 402 Arist.
1471 362 1544 414 Eq.
1577 364 1631 402 42
1675 362 1769 402 δύσ-

189 421 553 523 ἒρὲέἔαγζρόντιον.
603 435 648 462 ac
679 423 851 462 fortasse
877 422 999 462 etiam
1025 420 1239 462 νυσταλέον
1268 421 1471 477 γερόντιον
1503 422 1609 462 idem
1630 423 1770 475 Δῆμος

942 563 1028 605 876

478 622 595 674 ὄζειν
626 620 737 665 ἐτῶν

310 709 480 749 Bekker.
494 708 640 749 Aneed.
658 711 726 760 53,
746 713 763 748 1
776 713 794 748 1
823 708 931 748 πάνυ
951 707 1114 757 ἀστείως
1133 707 1196 749 ἐπὶ
1215 707 1439 763 πρεσβύτου
1459 708 1485 762 ἣ
1499 706 1769 764 πρεσβύτιδος.

477 897 680 952 ὄμφακας
710 876 892 952 βλέπειν
933 839 1018 881 877
1064 902 1067 903 ⁷

311 984 481 1024 Bekker.
513 983 663 1023 Anecd.
698 985 767 1034 53,
800 987 824 1024 9
859 979 946 1024 οἷον
978 982 1176 1036 αὐστηρὸν
1206 982 1272 1024 καὶ
1298 985 1427 1037 δριμύ.
1479 985 1650 1025 Photius
1672 987 1771 1036 335,

196 1046 248 1085 14
270 1041 432 1096 ὄμφακα
450 1049 532 1083 πᾶν
551 1042 593 1083 τὸ
613 1042 811 1096 αὐστηρὸν
830 1041 1021 1097 λέγουσιν.
1066 1045 1248 1095 Append.
1268 1058 1380 1095 prov.
1401 1047 1440 1096 4,
1461 1047 1513 1084 21
1541 1041 1603 1091 (et
1620 1046 1769 1085 Macar.

193 1106 231 1154 6,
251 1100 327 1155 30)
360 1101 544 1156 ὅμφακας
580 1100 728 1155 βλέπει·
768 1102 832 1143 ἐπὶ
868 1110 946 1144 τῶν
985 1103 1103 1156 δριμὺ
1135 1103 1362 1157 βλεπόντων
1395 1103 1462 1144 καὶ
1493 1103 1767 1158 ὀργιζομένων.

191 1164 240 1204 of.
271 1163 397 1205 Arist.
429 1163 528 1203 Ach.
562 1165 647 1203 352
682 1159 874 1216 (Bekker.
905 1165 1054 1204 Anecd.
1087 1166 1155 1215 54,
1177 1161 1265 1216 22).
1314 1165 1417 1205 Plat.
1448 1177 1548 1205 com.
1569 1167 1636 1205 32.
1669 1166 1769 1205 Mei-

192 1224 282 1264 nek.
313 1223 355 1263 ῙῙ
388 1226 486 1263 626.

934 1305 1020 1348 878

478 1386 741 1444 ὀνόγαστρις
771 1388 1012 1445 ἄνθρωπος

311 1474 482 1514 Bekker.
503 1474 652 1514 Aneed.
676 1476 745 1526 54,
765 1476 820 1514 28
854 1473 917 1514 ἐπὶ
948 1480 1027 1514 τῶν
1057 1471 1271 1528 ἄρρυθμον
1301 1473 1368 1514 καὶ
1398 1474 1573 1528 μεγάλην
1603 1472 1769 1527 γαστέρα

193 1532 374 1587 ἐχόντων.
423 1535 472 1574 cf.
502 1534 630 1574 Arist.
660 1535 735 1574 Av.
772 1537 895 1575 1604.
941 1535 1100 1574 Thesm.
1133 1536 1218 1574 816
1261 1537 1303 1574 et
1333 1548 1437 1585 quae
1468 1536 1518 1574 ad
1550 1535 1649 1574 Rau.
1682 1536 1769 1575 200

194 1595 486 1636 adnotavimus.

934 1675 1020 1718 879

480 1746 717 1803 ὀνυχιμαῖα
748 1745 924 1802 τέμνειν

314 1831 401 1873 ἀντὶ
431 1838 502 1873 τοῦ
533 1833 662 1886 μικρά.
712 1834 884 1873 Bekker.
915 1833 1064 1873 Anecd.
1097 1835 1167 1884 53,
1202 1835 1267 1873 14.

938 1962 1026 2005 880

482 2021 653 2079 ὀξερίας
683 2023 818 2078 τυρός

316 2108 463 2161 εἴρηται
482 2105 555 2159 μὲν
575 2106 618 2148 ἕν
636 2113 682 2164 τῇ
702 2107 904 2164 κωμῳδίᾳ,
923 2107 1131 2148 Σικελικὸν
1152 2106 1194 2147 δὲ
1213 2104 1256 2148 τὸ
1282 2107 1436 2160 ἔδεσμα.
1478 2110 1622 2149 Pollux
1645 2111 1683 2161 6,
1704 2111 1772 2149 48.

937 2238 1021 2281 881

482 2295 581 2340 οὐδ’
617 2296 666 2340 ἐν
698 2295 879 2353 δέρματι

315 2384 483 2423 Photius
516 2381 602 2423 ἀντὶ
628 2389 698 2424 τοῦ
723 2383 888 2437 γυμνός,
918 2382 1201 2437 ὑπερβολικῶς.
1246 2382 1366 2424 οὐδὲν
1398 2385 1482 2425 cod.
1511 2385 1643 2424 minus
1674 2377 1772 2424 hehe

196 2443 434 2494 Hesychius.

937 2525 1025 2568 882

482 2606 564 2662 οὐκ
595 2605 986 2664 ἐπιγλωττήσομαι.

315 2693 459 2733 Pollux
492 2695 529 2744 2,
566 2695 646 2734 109
685 2693 729 2734 οἱ
759 2693 926 2746 κωμικοὶ
963 2709 986 2734 κ
994 2710 1019 2734 α
1028 2697 1140 2748 ταγλ
1151 2710 1236 2734 ωττ
1244 2695 1308 2742 ίζε
1316 2710 1362 2734 ιν
1400 2693 1443 2734 ἐν
1480 2694 1670 2746 φιλήματι
1707 2693 1771 2734 καὶ

194 2755 368 2805 καταγλ
380 2751 627 2804 ωττισμός,
663 2751 730 2793 καὶ
767 2752 1166 2807 ἐπιγλωττωμένω
1176 2770 1199 2793 ν
1231 2749 1319 2794 οἷον
1349 2752 1683 2807 λοιδορουμένων,
1707 2753 1774 2794 καὶ

193 2826 223 2851 π
232 2828 256 2852 α
264 2814 286 2852 λ
293 2812 310 2852 ί
314 2828 338 2866 γ
345 2828 368 2866 γ
376 2815 398 2852 λ
406 2827 436 2852 ω
445 2824 468 2852 σ
475 2823 498 2852 σ
505 2827 526 2852 ο
535 2827 559 2852 ν
594 2811 662 2853 τὸν
700 2812 915 2866 δύσφημον
923 2843 935 2864 ,
973 2812 1040 2853 καὶ
1076 2813 1151 2854 οὐκ
1190 2812 1523 2867 ἐπιγλωττήσομαι
1558 2811 1687 2867 ἤγουν
1724 2813 1773 2854 οὐ

196 2871 490 2924 λοιδορήσομαι.
539 2873 853 2926 καταγλωττίζειν
891 2877 953 2913 ter
990 2874 1295 2925 Aristophanes.
1344 2875 1579 2927 καταγλωττι
1587 2885 1643 2926 σμ
1651 2873 1676 2913 ά
1684 2888 1742 2913 τω
1753 2890 1774 2913 ν

197 2931 304 2971 Nub.
336 2934 360 2972 5
370 2935 403 2973 1.
455 2930 530 2971 οὐκ
559 2930 682 2986 ἐπιγλ.
715 2932 836 2972 etiam
867 2933 1039 2985 Hesych.

270 3016 386 3044 Comini
405 3017 518 3052 graeei,
537 3017 583 3045 od.
604 3017 658 3045 Th.
678 3018 774 3046 Kook.
793 3019 851 3046 m.
1439 3016 1486 3049 36
