<?xml version="1.0" encoding="UTF-8"?>
<!DOCTYPE html PUBLIC "-//W3C//DTD XHTML 1.0 Transitional//EN"
    "http://www.w3.org/TR/xhtml1/DTD/xhtml1-transitional.dtd">
<html xmlns="http://www.w3.org/1999/xhtml" xml:lang="en" lang="en">
 <head>
  <title>
</title>
<meta http-equiv="Content-Type" content="text/html;charset=utf-8" />
  <meta name='ocr-system' content='tesseract 3.04.00' />
  <meta name='ocr-capabilities' content='ocr_page ocr_carea ocr_par ocr_line ocrx_word'/>
</head>
<body>
  <div class='ocr_page' id='page_1' title='image "./comicorumatticor03kockuoft_0071.png"; bbox 0 0 2014 3334; ppageno 0'>
   <div class='ocr_carea' id='block_1_1' title="bbox 623 285 1770 328">
    <p class='ocr_par' dir='ltr' id='par_1_1' title="bbox 623 285 1770 328">
     <span class='ocr_line' id='line_1_1' title="bbox 623 285 1770 328; baseline -0.002 -6"><span class='ocrx_word' id='word_1_1' title='bbox 623 288 913 323; x_wconf 86' lang='grc' dir='ltr'><strong>ΕΠΙΚΔΗΡΟΣ</strong></span> <span class='ocrx_word' id='word_1_2' title='bbox 962 287 1347 323; x_wconf 84' lang='grc' dir='ltr'><strong>ΕΠῙΤΡΕΠΟΝΤΕΣ</strong></span> <span class='ocrx_word' id='word_1_3' title='bbox 1714 285 1770 328; x_wconf 82' lang='grc'><strong>51</strong></span> 
     </span>
    </p>
   </div>
   <div class='ocr_carea' id='block_1_2' title="bbox 35 396 1774 634">
    <p class='ocr_par' dir='ltr' id='par_1_2' title="bbox 35 396 1774 634">
     <span class='ocr_line' id='line_1_2' title="bbox 312 396 1771 454; baseline -0.002 -13"><span class='ocrx_word' id='word_1_4' title='bbox 312 399 439 441; x_wconf 83' lang='lat' dir='ltr'>Orion</span> <span class='ocrx_word' id='word_1_5' title='bbox 457 401 704 453; x_wconf 71' lang='lat' dir='ltr'><strong>Anthologn.</strong></span> <span class='ocrx_word' id='word_1_6' title='bbox 727 403 765 453; x_wconf 87' lang='lat'><strong><em>6,</em></strong></span> <span class='ocrx_word' id='word_1_7' title='bbox 785 403 811 440; x_wconf 86' lang='lat'>4</span> <span class='ocrx_word' id='word_1_8' title='bbox 845 398 889 440; x_wconf 77' lang='grc' dir='ltr'><strong><em>ἐκ</em></strong></span> <span class='ocrx_word' id='word_1_9' title='bbox 919 405 998 440; x_wconf 82' lang='grc' dir='ltr'><strong><em>τῶν</em></strong></span> <span class='ocrx_word' id='word_1_10' title='bbox 1025 396 1340 454; x_wconf 84' lang='grc' dir='ltr'><strong><em>Ἐπιτρεπόντων</em></strong></span> <span class='ocrx_word' id='word_1_11' title='bbox 1361 398 1623 451; x_wconf 81' lang='grc' dir='ltr'><em>Μενάνδρου.</em></span> <span class='ocrx_word' id='word_1_12' title='bbox 1672 413 1709 440; x_wconf 86' lang='lat' dir='ltr'><strong><em>v.</em></strong></span> <span class='ocrx_word' id='word_1_13' title='bbox 1734 402 1771 438; x_wconf 90' lang='lat'><strong>1.</strong></span> 
     </span>
     <span class='ocr_line' id='line_1_3' title="bbox 51 455 1772 517; baseline -0.004 -12"><span class='ocrx_word' id='word_1_14' title='bbox 51 503 66 513; x_wconf 61' lang='lat'><em>„</em></span> <span class='ocrx_word' id='word_1_15' title='bbox 191 463 216 502; x_wconf 79' lang='lat'><strong>2</strong></span> <span class='ocrx_word' id='word_1_16' title='bbox 250 455 315 517; x_wconf 76' lang='grc' dir='ltr'><strong><em>(ἐν</em></strong></span> <span class='ocrx_word' id='word_1_17' title='bbox 345 459 465 501; x_wconf 81' lang='grc' dir='ltr'><strong><em>παντὶ</em></strong></span> <span class='ocrx_word' id='word_1_18' title='bbox 500 483 549 490; x_wconf 84' lang='lat'><strong>—</strong></span> <span class='ocrx_word' id='word_1_19' title='bbox 585 455 827 514; x_wconf 83' lang='grc' dir='ltr'><strong><em>ἐπικρατεῖν)</em></strong></span> <span class='ocrx_word' id='word_1_20' title='bbox 870 460 1068 500; x_wconf 74' lang='lat' dir='ltr'><strong>Stobaeus</strong></span> <span class='ocrx_word' id='word_1_21' title='bbox 1100 461 1240 500; x_wconf 85' lang='lat' dir='ltr'><strong>Floril.</strong></span> <span class='ocrx_word' id='word_1_22' title='bbox 1274 463 1311 512; x_wconf 87' lang='lat'><strong><em>9,</em></strong></span> <span class='ocrx_word' id='word_1_23' title='bbox 1347 463 1398 500; x_wconf 85' lang='grc'><strong><em>12</em></strong></span> <span class='ocrx_word' id='word_1_24' title='bbox 1441 458 1691 511; x_wconf 78' lang='grc' dir='ltr'><strong><em>Μενάνδρου</em></strong></span> <span class='ocrx_word' id='word_1_25' title='bbox 1723 459 1772 498; x_wconf 88' lang='lat' dir='ltr'><strong><em>A.</em></strong></span> 
     </span>
     <span class='ocr_line' id='line_1_4' title="bbox 35 516 1774 577; baseline -0.001 -18"><span class='ocrx_word' id='word_1_26' title='bbox 35 522 89 569; x_wconf 53' lang='lat'><strong><em>⁵2</em></strong></span> <span class='ocrx_word' id='word_1_27' title='bbox 139 568 154 577; x_wconf 70' lang='lat'><strong><em>„</em></strong></span> <span class='ocrx_word' id='word_1_28' title='bbox 189 525 228 563; x_wconf 91' lang='lat'><strong>1.</strong></span> <span class='ocrx_word' id='word_1_29' title='bbox 258 526 338 562; x_wconf 80' lang='grc' dir='ltr'><strong><em>τῶν</em></strong></span> <span class='ocrx_word' id='word_1_30' title='bbox 376 524 418 561; x_wconf 77' lang='lat' dir='ltr'><strong><em>et</em></strong></span> <span class='ocrx_word' id='word_1_31' title='bbox 457 523 496 561; x_wconf 89' lang='lat'><strong><em>3.</em></strong></span> <span class='ocrx_word' id='word_1_32' title='bbox 526 525 596 561; x_wconf 83' lang='grc' dir='ltr'><strong><em>τοῦ</em></strong></span> <span class='ocrx_word' id='word_1_33' title='bbox 638 521 728 561; x_wconf 80' lang='lat' dir='ltr'><strong>add.</strong></span> <span class='ocrx_word' id='word_1_34' title='bbox 762 520 1051 561; x_wconf 81' lang='lat' dir='ltr'>Schneidewin.</span> <span class='ocrx_word' id='word_1_35' title='bbox 1093 542 1144 547; x_wconf 97' lang='lat'><strong>—</strong></span> <span class='ocrx_word' id='word_1_36' title='bbox 1188 522 1225 561; x_wconf 87' lang='lat'><strong><em>3.</em></strong></span> <span class='ocrx_word' id='word_1_37' title='bbox 1258 522 1297 559; x_wconf 85' lang='lat'><strong>4.</strong></span> <span class='ocrx_word' id='word_1_38' title='bbox 1335 516 1536 560; x_wconf 78' lang='lat' dir='ltr'>‘omnibus</span> <span class='ocrx_word' id='word_1_39' title='bbox 1573 520 1674 559; x_wconf 80' lang='lat' dir='ltr'>utile</span> <span class='ocrx_word' id='word_1_40' title='bbox 1713 522 1774 558; x_wconf 72' lang='lat' dir='ltr'><strong><em>est</em></strong></span> 
     </span>
     <span class='ocr_line' id='line_1_5' title="bbox 185 574 1772 634; baseline -0.003 -12"><span class='ocrx_word' id='word_1_41' title='bbox 185 594 525 634; x_wconf 83' lang='lat' dir='ltr'>unumquemque,</span> <span class='ocrx_word' id='word_1_42' title='bbox 557 581 628 622; x_wconf 89' lang='lat' dir='ltr'><strong><em>ubi</em></strong></span> <span class='ocrx_word' id='word_1_43' title='bbox 662 582 913 621; x_wconf 79' lang='lat' dir='ltr'><strong>occasionem</strong></span> <span class='ocrx_word' id='word_1_44' title='bbox 940 581 1210 632; x_wconf 73' lang='lat' dir='ltr'>nanciscatur,</span> <span class='ocrx_word' id='word_1_45' title='bbox 1242 581 1327 620; x_wconf 81' lang='lat' dir='ltr'>eius</span> <span class='ocrx_word' id='word_1_46' title='bbox 1353 581 1412 620; x_wconf 81' lang='lat' dir='ltr'><strong><em>rei</em></strong></span> <span class='ocrx_word' id='word_1_47' title='bbox 1441 593 1580 620; x_wconf 84' lang='lat' dir='ltr'>curam</span> <span class='ocrx_word' id='word_1_48' title='bbox 1605 574 1772 632; x_wconf 67' lang='lat' dir='ltr'>gerere?</span> 
     </span>
    </p>
   </div>
   <div class='ocr_carea' id='block_1_3' title="bbox 937 698 1022 740">
    <p class='ocr_par' dir='ltr' id='par_1_3' title="bbox 937 698 1022 740">
     <span class='ocr_line' id='line_1_6' title="bbox 937 698 1022 740; baseline 0 0"><span class='ocrx_word' id='word_1_49' title='bbox 937 698 1022 740; x_wconf 85' lang='lat'><strong><em>174</em></strong></span> 
     </span>
    </p>
   </div>
   <div class='ocr_carea' id='block_1_4' title="bbox 401 781 1450 984">
    <p class='ocr_par' dir='ltr' id='par_1_4' title="bbox 401 781 1450 984">
     <span class='ocr_line' id='line_1_7' title="bbox 403 781 1420 837; baseline -0.002 -12"><span class='ocrx_word' id='word_1_50' title='bbox 403 786 488 825; x_wconf 77' lang='grc' dir='ltr'><strong><em>οἴει</em></strong></span> <span class='ocrx_word' id='word_1_51' title='bbox 519 781 743 837; x_wconf 82' lang='grc' dir='ltr'><strong><em>τοσαύτην</em></strong></span> <span class='ocrx_word' id='word_1_52' title='bbox 774 782 880 831; x_wconf 82' lang='grc' dir='ltr'><strong><em>τοὺς</em></strong></span> <span class='ocrx_word' id='word_1_53' title='bbox 910 782 1050 831; x_wconf 85' lang='grc' dir='ltr'><strong><em>θεοὺς</em></strong></span> <span class='ocrx_word' id='word_1_54' title='bbox 1082 781 1208 836; x_wconf 76' lang='grc' dir='ltr'><strong><em>ἄγειν</em></strong></span> <span class='ocrx_word' id='word_1_55' title='bbox 1240 782 1420 837; x_wconf 82' lang='grc' dir='ltr'><strong><em>σχολήν,</em></strong></span> 
     </span>
     <span class='ocr_line' id='line_1_8' title="bbox 402 850 1450 912; baseline -0.002 -15"><span class='ocrx_word' id='word_1_56' title='bbox 402 854 514 897; x_wconf 80' lang='grc' dir='ltr'><strong><em>ὥστε</em></strong></span> <span class='ocrx_word' id='word_1_57' title='bbox 545 853 596 896; x_wconf 91' lang='grc' dir='ltr'><strong><em>τὸ</em></strong></span> <span class='ocrx_word' id='word_1_58' title='bbox 628 853 767 912; x_wconf 79' lang='grc' dir='ltr'><strong><em>κακὸν</em></strong></span> <span class='ocrx_word' id='word_1_59' title='bbox 798 851 872 896; x_wconf 85' lang='grc' dir='ltr'><strong><em>καὶ</em></strong></span> <span class='ocrx_word' id='word_1_60' title='bbox 903 852 1108 908; x_wconf 84' lang='grc' dir='ltr'><strong><em>τάγαθὸν</em></strong></span> <span class='ocrx_word' id='word_1_61' title='bbox 1138 850 1243 895; x_wconf 85' lang='grc' dir='ltr'><strong><em>καθ’</em></strong></span> <span class='ocrx_word' id='word_1_62' title='bbox 1279 850 1450 910; x_wconf 82' lang='grc' dir='ltr'><strong><em>ἡμέραν</em></strong></span> 
     </span>
     <span class='ocr_line' id='line_1_9' title="bbox 401 923 1049 984; baseline -0.002 -15"><span class='ocrx_word' id='word_1_63' title='bbox 401 925 555 982; x_wconf 84' lang='grc' dir='ltr'><strong><em>νέμειν</em></strong></span> <span class='ocrx_word' id='word_1_64' title='bbox 587 923 771 984; x_wconf 77' lang='grc' dir='ltr'><strong><em>ἑκάστῳ,</em></strong></span> <span class='ocrx_word' id='word_1_65' title='bbox 803 926 1049 982; x_wconf 71' lang='grc' dir='ltr'><strong><em>Σμικρίνης</em></strong></span> 
     </span>
    </p>
   </div>
   <div class='ocr_carea' id='block_1_5' title="bbox 185 1007 1778 1786">
    <p class='ocr_par' dir='ltr' id='par_1_5' title="bbox 185 1007 1778 1786">
     <span class='ocr_line' id='line_1_10' title="bbox 307 1007 1776 1068; baseline -0.002 -16"><span class='ocrx_word' id='word_1_66' title='bbox 307 1013 482 1054; x_wconf 82' lang='lat' dir='ltr'>Davides</span> <span class='ocrx_word' id='word_1_67' title='bbox 520 1013 730 1052; x_wconf 69' lang='lat' dir='ltr'><strong>Aristotel.</strong></span> <span class='ocrx_word' id='word_1_68' title='bbox 776 1012 915 1064; x_wconf 80' lang='lat' dir='ltr'><strong>Categ.</strong></span> <span class='ocrx_word' id='word_1_69' title='bbox 955 1014 1029 1063; x_wconf 84' lang='lat'><strong><em>23,</em></strong></span> <span class='ocrx_word' id='word_1_70' title='bbox 1070 1014 1124 1052; x_wconf 89' lang='grc'><strong><em>27</em></strong></span> <span class='ocrx_word' id='word_1_71' title='bbox 1176 1013 1229 1068; x_wconf 78' lang='grc' dir='ltr'><strong><em>τῷ</em></strong></span> <span class='ocrx_word' id='word_1_72' title='bbox 1274 1007 1500 1068; x_wconf 81' lang='grc' dir='ltr'><strong><em>Ἐπικούρῳ</em></strong></span> <span class='ocrx_word' id='word_1_73' title='bbox 1547 1009 1776 1062; x_wconf 82' lang='grc' dir='ltr'><strong><em>συνήκμασε</em></strong></span> 
     </span>
     <span class='ocr_line' id='line_1_11' title="bbox 187 1067 1775 1126; baseline -0.002 -13"><span class='ocrx_word' id='word_1_74' title='bbox 187 1070 446 1126; x_wconf 83' lang='grc' dir='ltr'><strong><em>Μένανδρος.</em></strong></span> <span class='ocrx_word' id='word_1_75' title='bbox 497 1067 608 1113; x_wconf 80' lang='grc' dir='ltr'><strong><em>οὗτοι</em></strong></span> <span class='ocrx_word' id='word_1_76' title='bbox 640 1069 683 1112; x_wconf 82' lang='grc' dir='ltr'><strong><em>δὲ</em></strong></span> <span class='ocrx_word' id='word_1_77' title='bbox 715 1072 758 1112; x_wconf 82' lang='grc' dir='ltr'><strong><em>οἵ</em></strong></span> <span class='ocrx_word' id='word_1_78' title='bbox 775 1069 1044 1126; x_wconf 82' lang='grc' dir='ltr'><strong><em>Ἐπικούρειοι</em></strong></span> <span class='ocrx_word' id='word_1_79' title='bbox 1074 1070 1141 1111; x_wconf 85' lang='grc' dir='ltr'><strong><em>καὶ</em></strong></span> <span class='ocrx_word' id='word_1_80' title='bbox 1172 1070 1282 1124; x_wconf 83' lang='grc' dir='ltr'><strong><em>μέχρι</em></strong></span> <span class='ocrx_word' id='word_1_81' title='bbox 1312 1077 1391 1111; x_wconf 84' lang='grc' dir='ltr'><strong><em>τῶν</em></strong></span> <span class='ocrx_word' id='word_1_82' title='bbox 1423 1070 1624 1124; x_wconf 82' lang='grc' dir='ltr'><strong><em>οὐρανίων</em></strong></span> <span class='ocrx_word' id='word_1_83' title='bbox 1657 1070 1775 1110; x_wconf 85' lang='grc' dir='ltr'><strong><em>ἴστων</em></strong></span> 
     </span>
     <span class='ocr_line' id='line_1_12' title="bbox 185 1129 1776 1187; baseline -0.002 -14"><span class='ocrx_word' id='word_1_84' title='bbox 185 1132 260 1186; x_wconf 79' lang='grc' dir='ltr'><strong><em>τὴν</em></strong></span> <span class='ocrx_word' id='word_1_85' title='bbox 297 1132 514 1187; x_wconf 84' lang='grc' dir='ltr'><strong><em>πρόνοιαν,</em></strong></span> <span class='ocrx_word' id='word_1_86' title='bbox 552 1132 621 1173; x_wconf 80' lang='grc' dir='ltr'><strong><em>ἵνα</em></strong></span> <span class='ocrx_word' id='word_1_87' title='bbox 658 1131 712 1184; x_wconf 81' lang='grc' dir='ltr'><strong><em>μὴ</em></strong></span> <span class='ocrx_word' id='word_1_88' title='bbox 750 1132 960 1186; x_wconf 83' lang='grc' dir='ltr'><strong><em>πράγματα</em></strong></span> <span class='ocrx_word' id='word_1_89' title='bbox 999 1137 1070 1187; x_wconf 80' lang='grc' dir='ltr'><strong><em>σχῇ</em></strong></span> <span class='ocrx_word' id='word_1_90' title='bbox 1109 1130 1151 1172; x_wconf 91' lang='grc' dir='ltr'><strong><em>τὸ</em></strong></span> <span class='ocrx_word' id='word_1_91' title='bbox 1188 1134 1307 1172; x_wconf 85' lang='grc' dir='ltr'><strong><em>θεῖον</em></strong></span> <span class='ocrx_word' id='word_1_92' title='bbox 1344 1130 1698 1185; x_wconf 63' lang='grc' dir='ltr'><strong><em>περιεργαζόμενοι]</em></strong></span> <span class='ocrx_word' id='word_1_93' title='bbox 1729 1129 1776 1170; x_wconf 84' lang='grc' dir='ltr'><strong><em>τὰ</em></strong></span> 
     </span>
     <span class='ocr_line' id='line_1_13' title="bbox 186 1188 1776 1249; baseline -0.003 -15"><span class='ocrx_word' id='word_1_94' title='bbox 186 1193 293 1249; x_wconf 82' lang='grc' dir='ltr'><strong><em>τῇδε.</em></strong></span> <span class='ocrx_word' id='word_1_95' title='bbox 355 1191 550 1246; x_wconf 80' lang='grc' dir='ltr'><strong><em>μέμνηται</em></strong></span> <span class='ocrx_word' id='word_1_96' title='bbox 582 1190 626 1232; x_wconf 82' lang='grc' dir='ltr'><strong><em>δὲ</em></strong></span> <span class='ocrx_word' id='word_1_97' title='bbox 656 1198 726 1245; x_wconf 81' lang='grc' dir='ltr'><strong><em>τῆς</em></strong></span> <span class='ocrx_word' id='word_1_98' title='bbox 758 1192 877 1244; x_wconf 79' lang='grc' dir='ltr'><strong><em>δόξης</em></strong></span> <span class='ocrx_word' id='word_1_99' title='bbox 907 1191 975 1232; x_wconf 84' lang='grc' dir='ltr'><strong><em>καὶ</em></strong></span> <span class='ocrx_word' id='word_1_100' title='bbox 1006 1190 1252 1244; x_wconf 84' lang='grc' dir='ltr'><strong><em>Μένανδρος</em></strong></span> <span class='ocrx_word' id='word_1_101' title='bbox 1289 1190 1334 1232; x_wconf 80' lang='grc' dir='ltr'><strong><em>ἐν</em></strong></span> <span class='ocrx_word' id='word_1_102' title='bbox 1363 1196 1446 1240; x_wconf 87' lang='grc' dir='ltr'><strong><em>τοῖς</em></strong></span> <span class='ocrx_word' id='word_1_103' title='bbox 1472 1188 1776 1244; x_wconf 67' lang='grc' dir='ltr'><strong><em>Ἐπιτρέπουσιν</em></strong></span> 
     </span>
     <span class='ocr_line' id='line_1_14' title="bbox 186 1246 1776 1306; baseline -0.001 -13"><span class='ocrx_word' id='word_1_104' title='bbox 186 1250 308 1306; x_wconf 76' lang='grc' dir='ltr'><strong><em>ἡνίκα</em></strong></span> <span class='ocrx_word' id='word_1_105' title='bbox 345 1253 470 1305; x_wconf 87' lang='grc' dir='ltr'><strong><em>φησίν</em></strong></span> <span class='ocrx_word' id='word_1_106' title='bbox 508 1255 587 1292; x_wconf 83' lang='grc' dir='ltr'><strong><em>κτλ.</em></strong></span> <span class='ocrx_word' id='word_1_107' title='bbox 648 1253 785 1293; x_wconf 84' lang='lat' dir='ltr'><strong>Ioann.</strong></span> <span class='ocrx_word' id='word_1_108' title='bbox 818 1253 976 1303; x_wconf 88' lang='lat' dir='ltr'><strong>Philop.</strong></span> <span class='ocrx_word' id='word_1_109' title='bbox 1021 1253 1080 1292; x_wconf 85' lang='lat' dir='ltr'><strong><em>De</em></strong></span> <span class='ocrx_word' id='word_1_110' title='bbox 1120 1254 1271 1292; x_wconf 75' lang='lat' dir='ltr'><strong>aetern.</strong></span> <span class='ocrx_word' id='word_1_111' title='bbox 1306 1253 1447 1291; x_wconf 87' lang='lat' dir='ltr'>mundi</span> <span class='ocrx_word' id='word_1_112' title='bbox 1481 1254 1548 1303; x_wconf 87' lang='grc'><strong><em>16,</em></strong></span> <span class='ocrx_word' id='word_1_113' title='bbox 1582 1253 1609 1290; x_wconf 85' lang='grc'>4</span> <span class='ocrx_word' id='word_1_114' title='bbox 1666 1246 1776 1291; x_wconf 85' lang='grc' dir='ltr'><strong><em>οἶδεν</em></strong></span> 
     </span>
     <span class='ocr_line' id='line_1_15' title="bbox 187 1308 1776 1367; baseline -0.002 -14"><span class='ocrx_word' id='word_1_115' title='bbox 187 1311 265 1367; x_wconf 73' lang='grc' dir='ltr'><strong><em>ἄρα</em></strong></span> <span class='ocrx_word' id='word_1_116' title='bbox 295 1312 363 1353; x_wconf 80' lang='grc' dir='ltr'><strong><em>καὶ</em></strong></span> <span class='ocrx_word' id='word_1_117' title='bbox 399 1312 446 1353; x_wconf 82' lang='grc' dir='ltr'><strong><em>τὰ</em></strong></span> <span class='ocrx_word' id='word_1_118' title='bbox 477 1311 617 1365; x_wconf 84' lang='grc' dir='ltr'><strong><em>μερικὰ</em></strong></span> <span class='ocrx_word' id='word_1_119' title='bbox 655 1310 675 1353; x_wconf 86' lang='grc' dir='ltr'><em>ὅ</em></span> <span class='ocrx_word' id='word_1_120' title='bbox 707 1311 824 1364; x_wconf 83' lang='grc' dir='ltr'><strong><em>θεός,</em></strong></span> <span class='ocrx_word' id='word_1_121' title='bbox 867 1311 935 1352; x_wconf 85' lang='grc' dir='ltr'><strong><em>καὶ</em></strong></span> <span class='ocrx_word' id='word_1_122' title='bbox 966 1311 1040 1365; x_wconf 80' lang='grc' dir='ltr'><strong><em>οὐχ</em></strong></span> <span class='ocrx_word' id='word_1_123' title='bbox 1083 1310 1137 1360; x_wconf 83' lang='grc' dir='ltr'><strong><em>ὡς</em></strong></span> <span class='ocrx_word' id='word_1_124' title='bbox 1181 1310 1315 1360; x_wconf 82' lang='grc' dir='ltr'><strong><em>ἀθέως</em></strong></span> <span class='ocrx_word' id='word_1_125' title='bbox 1357 1317 1436 1352; x_wconf 87' lang='grc' dir='ltr'><strong><em>τῶν</em></strong></span> <span class='ocrx_word' id='word_1_126' title='bbox 1478 1308 1574 1364; x_wconf 80' lang='grc' dir='ltr'><strong><em>παρ’</em></strong></span> <span class='ocrx_word' id='word_1_127' title='bbox 1609 1308 1776 1362; x_wconf 60' lang='grc' dir='ltr'><strong><em>’Ἕλλησι</em></strong></span> 
     </span>
     <span class='ocr_line' id='line_1_16' title="bbox 186 1367 1772 1426; baseline -0.003 -12"><span class='ocrx_word' id='word_1_128' title='bbox 186 1373 403 1426; x_wconf 82' lang='grc' dir='ltr'><strong><em>θεομάχων</em></strong></span> <span class='ocrx_word' id='word_1_129' title='bbox 435 1375 585 1426; x_wconf 83' lang='grc' dir='ltr'><strong><em>μᾶλλον</em></strong></span> <span class='ocrx_word' id='word_1_130' title='bbox 615 1370 642 1426; x_wconf 74' lang='grc' dir='ltr'><strong>ἢ</strong></span> <span class='ocrx_word' id='word_1_131' title='bbox 674 1372 881 1426; x_wconf 69' lang='grc' dir='ltr'><strong><em>θεολόγων</em></strong></span> <span class='ocrx_word' id='word_1_132' title='bbox 912 1370 1014 1420; x_wconf 82' lang='grc' dir='ltr'><strong><em>τινὲς</em></strong></span> <span class='ocrx_word' id='word_1_133' title='bbox 1046 1371 1216 1424; x_wconf 75' lang='grc' dir='ltr'><strong><em>ἔφασαν,</em></strong></span> <span class='ocrx_word' id='word_1_134' title='bbox 1248 1370 1391 1425; x_wconf 83' lang='grc' dir='ltr'><strong><em>ἀγνοεῖ</em></strong></span> <span class='ocrx_word' id='word_1_135' title='bbox 1416 1370 1437 1412; x_wconf 85' lang='grc' dir='ltr'><em>ὅ</em></span> <span class='ocrx_word' id='word_1_136' title='bbox 1469 1370 1566 1419; x_wconf 82' lang='grc' dir='ltr'><strong><em>θεὸς</em></strong></span> <span class='ocrx_word' id='word_1_137' title='bbox 1596 1370 1644 1410; x_wconf 87' lang='grc' dir='ltr'><strong><em>τὰ</em></strong></span> <span class='ocrx_word' id='word_1_138' title='bbox 1675 1367 1772 1410; x_wconf 86' lang='grc' dir='ltr'><strong><em>καθ’</em></strong></span> 
     </span>
     <span class='ocr_line' id='line_1_17' title="bbox 187 1431 1777 1486; baseline -0.003 -12"><span class='ocrx_word' id='word_1_139' title='bbox 187 1431 344 1485; x_wconf 73' lang='grc' dir='ltr'><strong><em>ἕκαστα,</em></strong></span> <span class='ocrx_word' id='word_1_140' title='bbox 375 1433 502 1486; x_wconf 90' lang='grc' dir='ltr'><strong><em>μόνον</em></strong></span> <span class='ocrx_word' id='word_1_141' title='bbox 534 1431 610 1474; x_wconf 75' lang='grc' dir='ltr'><strong><em>οὐκ</em></strong></span> <span class='ocrx_word' id='word_1_142' title='bbox 641 1431 769 1473; x_wconf 81' lang='grc' dir='ltr'><strong><em>ἐκεῖνο</em></strong></span> <span class='ocrx_word' id='word_1_143' title='bbox 795 1431 838 1472; x_wconf 89' lang='grc' dir='ltr'><strong><em>τὸ</em></strong></span> <span class='ocrx_word' id='word_1_144' title='bbox 863 1431 1041 1484; x_wconf 87' lang='grc' dir='ltr'><strong><em>κωμικὸν</em></strong></span> <span class='ocrx_word' id='word_1_145' title='bbox 1067 1431 1245 1486; x_wconf 85' lang='grc' dir='ltr'><strong><em>λέγοντες</em></strong></span> <span class='ocrx_word' id='word_1_146' title='bbox 1270 1435 1347 1471; x_wconf 85' lang='grc' dir='ltr'><strong><em>κτλ.</em></strong></span> <span class='ocrx_word' id='word_1_147' title='bbox 1390 1432 1465 1472; x_wconf 85' lang='grc' dir='ltr'><strong><em>οἴει</em></strong></span> <span class='ocrx_word' id='word_1_148' title='bbox 1491 1433 1614 1471; x_wconf 74' lang='lat' dir='ltr'>ctiam</span> <span class='ocrx_word' id='word_1_149' title='bbox 1634 1431 1777 1471; x_wconf 80' lang='lat' dir='ltr'><strong>David.</strong></span> 
     </span>
     <span class='ocr_line' id='line_1_18' title="bbox 186 1486 1776 1547; baseline -0.003 -13"><span class='ocrx_word' id='word_1_150' title='bbox 186 1496 235 1534; x_wconf 73' lang='lat' dir='ltr'><strong><em>ut</em></strong></span> <span class='ocrx_word' id='word_1_151' title='bbox 266 1494 366 1534; x_wconf 88' lang='lat' dir='ltr'>mihi</span> <span class='ocrx_word' id='word_1_152' title='bbox 396 1507 470 1545; x_wconf 83' lang='lat' dir='ltr'><strong><em>per</em></strong></span> <span class='ocrx_word' id='word_1_153' title='bbox 499 1494 661 1534; x_wconf 75' lang='lat' dir='ltr'><strong>litteras</strong></span> <span class='ocrx_word' id='word_1_154' title='bbox 692 1493 888 1534; x_wconf 73' lang='lat' dir='ltr'>indicavit</span> <span class='ocrx_word' id='word_1_155' title='bbox 920 1493 1099 1533; x_wconf 84' lang='lat' dir='ltr'>Dilesius</span> <span class='ocrx_word' id='word_1_156' title='bbox 1132 1489 1238 1547; x_wconf 82' lang='lat' dir='ltr'><strong>(cod.</strong></span> <span class='ocrx_word' id='word_1_157' title='bbox 1271 1493 1343 1531; x_wconf 92' lang='lat' dir='ltr'><strong><em>AB</em></strong></span> <span class='ocrx_word' id='word_1_158' title='bbox 1375 1487 1578 1546; x_wconf 57' lang='lat' dir='ltr'><strong>Hamilt.)</strong></span> <span class='ocrx_word' id='word_1_159' title='bbox 1610 1486 1691 1543; x_wconf 84' lang='grc' dir='ltr'><strong><em>οἶμ’</em></strong></span> <span class='ocrx_word' id='word_1_160' title='bbox 1727 1489 1776 1530; x_wconf 83' lang='grc' dir='ltr'><strong><em>οὐ</em></strong></span> 
     </span>
     <span class='ocr_line' id='line_1_19' title="bbox 187 1549 1777 1606; baseline -0.003 -13"><span class='ocrx_word' id='word_1_161' title='bbox 187 1554 387 1595; x_wconf 80' lang='lat' dir='ltr'><strong>Duebner.</strong></span> <span class='ocrx_word' id='word_1_162' title='bbox 425 1552 619 1605; x_wconf 83' lang='grc' dir='ltr'><strong><em>τοσαύτην</em></strong></span> <span class='ocrx_word' id='word_1_163' title='bbox 655 1552 830 1604; x_wconf 82' lang='lat' dir='ltr'><strong>Philop.]</strong></span> <span class='ocrx_word' id='word_1_164' title='bbox 878 1552 1040 1605; x_wconf 81' lang='grc' dir='ltr'><strong><em>ταύτην.</em></strong></span> <span class='ocrx_word' id='word_1_165' title='bbox 1103 1555 1142 1593; x_wconf 98' lang='grc'><strong><em>2.</em></strong></span> <span class='ocrx_word' id='word_1_166' title='bbox 1181 1550 1234 1600; x_wconf 81' lang='grc' dir='ltr'><strong><em>ὡς</em></strong></span> <span class='ocrx_word' id='word_1_167' title='bbox 1272 1551 1430 1606; x_wconf 84' lang='grc' dir='ltr'><strong><em>ἀγαθόν</em></strong></span> <span class='ocrx_word' id='word_1_168' title='bbox 1467 1567 1507 1591; x_wconf 92' lang='grc' dir='ltr'><strong><em>τε</em></strong></span> <span class='ocrx_word' id='word_1_169' title='bbox 1550 1550 1616 1591; x_wconf 83' lang='grc' dir='ltr'><strong><em>καὶ</em></strong></span> <span class='ocrx_word' id='word_1_170' title='bbox 1653 1549 1777 1590; x_wconf 82' lang='grc' dir='ltr'><strong><em>κακὸν</em></strong></span> 
     </span>
     <span class='ocr_line' id='line_1_20' title="bbox 187 1605 1778 1669; baseline -0.002 -16"><span class='ocrx_word' id='word_1_171' title='bbox 187 1614 300 1667; x_wconf 66' lang='lat' dir='ltr'>Dav„</span> <span class='ocrx_word' id='word_1_172' title='bbox 332 1615 425 1669; x_wconf 68' lang='lat' dir='ltr'><strong>fcrt.</strong></span> <span class='ocrx_word' id='word_1_173' title='bbox 457 1611 516 1662; x_wconf 82' lang='grc' dir='ltr'><strong><em>ὡς</em></strong></span> <span class='ocrx_word' id='word_1_174' title='bbox 553 1611 769 1667; x_wconf 87' lang='grc' dir='ltr'><strong><em>τάγαθόν</em></strong></span> <span class='ocrx_word' id='word_1_175' title='bbox 805 1627 851 1653; x_wconf 81' lang='grc' dir='ltr'><strong><em>τε</em></strong></span> <span class='ocrx_word' id='word_1_176' title='bbox 889 1611 969 1652; x_wconf 76' lang='grc' dir='ltr'><strong><em>καὶ</em></strong></span> <span class='ocrx_word' id='word_1_177' title='bbox 1010 1611 1059 1652; x_wconf 92' lang='grc' dir='ltr'><strong><em>τὸ</em></strong></span> <span class='ocrx_word' id='word_1_178' title='bbox 1100 1611 1262 1652; x_wconf 80' lang='grc' dir='ltr'><strong><em>κακὸν.</em></strong></span> <span class='ocrx_word' id='word_1_179' title='bbox 1291 1605 1293 1607; x_wconf 39' lang='grc'><strong>’</strong></span> <span class='ocrx_word' id='word_1_180' title='bbox 1323 1610 1377 1660; x_wconf 82' lang='grc' dir='ltr'><strong><em>ὡς</em></strong></span> <span class='ocrx_word' id='word_1_181' title='bbox 1407 1611 1450 1652; x_wconf 91' lang='grc' dir='ltr'><strong><em>τό</em></strong></span> <span class='ocrx_word' id='word_1_182' title='bbox 1482 1626 1520 1652; x_wconf 86' lang='grc' dir='ltr'><strong><em>τε</em></strong></span> <span class='ocrx_word' id='word_1_183' title='bbox 1555 1610 1680 1651; x_wconf 81' lang='grc' dir='ltr'><strong><em>κακὸν</em></strong></span> <span class='ocrx_word' id='word_1_184' title='bbox 1711 1609 1778 1650; x_wconf 82' lang='grc' dir='ltr'><strong><em>καὶ</em></strong></span> 
     </span>
     <span class='ocr_line' id='line_1_21' title="bbox 187 1667 1775 1728; baseline -0.001 -14"><span class='ocrx_word' id='word_1_185' title='bbox 187 1672 270 1728; x_wconf 74' lang='grc' dir='ltr'><strong><em>τάγ.</em></strong></span> <span class='ocrx_word' id='word_1_186' title='bbox 331 1674 382 1714; x_wconf 91' lang='grc' dir='ltr'><strong><em>Η.</em></strong></span> <span class='ocrx_word' id='word_1_187' title='bbox 412 1674 550 1714; x_wconf 85' lang='lat' dir='ltr'>Iacobi</span> <span class='ocrx_word' id='word_1_188' title='bbox 576 1675 609 1712; x_wconf 95' lang='lat' dir='ltr'>V</span> <span class='ocrx_word' id='word_1_189' title='bbox 641 1675 738 1714; x_wconf 85' lang='lat'><strong>102.</strong></span> <span class='ocrx_word' id='word_1_190' title='bbox 801 1676 840 1714; x_wconf 89' lang='grc'><strong><em>3.</em></strong></span> <span class='ocrx_word' id='word_1_191' title='bbox 870 1673 1070 1726; x_wconf 82' lang='grc' dir='ltr'><strong><em>Σμικρίνη</em></strong></span> <span class='ocrx_word' id='word_1_192' title='bbox 1101 1672 1240 1724; x_wconf 66' lang='lat' dir='ltr'>Mein]</span> <span class='ocrx_word' id='word_1_193' title='bbox 1283 1671 1449 1726; x_wconf 83' lang='grc' dir='ltr'><strong><em>σμικρὸν</em></strong></span> <span class='ocrx_word' id='word_1_194' title='bbox 1478 1667 1530 1725; x_wconf 76' lang='grc' dir='ltr'><strong><em>ἦν</em></strong></span> <span class='ocrx_word' id='word_1_195' title='bbox 1557 1672 1672 1722; x_wconf 65' lang='lat' dir='ltr'>Dav„</span> <span class='ocrx_word' id='word_1_196' title='bbox 1701 1684 1775 1713; x_wconf 79' lang='lat' dir='ltr'><strong>om.</strong></span> 
     </span>
     <span class='ocr_line' id='line_1_22' title="bbox 187 1734 635 1786; baseline 0 -12"><span class='ocrx_word' id='word_1_197' title='bbox 187 1734 347 1786; x_wconf 89' lang='lat' dir='ltr'><strong>Philop.</strong></span> <span class='ocrx_word' id='word_1_198' title='bbox 409 1735 458 1774; x_wconf 83' lang='lat' dir='ltr'><strong>cf.</strong></span> <span class='ocrx_word' id='word_1_199' title='bbox 489 1735 538 1774; x_wconf 87' lang='lat' dir='ltr'><strong><em>fr.</em></strong></span> <span class='ocrx_word' id='word_1_200' title='bbox 567 1736 635 1775; x_wconf 87' lang='grc'><strong><em>76.</em></strong></span> 
     </span>
    </p>
   </div>
   <div class='ocr_carea' id='block_1_6' title="bbox 362 1814 1462 2017">
    <p class='ocr_par' dir='ltr' id='par_1_6' title="bbox 362 1814 1462 2017">
     <span class='ocr_line' id='line_1_23' title="bbox 939 1814 1023 1857; baseline 0.012 -1"><span class='ocrx_word' id='word_1_201' title='bbox 939 1814 1023 1857; x_wconf 85' lang='grc'><strong>175</strong></span> 
     </span>
     <span class='ocr_line' id='line_1_24' title="bbox 362 1884 1462 1946; baseline -0.002 -16"><span class='ocrx_word' id='word_1_202' title='bbox 362 1943 365 1946; x_wconf 20' lang='grc'>,</span> <span class='ocrx_word' id='word_1_203' title='bbox 406 1886 541 1944; x_wconf 84' lang='grc' dir='ltr'><strong><em>ἀργὸς</em></strong></span> <span class='ocrx_word' id='word_1_204' title='bbox 573 1884 617 1930; x_wconf 84' lang='grc' dir='ltr'><strong><em>δ’</em></strong></span> <span class='ocrx_word' id='word_1_205' title='bbox 653 1885 874 1942; x_wconf 80' lang='grc' dir='ltr'><strong><em>ὑγιαίνων</em></strong></span> <span class='ocrx_word' id='word_1_206' title='bbox 904 1891 986 1929; x_wconf 89' lang='grc' dir='ltr'><strong><em>τοῦ</em></strong></span> <span class='ocrx_word' id='word_1_207' title='bbox 1017 1884 1315 1943; x_wconf 83' lang='grc' dir='ltr'><strong><em>πυρέττοντος</em></strong></span> <span class='ocrx_word' id='word_1_208' title='bbox 1345 1887 1462 1929; x_wconf 85' lang='grc' dir='ltr'><strong><em>πολὺ</em></strong></span> 
     </span>
     <span class='ocr_line' id='line_1_25' title="bbox 406 1957 1450 2017; baseline -0.001 -15"><span class='ocrx_word' id='word_1_209' title='bbox 406 1958 697 2017; x_wconf 79' lang='grc' dir='ltr'><strong><em>ἀθλιώτερος,</em></strong></span> <span class='ocrx_word' id='word_1_210' title='bbox 730 1958 942 2002; x_wconf 83' lang='grc' dir='ltr'><strong><em>διπλάσια</em></strong></span> <span class='ocrx_word' id='word_1_211' title='bbox 973 1964 1087 2014; x_wconf 85' lang='grc' dir='ltr'><strong><em>γοῦν</em></strong></span> <span class='ocrx_word' id='word_1_212' title='bbox 1119 1957 1264 2001; x_wconf 83' lang='grc' dir='ltr'><strong><em>ἐσθίει</em></strong></span> <span class='ocrx_word' id='word_1_213' title='bbox 1294 1958 1450 2015; x_wconf 85' lang='grc' dir='ltr'><strong><em>μάτην.</em></strong></span> 
     </span>
    </p>
   </div>
   <div class='ocr_carea' id='block_1_7' title="bbox 183 2042 1778 2581">
    <p class='ocr_par' dir='ltr' id='par_1_7' title="bbox 183 2042 1778 2581">
     <span class='ocr_line' id='line_1_26' title="bbox 312 2042 1778 2098; baseline -0.003 -12"><span class='ocrx_word' id='word_1_214' title='bbox 312 2046 510 2086; x_wconf 75' lang='lat' dir='ltr'>stobaeus</span> <span class='ocrx_word' id='word_1_215' title='bbox 547 2046 687 2086; x_wconf 82' lang='lat' dir='ltr'><strong>Floril.</strong></span> <span class='ocrx_word' id='word_1_216' title='bbox 727 2048 801 2097; x_wconf 87' lang='lat'><strong><em>30,</em></strong></span> <span class='ocrx_word' id='word_1_217' title='bbox 843 2048 866 2084; x_wconf 84' lang='lat'><strong>7</strong></span> <span class='ocrx_word' id='word_1_218' title='bbox 913 2044 1165 2098; x_wconf 79' lang='grc' dir='ltr'><strong><em>Μενάνδρου</em></strong></span> <span class='ocrx_word' id='word_1_219' title='bbox 1199 2042 1514 2098; x_wconf 82' lang='grc' dir='ltr'><strong><em>Ἐπιτρεπόντων</em></strong></span> <span class='ocrx_word' id='word_1_220' title='bbox 1547 2044 1595 2084; x_wconf 92' lang='grc' dir='ltr'><strong><em>Α.</em></strong></span> <span class='ocrx_word' id='word_1_221' title='bbox 1652 2044 1778 2082; x_wconf 73' lang='lat' dir='ltr'>latine</span> 
     </span>
     <span class='ocr_line' id='line_1_27' title="bbox 190 2103 1778 2158; baseline -0.003 -12"><span class='ocrx_word' id='word_1_222' title='bbox 190 2107 315 2147; x_wconf 72' lang='lat' dir='ltr'>vertit</span> <span class='ocrx_word' id='word_1_223' title='bbox 344 2105 550 2146; x_wconf 83' lang='lat' dir='ltr'>Ausonius</span> <span class='ocrx_word' id='word_1_224' title='bbox 581 2107 721 2158; x_wconf 85' lang='lat' dir='ltr'><strong>Epigr.</strong></span> <span class='ocrx_word' id='word_1_225' title='bbox 753 2108 835 2145; x_wconf 83' lang='lat'><strong><em>117</em></strong></span> <span class='ocrx_word' id='word_1_226' title='bbox 869 2106 993 2145; x_wconf 60' lang='lat' dir='ltr'><strong><em>samis</em></strong></span> <span class='ocrx_word' id='word_1_227' title='bbox 1016 2108 1133 2155; x_wconf 73' lang='lat' dir='ltr'><strong><em>piqer</em></strong></span> <span class='ocrx_word' id='word_1_228' title='bbox 1163 2106 1347 2155; x_wconf 72' lang='lat' dir='ltr'><strong><em>febrie&#39;nte</em></strong></span> <span class='ocrx_word' id='word_1_229' title='bbox 1377 2107 1496 2145; x_wconf 75' lang='lat' dir='ltr'><em>multo</em></span> <span class='ocrx_word' id='word_1_230' title='bbox 1529 2108 1582 2144; x_wconf 74' lang='lat' dir='ltr'><strong><em>esc</em></strong></span> <span class='ocrx_word' id='word_1_231' title='bbox 1606 2103 1778 2152; x_wconf 65' lang='lat' dir='ltr'><strong><em>ne&#39;quior,</em></strong></span> 
     </span>
     <span class='ocr_line' id='line_1_28' title="bbox 183 2164 1778 2217; baseline -0.003 -11"><span class='ocrx_word' id='word_1_232' title='bbox 183 2167 297 2216; x_wconf 63' lang='lat' dir='ltr'><strong><em>potat</em></strong></span> <span class='ocrx_word' id='word_1_233' title='bbox 321 2168 484 2216; x_wconf 77' lang='lat' dir='ltr'><strong><em>duplmn</em></strong></span> <span class='ocrx_word' id='word_1_234' title='bbox 509 2167 702 2216; x_wconf 66' lang='lat' dir='ltr'><strong><em>dapdsque</em></strong></span> <span class='ocrx_word' id='word_1_235' title='bbox 727 2167 900 2215; x_wconf 74' lang='lat' dir='ltr'><strong><em>duplices</em></strong></span> <span class='ocrx_word' id='word_1_236' title='bbox 925 2165 1094 2206; x_wconf 80' lang='lat' dir='ltr'><strong>de&#39;vorat.</strong></span> <span class='ocrx_word' id='word_1_237' title='bbox 1164 2166 1454 2217; x_wconf 80' lang='lat' dir='ltr'><strong>Theophylact.</strong></span> <span class='ocrx_word' id='word_1_238' title='bbox 1481 2165 1624 2204; x_wconf 85' lang='lat' dir='ltr'><strong>Simoc.</strong></span> <span class='ocrx_word' id='word_1_239' title='bbox 1650 2164 1778 2214; x_wconf 70' lang='lat' dir='ltr'><strong>Epist.</strong></span> 
     </span>
     <span class='ocr_line' id='line_1_29' title="bbox 194 2220 1778 2283; baseline -0.003 -17"><span class='ocrx_word' id='word_1_240' title='bbox 194 2228 246 2266; x_wconf 85' lang='lat'><strong><em>61</em></strong></span> <span class='ocrx_word' id='word_1_241' title='bbox 282 2241 320 2278; x_wconf 89' lang='lat' dir='ltr'><strong><em>p.</em></strong></span> <span class='ocrx_word' id='word_1_242' title='bbox 343 2228 426 2267; x_wconf 82' lang='lat'><strong><em>781</em></strong></span> <span class='ocrx_word' id='word_1_243' title='bbox 460 2227 652 2267; x_wconf 83' lang='lat' dir='ltr'><strong>Hercher.</strong></span> <span class='ocrx_word' id='word_1_244' title='bbox 701 2224 822 2283; x_wconf 84' lang='grc' dir='ltr'><strong><em>ἀργὸς</em></strong></span> <span class='ocrx_word' id='word_1_245' title='bbox 857 2223 933 2279; x_wconf 84' lang='grc' dir='ltr'><strong><em>γὰρ</em></strong></span> <span class='ocrx_word' id='word_1_246' title='bbox 966 2222 1024 2265; x_wconf 79' lang='grc' dir='ltr'><strong><em>ὢν</em></strong></span> <span class='ocrx_word' id='word_1_247' title='bbox 1055 2224 1298 2278; x_wconf 81' lang='grc' dir='ltr'><strong><em>ἀθλιώτερος</em></strong></span> <span class='ocrx_word' id='word_1_248' title='bbox 1330 2220 1367 2265; x_wconf 82' lang='grc' dir='ltr'><strong><em>εἶ</em></strong></span> <span class='ocrx_word' id='word_1_249' title='bbox 1394 2229 1465 2265; x_wconf 82' lang='grc' dir='ltr'><strong><em>τοῦ</em></strong></span> <span class='ocrx_word' id='word_1_250' title='bbox 1496 2222 1778 2276; x_wconf 85' lang='grc' dir='ltr'><strong><em>πυρέσσοντος,</em></strong></span> 
     </span>
     <span class='ocr_line' id='line_1_30' title="bbox 192 2281 1778 2339; baseline -0.003 -13"><span class='ocrx_word' id='word_1_251' title='bbox 192 2284 342 2326; x_wconf 82' lang='grc' dir='ltr'><strong><em>ἐσθίων</em></strong></span> <span class='ocrx_word' id='word_1_252' title='bbox 385 2286 514 2339; x_wconf 87' lang='grc' dir='ltr'><strong><em>μάτην</em></strong></span> <span class='ocrx_word' id='word_1_253' title='bbox 559 2286 756 2326; x_wconf 87' lang='grc' dir='ltr'><strong><em>διπλάσια.</em></strong></span> <span class='ocrx_word' id='word_1_254' title='bbox 838 2289 876 2326; x_wconf 91' lang='grc'><strong><em>2.</em></strong></span> <span class='ocrx_word' id='word_1_255' title='bbox 921 2284 1164 2339; x_wconf 81' lang='grc' dir='ltr'><strong><em>ἀθλιώτερος</em></strong></span> <span class='ocrx_word' id='word_1_256' title='bbox 1209 2286 1320 2326; x_wconf 72' lang='lat' dir='ltr'><strong>Stob.</strong></span> <span class='ocrx_word' id='word_1_257' title='bbox 1351 2285 1407 2336; x_wconf 90' lang='lat' dir='ltr'><strong><em>A]</em></strong></span> <span class='ocrx_word' id='word_1_258' title='bbox 1453 2281 1529 2324; x_wconf 79' lang='grc' dir='ltr'><strong><em>ἔστ’</em></strong></span> <span class='ocrx_word' id='word_1_259' title='bbox 1574 2282 1666 2324; x_wconf 88' lang='grc' dir='ltr'><strong><em>ἀθλ.</em></strong></span> <span class='ocrx_word' id='word_1_260' title='bbox 1706 2284 1778 2322; x_wconf 84' lang='lat' dir='ltr'><strong>rel.</strong></span> 
     </span>
     <span class='ocr_line' id='line_1_31' title="bbox 192 2341 1778 2401; baseline -0.003 -15"><span class='ocrx_word' id='word_1_261' title='bbox 192 2343 434 2400; x_wconf 82' lang='grc' dir='ltr'><strong><em>ἀχρειότερος</em></strong></span> <span class='ocrx_word' id='word_1_262' title='bbox 454 2348 585 2386; x_wconf 78' lang='lat' dir='ltr'><strong>Bentl.</strong></span> <span class='ocrx_word' id='word_1_263' title='bbox 616 2350 705 2387; x_wconf 79' lang='lat' dir='ltr'><strong><em>tum</em></strong></span> <span class='ocrx_word' id='word_1_264' title='bbox 737 2346 896 2386; x_wconf 84' lang='grc' dir='ltr'><strong><em>δίπλαοι</em></strong></span> <span class='ocrx_word' id='word_1_265' title='bbox 926 2342 1055 2399; x_wconf 73' lang='grc' dir='ltr'><strong><em>ἄγουν</em></strong></span> <span class='ocrx_word' id='word_1_266' title='bbox 1088 2342 1133 2401; x_wconf 90' lang='lat' dir='ltr'><strong>(i.</strong></span> <span class='ocrx_word' id='word_1_267' title='bbox 1157 2360 1189 2386; x_wconf 88' lang='lat' dir='ltr'><strong><em>e.</em></strong></span> <span class='ocrx_word' id='word_1_268' title='bbox 1222 2345 1409 2386; x_wconf 80' lang='grc' dir='ltr'><strong><em>διπλάσια</em></strong></span> <span class='ocrx_word' id='word_1_269' title='bbox 1433 2341 1555 2398; x_wconf 83' lang='grc' dir='ltr'><strong><em>γοῦν)</em></strong></span> <span class='ocrx_word' id='word_1_270' title='bbox 1577 2345 1626 2383; x_wconf 90' lang='lat' dir='ltr'><strong><em>A.</em></strong></span> <span class='ocrx_word' id='word_1_271' title='bbox 1659 2343 1778 2382; x_wconf 82' lang='grc' dir='ltr'><strong><em>διπλᾶ</em></strong></span> 
     </span>
     <span class='ocr_line' id='line_1_32' title="bbox 193 2401 1777 2460; baseline -0.003 -14"><span class='ocrx_word' id='word_1_272' title='bbox 193 2401 259 2446; x_wconf 87' lang='grc' dir='ltr'><strong><em>οἷα</em></strong></span> <span class='ocrx_word' id='word_1_273' title='bbox 289 2411 390 2460; x_wconf 82' lang='grc' dir='ltr'><strong><em>γοῦν</em></strong></span> <span class='ocrx_word' id='word_1_274' title='bbox 414 2407 464 2447; x_wconf 85' lang='lat' dir='ltr'><strong>N.</strong></span> <span class='ocrx_word' id='word_1_275' title='bbox 497 2406 684 2447; x_wconf 87' lang='grc' dir='ltr'><strong><em>διπλάσια</em></strong></span> <span class='ocrx_word' id='word_1_276' title='bbox 716 2403 752 2446; x_wconf 86' lang='grc' dir='ltr'><strong><em>δ’</em></strong></span> <span class='ocrx_word' id='word_1_277' title='bbox 787 2406 911 2446; x_wconf 87' lang='lat' dir='ltr'><strong><em>chr.</em></strong></span> <span class='ocrx_word' id='word_1_278' title='bbox 937 2406 1039 2446; x_wconf 90' lang='lat' dir='ltr'><strong>Adv.</strong></span> <span class='ocrx_word' id='word_1_279' title='bbox 1071 2407 1112 2445; x_wconf 93' lang='lat' dir='ltr'><strong><em>II</em></strong></span> <span class='ocrx_word' id='word_1_280' title='bbox 1146 2409 1244 2446; x_wconf 84' lang='lat'><strong>274.</strong></span> <span class='ocrx_word' id='word_1_281' title='bbox 1288 2407 1382 2446; x_wconf 73' lang='lat' dir='ltr'><strong>fort.</strong></span> <span class='ocrx_word' id='word_1_282' title='bbox 1419 2403 1678 2457; x_wconf 86' lang='grc' dir='ltr'><strong><em>ἀχρειότερος·</em></strong></span> <span class='ocrx_word' id='word_1_283' title='bbox 1720 2403 1777 2442; x_wconf 92' lang='grc' dir='ltr'><strong><em>δι-</em></strong></span> 
     </span>
     <span class='ocr_line' id='line_1_33' title="bbox 192 2457 1772 2520; baseline -0.003 -14"><span class='ocrx_word' id='word_1_284' title='bbox 192 2465 340 2506; x_wconf 84' lang='grc' dir='ltr'><strong><em>πλάσιά</em></strong></span> <span class='ocrx_word' id='word_1_285' title='bbox 363 2463 416 2520; x_wconf 87' lang='grc' dir='ltr'><strong><em>γ’.</em></strong></span> <span class='ocrx_word' id='word_1_286' title='bbox 465 2467 641 2507; x_wconf 85' lang='lat' dir='ltr'>numeris</span> <span class='ocrx_word' id='word_1_287' title='bbox 666 2466 883 2506; x_wconf 72' lang='lat' dir='ltr'>trochaicis</span> <span class='ocrx_word' id='word_1_288' title='bbox 902 2466 1023 2506; x_wconf 87' lang='lat' dir='ltr'><strong>Mein.</strong></span> <span class='ocrx_word' id='word_1_289' title='bbox 1038 2488 1095 2494; x_wconf 90' lang='lat'>—</span> <span class='ocrx_word' id='word_1_290' title='bbox 1108 2491 1133 2508; x_wconf 63' lang='grc' dir='ltr'>ψ</span> <span class='ocrx_word' id='word_1_291' title='bbox 1148 2488 1203 2493; x_wconf 81' lang='lat'>-</span> <span class='ocrx_word' id='word_1_292' title='bbox 1225 2465 1343 2519; x_wconf 85' lang='grc' dir='ltr'><strong><em>ἀργὸς</em></strong></span> <span class='ocrx_word' id='word_1_293' title='bbox 1361 2464 1556 2519; x_wconf 76' lang='grc' dir='ltr'><strong><em>ὑγιαίνων</em></strong></span> <span class='ocrx_word' id='word_1_294' title='bbox 1574 2469 1646 2503; x_wconf 84' lang='grc' dir='ltr'><strong><em>τοῦ</em></strong></span> <span class='ocrx_word' id='word_1_295' title='bbox 1665 2476 1706 2502; x_wconf 85' lang='grc' dir='ltr'><strong><em>π.</em></strong></span> <span class='ocrx_word' id='word_1_296' title='bbox 1722 2457 1772 2516; x_wconf 68' lang='lat' dir='ltr'><strong><em>m]</em></strong></span> 
     </span>
     <span class='ocr_line' id='line_1_34' title="bbox 194 2524 1106 2581; baseline -0.001 -14"><span class='ocrx_word' id='word_1_297' title='bbox 194 2524 452 2580; x_wconf 79' lang='grc' dir='ltr'><strong><em>ἀθλιώτερος·</em></strong></span> <span class='ocrx_word' id='word_1_298' title='bbox 484 2526 671 2567; x_wconf 85' lang='grc' dir='ltr'><strong><em>διπλάσια</em></strong></span> <span class='ocrx_word' id='word_1_299' title='bbox 701 2531 804 2581; x_wconf 83' lang='grc' dir='ltr'><strong><em>γοῦν</em></strong></span> <span class='ocrx_word' id='word_1_300' title='bbox 835 2526 1036 2566; x_wconf 78' lang='grc' dir='ltr'><strong><em>κατεσθίει</em></strong></span> <span class='ocrx_word' id='word_1_301' title='bbox 1067 2542 1106 2578; x_wconf 91' lang='grc' dir='ltr'><strong><em>μ.</em></strong></span> 
     </span>
    </p>
   </div>
   <div class='ocr_carea' id='block_1_8' title="bbox 951 2643 1035 2686">
    <p class='ocr_par' dir='ltr' id='par_1_8' title="bbox 951 2643 1035 2686">
     <span class='ocr_line' id='line_1_35' title="bbox 951 2643 1035 2686; baseline 0 -1"><span class='ocrx_word' id='word_1_302' title='bbox 951 2643 1035 2686; x_wconf 88' lang='grc'><strong><em>176</em></strong></span> 
     </span>
    </p>
   </div>
   <div class='ocr_carea' id='block_1_9' title="bbox 410 2711 1539 2844">
    <p class='ocr_par' dir='ltr' id='par_1_9' title="bbox 410 2711 1539 2844">
     <span class='ocr_line' id='line_1_36' title="bbox 410 2711 1341 2774; baseline -0.003 -15"><span class='ocrx_word' id='word_1_303' title='bbox 410 2714 635 2774; x_wconf 73' lang='grc' dir='ltr'><strong><em>ἐλευθέρῳ</em></strong></span> <span class='ocrx_word' id='word_1_304' title='bbox 665 2716 716 2758; x_wconf 93' lang='grc' dir='ltr'><strong><em>τὸ</em></strong></span> <span class='ocrx_word' id='word_1_305' title='bbox 748 2716 1080 2770; x_wconf 84' lang='grc' dir='ltr'><strong><em>καταγελᾶσθαι</em></strong></span> <span class='ocrx_word' id='word_1_306' title='bbox 1111 2711 1193 2770; x_wconf 75' lang='grc' dir='ltr'><strong><em>μὲν</em></strong></span> <span class='ocrx_word' id='word_1_307' title='bbox 1225 2715 1341 2757; x_wconf 85' lang='grc' dir='ltr'><strong><em>πολὺ</em></strong></span> 
     </span>
     <span class='ocr_line' id='line_1_37' title="bbox 411 2782 1539 2844; baseline -0.005 -12"><span class='ocrx_word' id='word_1_308' title='bbox 411 2789 643 2844; x_wconf 77' lang='grc' dir='ltr'><strong><em>αἴσχιστόν</em></strong></span> <span class='ocrx_word' id='word_1_309' title='bbox 674 2787 782 2843; x_wconf 82' lang='grc' dir='ltr'><strong><em>ἐστι,</em></strong></span> <span class='ocrx_word' id='word_1_310' title='bbox 813 2787 864 2830; x_wconf 95' lang='grc' dir='ltr'><strong><em>τὸ</em></strong></span> <span class='ocrx_word' id='word_1_311' title='bbox 898 2782 939 2830; x_wconf 82' lang='grc' dir='ltr'><strong><em>δ’</em></strong></span> <span class='ocrx_word' id='word_1_312' title='bbox 975 2784 1196 2829; x_wconf 81' lang='grc' dir='ltr'><strong><em>ὀδυνᾶσθ’</em></strong></span> <span class='ocrx_word' id='word_1_313' title='bbox 1234 2785 1539 2841; x_wconf 84' lang='grc' dir='ltr'><strong><em>ἀνθρώπινον.</em></strong></span> 
     </span>
    </p>
   </div>
   <div class='ocr_carea' id='block_1_10' title="bbox 196 2867 1779 3091">
    <p class='ocr_par' dir='ltr' id='par_1_10' title="bbox 196 2867 1779 3091">
     <span class='ocr_line' id='line_1_38' title="bbox 317 2867 1777 2925; baseline -0.005 -10"><span class='ocrx_word' id='word_1_314' title='bbox 317 2875 515 2915; x_wconf 79' lang='lat' dir='ltr'><strong>stobaeus</strong></span> <span class='ocrx_word' id='word_1_315' title='bbox 552 2876 691 2915; x_wconf 84' lang='lat' dir='ltr'><strong>Floril.</strong></span> <span class='ocrx_word' id='word_1_316' title='bbox 725 2877 799 2924; x_wconf 85' lang='lat'><strong><em>89,</em></strong></span> <span class='ocrx_word' id='word_1_317' title='bbox 834 2875 858 2914; x_wconf 88' lang='grc'><strong>5</strong></span> <span class='ocrx_word' id='word_1_318' title='bbox 911 2871 1162 2925; x_wconf 86' lang='grc' dir='ltr'><strong><em>Μενάνδρου</em></strong></span> <span class='ocrx_word' id='word_1_319' title='bbox 1202 2868 1504 2923; x_wconf 83' lang='grc' dir='ltr'><strong><em>Ἐπιτρέπ-οντος</em></strong></span> <span class='ocrx_word' id='word_1_320' title='bbox 1534 2870 1583 2909; x_wconf 91' lang='lat' dir='ltr'><strong><em>A.</em></strong></span> <span class='ocrx_word' id='word_1_321' title='bbox 1648 2872 1686 2908; x_wconf 90' lang='lat'><strong>1.</strong></span> <span class='ocrx_word' id='word_1_322' title='bbox 1717 2867 1777 2918; x_wconf 87' lang='grc' dir='ltr'><strong><em>τὸ]</em></strong></span> 
     </span>
     <span class='ocr_line' id='line_1_39' title="bbox 197 2929 1779 2987; baseline -0.004 -14"><span class='ocrx_word' id='word_1_323' title='bbox 197 2939 267 2974; x_wconf 79' lang='grc' dir='ltr'><strong><em>τοῦ</em></strong></span> <span class='ocrx_word' id='word_1_324' title='bbox 299 2935 348 2975; x_wconf 87' lang='lat' dir='ltr'><strong>A.</strong></span> <span class='ocrx_word' id='word_1_325' title='bbox 397 2933 470 2987; x_wconf 84' lang='grc' dir='ltr'><strong><em>μὲν</em></strong></span> <span class='ocrx_word' id='word_1_326' title='bbox 501 2934 604 2974; x_wconf 79' lang='grc' dir='ltr'><strong><em>πολὺ</em></strong></span> <span class='ocrx_word' id='word_1_327' title='bbox 630 2935 812 2986; x_wconf 84' lang='lat' dir='ltr'>Hcringa</span> <span class='ocrx_word' id='word_1_328' title='bbox 837 2933 931 2974; x_wconf 81' lang='lat' dir='ltr'><strong>obs.</strong></span> <span class='ocrx_word' id='word_1_329' title='bbox 959 2933 1064 2984; x_wconf 82' lang='lat'>244]</span> <span class='ocrx_word' id='word_1_330' title='bbox 1091 2931 1206 2972; x_wconf 83' lang='grc' dir='ltr'><strong><em>πολὺ.</em></strong></span> <span class='ocrx_word' id='word_1_331' title='bbox 1254 2929 1466 2984; x_wconf 81' lang='grc' dir='ltr'><strong><em>παραπολὺ</em></strong></span> <span class='ocrx_word' id='word_1_332' title='bbox 1492 2930 1625 2969; x_wconf 77' lang='lat' dir='ltr'><strong>Bentl.</strong></span> <span class='ocrx_word' id='word_1_333' title='bbox 1662 2942 1779 2967; x_wconf 84' lang='grc' dir='ltr'><strong><em>κατα-</em></strong></span> 
     </span>
     <span class='ocr_line' id='line_1_40' title="bbox 196 2989 1526 3047; baseline -0.004 -13"><span class='ocrx_word' id='word_1_334' title='bbox 196 2996 445 3047; x_wconf 79' lang='grc' dir='ltr'><strong><em>γελασθῆναι</em></strong></span> <span class='ocrx_word' id='word_1_335' title='bbox 474 2993 578 3035; x_wconf 82' lang='grc' dir='ltr'><strong><em>πολὺ</em></strong></span> <span class='ocrx_word' id='word_1_336' title='bbox 609 2995 766 3034; x_wconf 86' lang='lat' dir='ltr'><strong>Nauck.</strong></span> <span class='ocrx_word' id='word_1_337' title='bbox 831 2996 870 3033; x_wconf 83' lang='lat'><strong><em>2.</em></strong></span> <span class='ocrx_word' id='word_1_338' title='bbox 901 2992 1100 3045; x_wconf 80' lang='grc' dir='ltr'><strong><em>αἴσχιστόν</em></strong></span> <span class='ocrx_word' id='word_1_339' title='bbox 1130 2990 1328 3043; x_wconf 84' lang='lat' dir='ltr'>Heringa]</span> <span class='ocrx_word' id='word_1_340' title='bbox 1362 2989 1526 3043; x_wconf 85' lang='grc' dir='ltr'><strong><em>αἴσχιόν.</em></strong></span> 
     </span>
     <span class='ocr_line' id='line_1_41' title="bbox 1447 3056 1494 3091; baseline 0 -16"><span class='ocrx_word' id='word_1_341' title='bbox 1447 3056 1494 3091; x_wconf 60' lang='grc'><strong><em>4*</em></strong></span> 
     </span>
    </p>
   </div>
   <div class='ocr_carea' id='block_1_11' title="bbox 0 0 84 3334">
    <p class='ocr_par' dir='ltr' id='par_1_11' title="bbox 0 0 84 3334">
     <span class='ocr_line' id='line_1_42' title="bbox 0 0 84 3334; baseline 0 0"><span class='ocrx_word' id='word_1_342' title='bbox 0 0 84 3334; x_wconf 95' lang='lat' dir='ltr'><strong><em> </em></strong></span> 
     </span>
    </p>
   </div>
  </div>
 </body>
</html>
