2014 3334
524 211 888 263 KATAAOPAAHN
915 228 1444 262 ΜΕΤΕΣΧΗΜΑΤΙΣΜΕΝΑ
1686 225 1770 267 651

183 342 253 385 καὶ
282 341 304 384 6
331 339 665 395 Ἐπικούρειος
695 339 1046 402 Ζηνοκράτης.
1079 369 1089 380 .
1121 369 1132 380 .
1163 338 1228 380 ἐπὶ
1258 340 1411 392 βαθεῖ
1444 334 1450 393 Ι
1490 341 1543 396 τῷ
1581 337 1775 392 πώγωνι

185 403 543 456 σεμνυνόμενος
574 398 627 455 (σ.
648 390 725 455 π.),’
757 403 781 441 4
810 400 832 440 ὅ
856 415 894 441 τε
919 398 1160 452 ἀοίδιμος.
1176 396 1445 452 ,Ἀρχίβιος
1427 415 1448 439 ο
1469 397 1774 452 Πυθαγορικός,

185 459 452 519 ὦχρονΙέπὶ
476 467 559 503 τοῦ
590 460 850 513 προσώπου
877 459 1006 501 πολὺν
1028 455 1247 516 (πλεῖστον)
1274 454 1748 513 gmsssssanumesvogst.

183 522 269 576 τὴν
307 523 411 578 ῥῖνα
447 521 739 574 ἐπικαμπής.
776 520 824 561 τὸ
863 520 1010 574 στόμα
1049 519 1292 573 ἐπιχειλής
1330 516 1479 575 (κάπιχ.
1511 518 1553 559 τὸ
1586 514 1682 574 622),
1721 516 1774 568 ὡς

183 582 274 624 ἀπὸ
306 589 388 625 τοῦ
419 585 686 635 πεπρῖσθαι
710 580 778 622 καὶ
809 581 916 621 λίαν
947 578 1211 633 μεμυκέναι
1240 577 1245 634 Ι
1273 578 1346 631 τὴν
1378 579 1641 633 ἐχεμυθίαν
1671 578 1772 620 ὑπο-

184 644 404 698 σημαίνειν.
455 645 480 684 5
515 641 706 694 ἐξαίφνης
744 639 786 682 66
824 640 890 681 καὶ
921 640 1162 695 Παγκράτης
1200 638 1221 680 6
1259 639 1370 681 κύων
1414 670 1424 680 .
1456 670 1466 681 .
1499 672 1507 680 .
1553 639 1774 694 εἰσήρρησε,

184 702 389 758 στελέχει
419 702 624 759 πρινίνῳ
657 700 1028 756 ἐπερειδόμενος
1061 697 1185 755 (ἐπερ.
1213 703 1308 741 στελ.
1329 699 1370 741 τὸ
1391 706 1504 753 σῶμα
1529 698 1636 754 πρ.,)
1663 698 1713 753 Ι.

183 767 378 818 χαλκοῖς
420 775 545 804 τισιν
588 762 722 815 ἥλοις
776 757 912 817 (ἥλοις
955 759 1055 802 τισὶν
1100 756 1327 815 χαλκοῖσιν)
1371 729 1773 815 ἐμπεπαρμένηνΙ

183 821 319 877 φέρων
362 824 599 878 βακτηρίαν,
644 821 710 863 καὶ
752 820 826 874 την
869 821 1028 875 πήραν
1061 819 1103 864 δὲ
1137 819 1202 875 (π.
1228 816 1291 876 τε)
1332 820 1451 874 πρὸς
1488 820 1541 861 τὰ
1579 820 1774 872 λείψανα

183 884 364 934 εὐζώνως
395 881 668 938 ηρτημένην
700 878 864 937 (ἐξηρτ.)
894 878 937 937 Ι.

305 948 329 986 6
370 944 419 986 οἷ
451 942 715 997 φιλόσοφοι
759 941 802 983 δὲ
841 912 1098 995 προϊόντος
1141 946 1212 982 τοῦ
1244 941 1468 994 συμποσίου
1503 937 1700 995 (fortasse
1733 936 1770 981 6'

183 1003 262 1059 ἤδη
294 1004 503 1058 προϊόντος
534 1009 604 1045 τοῦ
636 998 781 1058 πότου)
806 998 810 1059 Ι
832 1001 912 1043 καὶ
943 1008 1024 1055 τῆς
1055 1003 1342 1054 φιλοτησίας
1373 1007 1548 1054 συνεχῶς
1578 1012 1774 1054 περισο-

183 1063 428 1119 βουμένης
460 1060 649 1119 (fortasse
675 1079 742 1104 και
766 1063 1058 1117 περισοβούσης
1089 1069 1158 1116 τῆς
1179 1079 1221 1115 φ.
1242 1058 1421 1117 πυκνὰ)Ι
1419 1077 1422 1117 Ι
1452 1060 1592 1110 άλλος
1624 1059 1774 1114 ἄλλην

146 1161 150 1163 .
183 1126 439 1178 τερατείαν
463 1124 718 1173 ἐπεδείξαντο
751 1122 942 1168 (fortasse
974 1120 1098 1175 άλλην
1130 1139 1159 1162 τ.
1193 1121 1310 1171 ἄλλος
1343 1121 1616 1175 ἐτερατεύσατο
1646 1122 1689 1172 Ι.

185 1189 209 1227 9
237 1184 258 1226 6
279 1185 413 1226 κύων
439 1183 488 1225 66
513 1191 674 1238 πρῶτα
705 1182 790 1236 μὲν
822 1183 983 1237 ἐούρει
1013 1181 1055 1238 (6
1075 1199 1109 1223 κ.
1131 1180 1167 1223 δ’
1198 1182 1328 1236 ἐούρει
1353 1195 1418 1234 πρ.
1445 1179 1574 1236 μὲν).
1633 1182 1674 1231 ,Ι
1703 1182 1772 1230 εἰς

183 1246 339 1299 σύρμα
370 1245 577 1299 χαλάσας
608 1243 687 1284 καὶ
718 1242 888 1292 καθεὶς
919 1243 967 1283 τὸ
999 1243 1259 1298 τριβώνιον
1288 1240 1292 1296 Ι
1322 1273 1333 1294 ,
1366 1242 1498 1283 ἔπειτα
1517 1242 1586 1283 καὶ
1595 1213 1769 1294 Δωρίδα

182 1305 256 1358 τὴν
283 1304 545 1381 μουσουργὸν
583 1301 667 1352 οἷος
704 1299 756 1357 ην
795 1303 837 1344 ἐν
875 1301 1106 1356 ὀφθαλμοῖς
1143 1302 1332 1344 ἁπάντων
1370 1302 1563 1357 ἐνεργεῖν,
1601 1303 1770 1356 φάσκων

183 1365 333 1421 ἀρχὴν
363 1365 594 1420 γενέσεως
625 1360 753 1405 εἶναι
783 1363 867 1417 τὴν
897 1364 1048 1417 φύσιν
1081 1360 1182 1417 (ἀρχ.
1209 1380 1244 1417 γ.
1271 1363 1401 1418 ἔλεγεν
1434 1359 1536 1404 εἶναι
1567 1377 1597 1403 τ.
1624 1362 1700 1417 φ.)

302 1426 456 1480 οῧχων,
489 1429 534 1465 ut
559 1424 719 1478 οὑχῖνος
737 1425 862 1466 Arist.
882 1425 1002 1476 Vesp.
1027 1427 1153 1475 1436,
1187 1423 1362 1477 οὑχθρός
1388 1420 1630 1480 ε.1.,μὴ’χῃ
1651 1424 1772 1475 Vesp.

187 1490 316 1528 1121.
365 1488 457 1526 Pac.
479 1488 578 1527 801.
629 1487 678 1526 de
698 1478 996 1537 eomparatfone
1029 1484 1243 1538 ρυσότερον
1275 1486 1385 1537 βαλλ.
1417 1486 1465 1524 cf.
1499 1484 1650 1524 Oratin.
1674 1486 1771 1524 283.

184 1548 373 1588 Teleclid.
401 1549 469 1587 43.
497 1547 715 1620 Hermipp.
744 1549 792 1586 3.-
819 1547 956 1596 paullo
989 1546 1108 1585 aliter
1127 1546 1284 1585 Alexid.
1308 1547 1376 1585 95.
1415 1567 1447 1572 --
1486 1544 1528 1584 οἵ
1556 1543 1773 1595 φιλόσοφοι

185 1605 302 1655 ἄλλος
334 1604 457 1664 ἄλλην
489 1605 776 1659 ἐτερατεύσατο,
807 1608 855 1645 ut
886 1607 991 1645 Plat.
1018 1605 1154 1657 Symp.
1183 1608 1302 1646 2200
1333 1589 1625 1657 θαυμάζοντες,
1657 1601 1774 1652 ἄλλος

184 1665 288 1725 αλλῳ
326 1666 486 1721 ἕλ.εγεν
548 1668 605 1707 sic
637 1667 743 1706 enim
775 1666 901 1718 BVC,
940 1665 1075 1719 ἔλεγον
1113 1666 1316 1706 Mehlelus
1355 1668 1395 1705 et
1427 1665 1774 1716 Cobetus,nu11a

184 1729 436 1768 necessitate.
484 1726 828 1778 Xenoph.Ana-b.
863 1729 971 1778 2,1‚
1009 1728 1059 1766 15
1095 1720 1205 1766 οὗτοι
1236 1723 1353 1774 άλλος
1386 1723 1483 1766 άλλα
1515 1723 1625 1778 λέγει.
1662 1727 1699 1774 7,
1734 1727 1772 1776 3,

187 1791 242 1829 47
277 1787 320 1828 οἷ
347 1787 476 1836 ἱππεῖς
509 1787 684 1840 οι’χονται
714 1784 831 1835 ἄλλος
863 1785 1010 1840 ἀλλαχῆ
1044 1785 1213 1827 διώκων.

842 1903 970 1947 1425.
1006 1904 1120 1947 1426

304 1993 507 2033 Lucianus
540 1993 778 2032 Helmotim.
812 1993 868 2032 20
914 1985 986 2046 (τὰ
1022 1997 1120 2033 τῶν
1138 1982 1374 2065 φιλοσόφων
1406 1985 1684 2044 γνωρίσματα)
1722 1988 1771 2030 οὐ

185 2056 299 2106 φιλεῖ
325 2085 333 2094 .
365 2083 376 2093 .
409 2052 511 2093 ουτω
545 2052 846 2104 διαφαίνεσθαι,
878 2048 975 2092 ἀλλ’
1011 2048 1099 2091 ξ”στ
1135 2050 1382 2104 ἀπόρρητα
1414 2065 1480 2091 και
1513 2049 1561 2092 ἐν
1594 2049 1777 2102 ἀφανεῖ

187 2110 250 2168 (ἐν
281 2111 352 2165 ἀφ.
377 2108 436 2168 τε)
468 2113 684 2165 κείμενα,
712 2107 719 2167 Ι
748 2111 908 2166 λόγοις
943 2110 1043 2153 καὶ
1061 2112 1347 2160 συνουσίαις
1384 2109 1773 2210 ἀναδεικνύμενα

186 2172 268 2227 (ἀν.
301 2172 449 2248 λόγοισι
480 2171 546 2213 καὶ
578 2169 646 2227 σ.),
673 2170 680 2227 Ι
716 2171 793 2212 καὶ
826 2171 985 2226 ε’ργοις
1016 2175 1097 2220 τοῖς
1129 2170 1318 2224 ὁμοίοις
1349 2169 1438 2223 ὀψὲ
1470 2170 1639 2223 μόλις

307 2233 362 2274 σὺ
394 2230 431 2273 δ’
466 2230 584 2285 υπὲρ
615 2231 696 2273 τὸν
728 2231 923 2287 Λυγκέα
952 2227 957 2287 Ι
986 2229 1100 2285 ἡμῖν
1134 2231 1364 2285 δέδορκας
1396 2261 1405 2272 .
1433 2264 1440 2272 .
1469 2262 1477 2270 .
1509 2228 1777 2288 κάνέῳκταί

187 2305 262 2334 σοι
291 2293 338 2334 τὰ
369 2293 521 2333 πάντα
553 2289 613 2347 (π.
645 2288 712 2348 6.).
1483 2297 1497 2305 “

842 2375 969 2417 1427.
1005 2374 1119 2417 1428

309 2462 510 2501 Lucianus
530 2462 665 2513 Fugit
696 2463 749 2501 14
776 2460 855 2501 καὶ
879 2459 1083 2511 τάλφιτα
1117 2455 1122 2503 Ι
1156 2458 1308 2501 οὐκέτ’
1338 2459 1468 2514 ὀλίγα
1489 2457 1598 2514 (add.
1618 2459 1771 2513 αὐτοῖς)

188 2519 301 2562 οὐδὲ
333 2519 392 2569 ὡς
423 2520 511 2575 πρὸ
542 2527 624 2561 τοῦ
657 2522 777 2573 μᾶζα
811 2518 868 2573 (μ.
902 2520 1032 2573 ὥσπερ
1063 2517 1234 2575 προτοῦ)
1269 2519 1274 2571 Ι
1307 2521 1444 2573 ψιλή,
1485 2519 1534 2560 τὸ
1573 2517 1610 2560 δ’
1647 2518 1772 2593 ὄῖψον

188 2581 243 2622 οὐ
274 2581 466 2633 τάριχος
492 2597 519 2633 η
544 2582 725 2633 θύμον,
754 2578 759 2633 Ι
788 2580 886 2621 ἀλλὰ
917 2579 1030 2635 κρέα
1061 2580 1345 2622 παντοδαπὰ
1373 2577 1432 2635 (π.
1454 2579 1497 2621 δὲ
1516 2578 1609 2654 κρ.)
1619 2580 1773 2637 κῴνος

187 2637 290 2689 οἷος
326 2641 485 2693 ἥδιστος
529 2637 726 2695 (fortasse
763 2641 1050 2695 γλυκύτατος)
1070 2636 1074 2695 Ι
1114 2640 1197 2681 καὶ
1231 2642 1429 2694 χρυσίον
1465 2638 1559 2694 παρ’
1595 2640 1688 2680 ότου
1721 2657 1772 2681 αν

187 2699 389 2742 ἐθέλωσιν.
447 2704 504 2743 20
541 2700 718 2754 ἀγρους
750 2701 900 2742 ἐνίοτε
932 2699 1009 2742 καὶ
1041 2699 1212 2754 ἐσθητας
1239 2703 1430 2753 (fortasse
1452 2697 1654 2754 χλανίδας)
1681 2707 1772 2741 τῶν

188 2765 450 2813 μαλθακῶν
478 2756 483 2815 Ι
512 2757 622 2816 (add.
647 2757 747 2815 ἤδη)
780 2760 1006 2815 ἐπρίαντο
1037 2760 1104 2801 καὶ
1128 2762 1274 2810 παῖδας
1299 2761 1471 2813 κομήτας
1497 2759 1574 2800 καὶ
1607 2772 1771 2801 συνοι-

188 2822 292 2869 κίας
325 2820 453 2871 ὅλας,
486 2820 616 2873 μακρὰ
649 2821 831 2874 χαίρειν
870 2821 1140 2873 φράσαντες
1177 2827 1222 2876 τῇ
1254 2820 1363 2876 πήρα
1394 2827 1438 2876 τῇ
1472 2820 1675 2872 Κράτητος
1706 2820 1772 2861 καὶ

187 2884 240 2937 τῷ
271 2882 434 2934 τρίβωνι
466 2883 519 2936 τῷ
546 2878 828 2929 Ἀντισθένους
859 2879 925 2920 καὶ
955 2884 1013 2936 τῷ
1043 2882 1171 2937 πίθῳ
1203 2884 1261 2937 τῷ
1294 2879 1572 2934 Διογένους.

313 2943 365 2986 27
400 2938 658 2994 ἀνδράποδον
686 2942 692 2991 Ι
719 2940 1118 2998 Παφλαγονικόν,
1154 2947 1245 2982 τῶν
1278 2939 1367 2982 ἀπὸ
1399 2940 1625 2993 Σινώπης
1657 2942 1771 2997 βαρ-
