2014 3334
224 237 313 279 464
616 238 619 242 ’
879 237 1142 272 ΑΔΕΣΠΟΤΑ

964 370 1052 413 304

345 458 584 496 Plutarchus
617 457 716 496 Mor.
753 458 835 495 180
879 455 1004 503 οὕτως
1041 454 1062 495 ὁ
1099 454 1188 503 νέος
1225 454 1510 509 ἀναγινώσκων
1547 454 1574 495 ἃ
1608 456 1798 510 Θερσίτης

227 514 247 556 ὅ
272 515 543 570 γελωτοποιός,
568 513 595 567 ἢ
614 516 797 566 Σίσυφος
822 513 843 554 ὁ
869 515 1063 567 φθορεύς,
1088 512 1115 566 ἢ
1139 515 1379 568 Βάτραχος
1410 514 1431 555 ὅ
1462 515 1798 568 πορνοβοσκὸς
1827 518 1830 521 ’

226 574 350 629 λέγων
381 573 407 627 ἢ
438 575 619 628 πράττων
649 575 872 626 πεποίηται,
912 572 1161 614 διδασκέσθω
1193 573 1264 625 τὴν
1296 573 1545 627 μιμουμένην
1575 580 1695 615 ταῦτα
1727 575 1798 615 δύ-

227 651 347 686 ναμιν
383 633 449 674 καὶ
485 633 625 687 τέχνην
661 634 858 687 ἐπαινεῖν,
902 632 950 681 ἃς
994 632 1035 673 δὲ
1079 637 1249 686 μιμεῖται
1292 633 1489 682 διαθέσεις
1532 633 1598 674 καὶ
1640 634 1799 687 πράξεις

228 694 523 748 προβάλλεσθαι
554 693 619 734 καὶ
643 695 824 742 κακίζειν.
876 690 1098 744 ‘probabile
1131 696 1193 733 est
1211 695 1457 734 Batrachum
1489 695 1614 734 fuisse
1646 695 1799 734 lenonis

227 768 372 793 nomen
391 755 498 804 apud
517 749 808 793 Menandrum?
840 754 958 792 Mein.
1007 753 1182 801 Βάταλος
1207 754 1460 793 scribendum
1493 756 1628 793 censet
1646 755 1798 794 Nauck.

227 815 335 865 Aug.
366 814 445 853 Lit.
464 828 495 852 z.
531 816 655 863 1847,
688 815 787 854 475.
836 826 916 853 non
948 814 1077 853 credo.

977 941 1064 984 305

349 1018 583 1056 Athenaeus
606 1019 643 1067 7,
666 1017 779 1055 278f
807 1015 849 1055 οἷ
876 1021 944 1067 τῆς
974 1015 1183 1071 κωμῳδίας
1212 1013 1371 1066 ποιηταὶ
1399 1012 1691 1067 κατατρέχοντές
1719 1029 1800 1055 που

230 1082 298 1127 τῆς
329 1073 480 1128 ἡδονῆς
510 1074 576 1115 καὶ
607 1074 797 1128 ἀκρασίας
827 1073 1064 1127 ἐπικούρους
1101 1073 1168 1113 καὶ
1197 1073 1380 1126 βοηθοὺς
1411 1075 1570 1126 βοῶσιν.
1593 1097 1652 1102 -
1673 1071 1801 1114 Ἐπι-

227 1135 436 1188 κούρους
455 1135 521 1175 καὶ
541 1134 731 1186 Βοήθους
749 1135 868 1174 Mein.
882 1135 999 1173 Vind.
1017 1134 1149 1173 Strab.
1170 1137 1266 1174 228.
1301 1147 1540 1185 quamquam
1562 1135 1800 1174 sententiam

228 1196 466 1235 retractavit
497 1195 613 1234 Anal.
645 1195 740 1234 Ath.
776 1196 871 1234 124.
923 1195 1029 1245 apud
1059 1194 1249 1233 Boc'thum
1287 1194 1532 1244 Epicureum
1574 1194 1800 1234 convivium

229 1258 291 1294 est
321 1256 430 1294 Plut.
461 1255 558 1294 Mor.
594 1256 677 1294 673
688 1255 722 1293 d.

978 1334 1063 1376 306

348 1410 425 1448 Dio
446 1409 649 1462 Chrysost.
673 1411 727 1448 32
759 1423 797 1459 p.
820 1410 903 1448 699
925 1408 971 1447 R.
1022 1406 1065 1446 έν
1102 1410 1186 1455 ταῖς
1221 1407 1447 1463 κωμῳδίαις
1477 1406 1543 1447 καὶ
1575 1408 1800 1456 διασκευαῖς

230 1463 498 1524 (κωμῳδικαῖς
518 1464 664 1523 διασκ.)
696 1468 924 1520 Καρίωνα
955 1465 1028 1518 μὲν
1054 1466 1273 1519 εἰσάγοντες
1303 1467 1549 1518 μεθύοντα
1579 1466 1646 1506 καὶ
1669 1469 1800 1507 Δᾶον

230 1527 279 1568 οὐ
299 1527 455 1582 σφόδρα
479 1533 635 1567 κινοῦσι
654 1526 817 1581 γέλωτα·
849 1526 916 1566 τὸν
938 1523 974 1565 δ’
1002 1523 1233 1579 “Ηρακλέα
1257 1532 1477 1566 τοιοῦτον
1503 1524 1621 1579 ὁρῶσι
1645 1530 1799 1579 γελοῖον

231 1588 354 1639 δοκεῖ,
384 1587 787 1640 παραφερόμενον
817 1585 883 1626 καὶ
913 1585 1095 1638 καθάπερ
1127 1585 1319 1625 εἰώθασιν
1351 1584 1399 1625 έν
1430 1588 1662 1642 κροκωτῷ.

971 1726 1056 1768 307

349 1802 620 1841 Philostratus
652 1803 776 1854 Imag.
812 1804 848 1853 1,
882 1802 906 1839 3
940 1803 1037 1840 extr.
1082 1805 1218 1853 χρῆται
1250 1794 1315 1854 (τῇ
1347 1794 1538 1852 ἀλώπεκι)
1570 1796 1591 1838 ὅ
1613 1798 1801 1847 Αἴσωπος

231 1861 440 1918 διακόνῳ
471 1868 562 1901 τῶν
593 1862 825 1901 πλείστων
857 1857 1160 1911 ὑποθέσεων,
1192 1858 1321 1912 ὥσπερ
1345 1855 1371 1910 ’ἡ
1397 1858 1583 1915 κωμῳδία
1613 1861 1666 1915 τῷ
1692 1859 1798 1915 Δάῳ.
1859 1853 1862 1856 “

976 1989 1062 2031 308

350 2064 531 2104 Iulianus
559 2063 625 2103 Or.
648 2067 684 2115 1,
708 2064 796 2102 19d
827 2061 987 2115 κρινέτω
1020 2060 1072 2114 μὴ
1105 2060 1221 2114 πρὸς
1252 2059 1486 2114 ἀργύριον
1524 2066 1711 2100 σκοπῶν
1731 2092 1739 2100 .
1761 2090 1770 2100 .
1790 2093 1798 2101 .

231 2122 414 2177 καθάπερ
458 2124 501 2163 οἷ
539 2123 830 2176 φιλάργυροι
873 2120 1092 2176 γέροντες
1135 2120 1213 2160 ὑπὸ
1258 2126 1335 2160 τῶν
1378 2120 1581 2176 κωμῳδῶν
1624 2119 1686 2159 ἐπὶ
1728 2119 1801 2171 τὴν

232 2182 385 2234 σκηνὴν
416 2181 629 2234 ἑλκόμενοι.

977 2261 1062 2304 309

351 2351 644 2401 Harpocration
681 2347 1066 2400 Κηφισόδωρος.
1107 2378 1114 2386 .
1153 2378 1161 2386 .
1191 2340 1470 2401 κεκωμῴδηται
1507 2343 1550 2384 δὲ
1589 2340 1704 2393 οὗτος
1741 2343 1800 2394 ὥς

236 2409 406 2460 νωθής.
456 2410 560 2448 idem
592 2412 638 2448 ut
669 2409 830 2449 videtur
861 2409 929 2458 qui
960 2407 1111 2454 πλάνος
1142 2407 1358 2445 dicebatur.
1409 2406 1580 2445 Nicostr.
1614 2408 1681 2445 24.

912 2536 1010 2579 310.
1042 2534 1125 2577 311

520 2596 753 2652 Θεόδωρος
1180 2609 1186 2613 ·

352 2683 578 2734 Hesychius
619 2681 852 2734 Θεοδώρους
888 2680 1020 2734 ἔλεγον
1057 2680 1099 2720 οἵ
1131 2677 1297 2730 κωμικοὶ
1332 2678 1424 2727 τοὺς
1461 2678 1683 2731 πρωκτούς,
1720 2676 1799 2718 ἀπὸ

237 2742 448 2795 Θεοδώρου
486 2742 611 2793 τινός,
649 2740 724 2782 οὐκ
760 2736 804 2781 εὖ
840 2747 885 2796 τῇ
929 2740 1071 2780 ἑαυτοῦ
1115 2738 1198 2794 ὥρα
1241 2737 1498 2792 χρησαμένου.
1561 2738 1603 2778 οἱ
1634 2735 1800 2789 κωμικοὶ

233 2801 402 2852 Musur.]
424 2800 667 2853 οἰκονομικοὶ
685 2801 768 2841 cod.
801 2798 887 2856 τῇζὲ-Ι
897 2800 978 2856 ὥρα
998 2798 1133 2850 Mein]
1154 2797 1374 2851 τῆς-ὥρας
1397 2799 1481 2839 cod.
1510 2819 1552 2825 -
1580 2799 1799 2837 Theodorus

236 2864 298 2899 est
324 2862 599 2901 nobilissimus
628 2861 926 2912 tragoediarum
959 2862 1070 2899 actor
1097 2858 1273 2908 Philippi
1303 2859 1408 2909 regis
1439 2860 1583 2897 aetate.
1645 2858 1692 2896 cf.
1722 2857 1799 2894 De-

234 2921 377 2959 mosth.
403 2924 468 2971 19,
489 2923 586 2960 246.
619 2922 739 2960 Arist.
755 2921 872 2960 Polit.
890 2923 913 2959 7
929 2915 1096 2973 (1336b
1118 2913 1203 2972 28).
1231 2918 1278 2957 cf.
1294 2918 1409 2957 Rhet.
1426 2919 1464 2969 3,
1480 2919 1503 2956 2
1520 2912 1688 2970 (14041)
1710 2913 1797 2969 22).
