2014 3334
768 238 934 272 AAHAA
960 238 1222 273 οΠοΤΕΡΑΣ
1695 236 1784 280 539

949 347 1037 391 740

491 418 648 462 παύσω
681 430 730 462 σε
761 424 838 475 τῆς
869 418 1039 475 σκύζης.

325 506 552 558 Hesychius
578 505 739 558 σκύζης·
781 505 888 560 παρὰ
912 508 1062 563 Φιλητᾷ
1093 509 1171 547 κτλ.
1221 504 1308 546 ἀντὶ
1332 511 1403 547 τοῦ
1428 512 1498 559 τῆς
1529 506 1692 561 κάπρας.
1730 530 1779 535 -

206 565 340 617 φίλιτα
370 566 453 607 cod.
511 562 722 606 ‘comicum
760 572 939 618 poetam,
982 580 1062 606 non
1100 566 1322 618 elegiacum
1360 567 1424 606 hic
1467 568 1624 606 laudari
1670 568 1786 607 docet

205 626 354 666 senarii
383 626 694 666 hemistichium.
743 627 1025 679 corrigendum
1055 627 1182 682 igitur
1211 625 1319 678 παρὰ
1349 626 1547 679 Φιλήμονι
1575 628 1641 668 vel
1668 628 1783 667 Φιλε-

204 685 334 740 ταίρῳ.
384 686 530 736 ineptit
565 685 742 726 Baebius
773 686 921 741 Philet.
954 682 1040 728 67?
1077 686 1196 726 Mein.
1248 682 1362 726 ‘mihi
1403 687 1583 727 Philotae
1624 688 1783 739 glossae

205 746 500 798 intellegendae
531 746 721 786 videntur
751 749 793 787 et
824 747 1017 787 excidisse
1048 748 1191 798 poetae
1222 743 1395 787 nomen'.
1428 747 1481 787 M.
1513 747 1706 787 Schmidt.

955 864 1036 906 741

639 982 646 989 .
712 947 912 1003 Σύβαρις
943 947 1018 989 διὰ
1048 948 1255 998 πλατείας
1316 982 1324 990 .
1388 982 1396 990 .
1458 981 1467 990 .

324 1033 551 1085 Hesychius
569 1033 835 1086 παροιμιῶδες
854 1032 918 1074 ἐπὶ
935 1039 1013 1074 τῶν
1033 1035 1214 1087 σοβαρῶς
1239 1032 1532 1087 πορευομένων.
1576 1036 1625 1074 cf.
1640 1035 1785 1075 Zenob.

206 1094 246 1145 5,
278 1094 348 1134 88.
396 1093 544 1134 Macar.
574 1096 611 1146 7,
644 1095 712 1134 87.

958 1175 1043 1218 742

492 1245 713 1302 οὐράνιονῖ
768 1279 778 1289 .
840 1279 849 1289 .
912 1247 1096 1290 παιδιάν

325 1331 419 1373 ὅταν
438 1331 511 1384 τὴν
530 1335 706 1385 σφαῖραν
724 1332 779 1381 εἰς
797 1331 865 1373 τὸν
885 1332 1060 1387 οὐρανὸν
1079 1332 1364 1386 ἀναβάλλωσιν.
1398 1335 1580 1374 Photius.
1612 1335 1783 1386 Hesych.

206 1391 418 1445 οὐρανίαν·
450 1391 544 1432 ὅταν
575 1390 647 1444 τὴν
673 1396 848 1445 σφαῖραν
872 1392 1137 1446 ἀναβάλωσιν.
1193 1393 1260 1434 καὶ
1288 1393 1361 1446 τὴν
1391 1394 1579 1445 τοιαύτην
1604 1394 1784 1435 καθόλου

204 1451 371 1492 παιδιὰν
396 1451 590 1504 οὐρανίαν
610 1455 776 1492 καλοῦσι
801 1451 867 1492 καὶ
886 1452 1148 1506 ρύρανιάζειν.
1197 1454 1351 1503 P011.9‚
1370 1457 1453 1494 106
1481 1451 1506 1505 ἡ
1534 1451 1570 1493 δ’
1601 1453 1784 1507 οὐρανία,

206 1509 228 1552 ὁ
266 1510 353 1564 μὲνμ
375 1511 603 1560 ἀνακλάσας
645 1511 768 1552 αὑτὸν
811 1511 1033 1566 άνερρίπτει
1063 1512 1136 1564 τὴν
1180 1517 1355 1566 σφαῖραν
1386 1514 1441 1562 εἰς
1477 1513 1546 1554 τὸν
1590 1513 1783 1566 οὐρανόν·

204 1575 286 1620 τοῖς
318 1568 355 1612 δ’
389 1566 442 1624 ἧν
479 1602 490 1613 .
521 1602 531 1612 .
569 1572 771 1624 φιλοτιμία
809 1602 818 1612 .
851 1604 860 1613 .
891 1602 902 1613 .
940 1571 1126 1626 ἁρπάσαι.
1187 1575 1236 1613 cf.
1267 1575 1395 1614 Arist.
1414 1574 1533 1625 Vesp.
1568 1576 1694 1615 1530.
1727 1595 1784 1602 —

208 1630 400 1685 οὐρανίαν
431 1645 503 1672 cur
533 1632 775 1672 restituatur
806 1634 962 1673 nullam
994 1634 1111 1675 video
1143 1646 1318 1677 causam.

950 1750 1035 1793 743

492 1820 638 1876 βάψας
669 1822 839 1877 ποιήσω
871 1820 1019 1878 μέλαν.

326 1907 471 1947 Suidas
503 1907 639 1960 βάψας
669 1937 680 1948 .
700 1938 709 1947 .
730 1938 740 1948 .
770 1906 798 1960 ἢ
829 1906 908 1948 ἀπὸ
939 1913 1017 1948 τῶν
1048 1909 1472 1961 φαρμακοποιούντων.
1522 1908 1680 1963 λέγουσι
1709 1909 1784 1963 γὰρ

205 1965 248 2006 τό
279 1969 355 2006 κτλ.
407 1967 634 2008 comoediae
666 1969 870 2008 accensuit
901 1969 947 2010 G.
975 1969 1096 2009 Wolf.
1128 1970 1270 2010 Philol.
1289 1970 1386 2009 XVI
1418 1972 1517 2019 529,
1549 1973 1613 2009 cui
1644 1973 1786 2010 contra

207 2026 513 2079 Bernhardyum
545 2027 760 2068 adsentior.

937 2110 1055 2152 743a

493 2178 670 2231 ἀκούεις
701 2179 760 2230 ὡς
791 2178 952 2232 στένει;

326 2266 458 2307 Schol.
488 2267 626 2318 Eurip.
660 2266 788 2308 Orest.
825 2269 908 2308 163
941 2265 968 2307 ἃ
997 2267 1073 2321 γὰρ
1105 2266 1159 2320 μὴ
1192 2268 1358 2308 δύναται
1389 2267 1631 2322 γράφεσθαι,
1662 2273 1786 2308 ταῦτα

206 2321 260 2385 δι’
295 2323 436 2379 ἑτέρων
459 2325 686 2378 προσώπων
717 2327 919 2379 δηλοῦται,
951 2323 1038 2368 οἷόν
1063 2343 1099 2368 τι
1123 2327 1190 2368 καὶ
1220 2327 1329 2382 παρὰ
1359 2331 1413 2385 τῷ
1439 2331 1599 2384 κωμικῷ
1631 2326 1784 2369 οἰκέτου

208 2385 461 2434 στενάξαντος
492 2383 619 2440 ἕτερός
650 2397 776 2439 φησιν
806 2390 884 2427 κτλ.

949 2481 1034 2523 744

493 2585 502 2593 .
559 2547 801 2604 Ἀστυάναξ
831 2550 1006 2606 γέγονα.

326 2636 566 2676 Eustathius
598 2638 702 2688 862,
735 2639 791 2678 43
825 2633 871 2691 (ὁ
903 2634 1139 2691 νώθουρος)
1177 2637 1244 2678 καὶ
1280 2636 1445 2687 ἄστυτος
1476 2637 1642 2693 ἐλέγετο,
1674 2638 1785 2679 καθὰ

206 2695 274 2736 καὶ
304 2693 468 2744 ἄστυτος
498 2691 607 2743 οἶκος
639 2694 853 2748 (Xenarch.
888 2701 924 2749 1,
957 2695 1002 2751 4)
1039 2696 1060 2738 ὅ
1092 2697 1191 2750 ἔχων
1223 2696 1351 2751 ἄνδρα
1387 2695 1433 2747 ὃς
1464 2698 1546 2751 ἔχοι
1576 2697 1628 2738 ἂν
1658 2697 1784 2752 λέγειν

208 2786 218 2795 .
237 2785 248 2795 .
267 2787 275 2796 .
295 2755 338 2795 τό
358 2758 434 2795 κτλ.
484 2756 589 2795 idem
611 2758 694 2797 656
717 2760 815 2797 extr.
841 2757 911 2797 καί
932 2772 988 2805 τις
1012 2757 1179 2805 παλαιὸς
1203 2758 1354 2806 παίζων
1386 2758 1721 2810 κωμικώτερον
1742 2789 1751 2798 .
1773 2790 1780 2798 .

203 2811 471 2855 Ἀστυάνακτα
501 2812 642 2854 ἑαυτὸν
673 2814 750 2867 ἔφη
781 2830 861 2856 που
893 2815 946 2865 ὥς
971 2815 1024 2869 μὴ
1057 2817 1235 2858 στύοντα.
1286 2820 1384 2867 849,
1417 2821 1473 2858 54
1506 2816 1527 2858 ὀ
1559 2817 1657 2857 κατὰ
1689 2818 1783 2867 τοὺς

207 2874 400 2922 παλαιοὺς
437 2871 601 2922 ἄστυτος
637 2873 764 2927 γέρων
800 2873 827 2928 ἢ
859 2872 1087 2925 Ἀστυάναξ.
1147 2879 1271 2928 1283,
1299 2879 1352 2917 25
1391 2875 1412 2917 ὁ
1439 2874 1656 2926 Ἀστυάναξ
1701 2879 1781 2930 δρι-

208 2932 310 2986 μέως
339 2932 547 2975 πέπαικται
582 2932 649 2974 καὶ
679 2933 746 2974 ἐπί
753 2970 756 2973 .
771 2949 878 2984 τινος
910 2936 1150 2989 ὃυσκινήτου
1187 2935 1235 2976 τὰ
1271 2937 1327 2985 εἰς
1358 2938 1564 2990 λαγνείαν,
1602 2936 1680 2978 ἀπὸ
1711 2943 1783 2978 τοῦ
