2014 3334
722 252 927 287 ΑΔΗΛΩΝ
952 251 1213 287 ΔΡΑΜΔΤΩΝ
1672 249 1755 292 195

922 385 1008 428 668

391 471 570 513 πολλῶν
602 468 737 525 φύσει
769 476 862 520 τοῖς
893 475 1029 512 πᾶσιν
1060 468 1321 525 ἀνθρώποις
1351 476 1500 512 κακῶν

393 542 538 584 ὄντων
568 539 778 598 μέγιστόν
809 540 931 584 ἐστιν
961 540 988 596 ἡ
1021 541 1137 596 λύπη
1169 542 1319 584 κακόν.

298 628 495 669 Stobaeus
527 628 662 668 Floril.
692 630 761 679 99,
785 629 836 667 18
871 627 1120 680 Μενάνδρου
1140 627 1189 666 A.
1252 628 1494 668 Plutarchus
1514 630 1611 669 Mor.
1637 632 1719 670 102
1735 643 1756 670 c

176 691 335 729 πολλῶν
365 687 440 742 γὰρ
473 685 600 728 ὄντων
630 693 814 740 ψυχικῶν
845 691 993 727 παθῶν
1018 685 1044 739 ἡ
1070 686 1176 738 λύπη
1207 686 1250 726 τὸ
1275 687 1547 739 χαλεπώτατον
1577 687 1756 740 πέφυκεν

177 744 279 789 εἶναι
309 748 481 788 πάντων.
547 751 582 788 1.
617 746 851 800 ἀνθρώποις
883 746 1042 798 Gloria]
1083 745 1327 801 ἀνθρώπων.

927 877 1014 920 669

392 960 561 1014 ἔξωθέν
592 962 707 1004 εἰσιν
739 961 787 1004 oc
815 962 1056 1011 δοκοῦντες
1087 960 1290 1016 εὐτυχεῖν

393 1035 601 1090 λαμπροί,
632 1034 686 1076 τὰ
719 1029 760 1075 δ’
796 1034 931 1076 ἔνδον
961 1039 1098 1076 πᾶσιν
1130 1032 1389 1090 ἀνθρώποις
1420 1036 1522 1076 ἴσοι.

297 1120 493 1161 Stobaeus
525 1121 663 1162 Floril.
698 1123 795 1173 104,
830 1122 885 1160 14
929 1125 999 1160 τοῦ
1038 1118 1162 1159 αὐτοῦ
1195 1115 1464 1174 (Μενάνδρου
1500 1115 1573 1174 13)
1607 1122 1655 1162 A.
1719 1124 1756 1161 2.

175 1180 351 1234 λαμπροί
390 1194 438 1220 ex
478 1181 619 1232 Eurip.
658 1181 850 1221 Androm.
885 1182 971 1220 330
1015 1180 1104 1220 add.
1138 1179 1329 1219 Valcken.
1368 1180 1464 1220 Eur.
1503 1180 1624 1232 Hipp.
1659 1182 1759 1222 956.

176 1238 296 1281 ἔνδον
326 1239 486 1292 Valck]
525 1239 644 1280 ἔνδον
676 1239 760 1280 εἰσὶ.
811 1241 919 1292 apud
951 1241 1046 1280 Eur.
1079 1241 1141 1279 est
1179 1233 1225 1279 εὐ
1268 1243 1435 1293 φρονεῖν
1465 1253 1538 1292 pro
1570 1239 1759 1293 εὐτυχεῖν.

177 1297 318 1352 ἔνδον,
349 1302 464 1341 domi.
526 1302 574 1342 cf.
609 1303 779 1353 302,.5.
842 1302 944 1341 hane
988 1313 1144 1352 quoque
1189 1300 1431 1340 sententiam
1475 1301 1524 1340 ab
1565 1301 1758 1352 Euripide

178 1362 389 1400 mutuatus
421 1362 484 1402 est
515 1362 744 1401 Menander.

929 1453 1017 1496 670

0 1582 5 1587 ,
355 1590 361 1594 ⁵
394 1535 530 1581 οὐδέν
562 1553 615 1594 με
648 1540 782 1581 λυπεῖ
809 1540 979 1594 μᾶλλον
1011 1536 1039 1592 ἢ
1071 1538 1260 1595 χρηστὸς
1291 1538 1454 1594 τρόπος

0 1589 9 1679 ἓ
393 1611 457 1661 εἰς
480 1610 680 1681 Υχαλεπὸν
713 1610 821 1653 ὅταν
853 1604 882 1667 ᾗ
913 1609 1271 1666 συγκεκλῃμένος
1302 1611 1417 1665 βίον.

0 1683 10 1756 ἔ
298 1693 497 1737 Stobaeus'
522 1698 661 1738 Floril.
686 1701 782 1749 107,
817 1699 838 1736 1
874 1696 1124 1750 Μενάνδρου
1155 1697 1204 1737 Α.
1271 1700 1307 1736 1.
1339 1694 1459 1737 οὐδέν
1479 1697 1591 1737 Voss.
1615 1695 1754 1748 Heus]

0 1772 13 1783 ‘-
180 1754 318 1798 οὐθέν.
382 1760 420 1797 2.
452 1760 686 1814 συγκεκλῃμ.
717 1756 784 1810 Κ.]
819 1760 1084 1811 συγκεκλεισμ.

928 1887 1011 1930 671

395 1971 680 2028 οἰκτρότατόν
712 1970 805 2014 ἐστι
836 1977 996 2028 πεῖραν
1028 1969 1099 2014 ἐπὶ
1130 1972 1278 2028 γήρως
1309 1971 1399 2029 ὀδῷ

394 2042 553 2086 ἀδίκου
583 2043 718 2100 τύχης
751 2043 922 2094 δίκαιος
953 2039 1147 2099 εἰληφὼς
1178 2045 1351 2100 τρόπος.

301 2129 499 2170 Stobaeus
532 2131 670 2170 Floril.
706 2132 803 2183 107,
836 2133 860 2170 2
907 2136 977 2171 τοῦ
1016 2129 1140 2171 αὐτοῦ
1167 2126 1435 2182 (Μενάνδρου
1466 2125 1510 2184 1)
1539 2130 1584 2168 Α.
1627 2128 1758 2182 γήρως

181 2185 262 2245 ὀδῷ
294 2189 492 2242 Scaliger]
525 2195 651 2244 γῆρας
682 2188 780 2230 ὁδοῦ
813 2191 897 2231 AB.
962 2194 997 2230 2.
1031 2190 1178 2243 τρόπον
1210 2191 1321 2230 Voss.
1358 2191 1477 2229 Hens.
1533 2187 1596 2229 ἐπὶ
1627 2188 1758 2242 γήρως

181 2245 263 2305 ὀδῷ
293 2249 467 2302 Lycurg.
499 2251 636 2291 Leocr.
669 2252 737 2291 40.

929 2368 1016 2411 672

396 2450 540 2505 ἄνδρα
570 2451 650 2493 τὸν
682 2450 861 2506 ἀληθῶς
893 2451 1051 2506 εὐγενῆ
1082 2449 1154 2494 καὶ
1186 2450 1361 2504 τάγαθὰ

396 2520 469 2566 καὶ
500 2523 554 2565 τὰ
585 2523 697 2566 κακὰ
730 2523 801 2565 δεῖ
828 2525 1041 2566 πταίοντα
1072 2525 1289 2578 γενναίως
1320 2521 1485 2578 φέρειν.

301 2608 498 2649 Stobaeus
530 2610 668 2650 Floril.
705 2611 805 2662 108,
847 2612 871 2650 6
916 2615 987 2651 τοῦ
1031 2609 1154 2650 αὐτοῦ
1199 2605 1468 2664 (Μενάνδρου
1502 2602 1548 2660 5)
1581 2607 1628 2646 A.
1690 2605 1757 2646 τὸν

183 2666 345 2720 ἀληθῶς
376 2666 504 2723 ἄνδρα
536 2667 678 2722 εὐγενῆ
715 2670 880 2710 codices.
914 2670 1164 2721 transposuit
1194 2670 1396 2708 Porsonus
1427 2667 1595 2708 Advers.
1629 2669 1727 2706 290.

930 2798 1016 2840 673

397 2887 493 2931 ταῖς
523 2878 745 2936 ἀτυχίαισι
776 2882 835 2937 μὴ
865 2878 1054 2937 ’πίχαιρε
1085 2887 1175 2922 τῶν
1205 2867 1355 2930 πέλῗκς·

397 2952 508 3009 πρὸς
537 2952 620 3008 τὴν
650 2953 789 3009 τύχην
820 2953 905 3009 γὰρ
939 2954 1202 3008 ζυγομαχεῖν
1235 2951 1289 2994 οὐ
1320 2948 1494 3008 ῥᾴδιον.

1402 3020 1471 3054 13*
