<?xml version="1.0" encoding="UTF-8"?>
<!DOCTYPE html PUBLIC "-//W3C//DTD XHTML 1.0 Transitional//EN"
    "http://www.w3.org/TR/xhtml1/DTD/xhtml1-transitional.dtd">
<html xmlns="http://www.w3.org/1999/xhtml" xml:lang="en" lang="en">
 <head>
  <title>
</title>
<meta http-equiv="Content-Type" content="text/html;charset=utf-8" />
  <meta name='ocr-system' content='tesseract 3.04.00' />
  <meta name='ocr-capabilities' content='ocr_page ocr_carea ocr_par ocr_line ocrx_word'/>
</head>
<body>
  <div class='ocr_page' id='page_1' title='image "./comicorumatticor03kockuoft_0032.png"; bbox 0 0 2014 3334; ppageno 0'>
   <div class='ocr_carea' id='block_1_1' title="bbox 276 211 1203 280">
    <p class='ocr_par' dir='ltr' id='par_1_1' title="bbox 276 211 1203 280">
     <span class='ocr_line' id='line_1_1' title="bbox 276 211 1203 280; baseline -0.011 0"><span class='ocrx_word' id='word_1_1' title='bbox 276 239 329 280; x_wconf 83' lang='lat'><em>12</em></span> <span class='ocrx_word' id='word_1_2' title='bbox 641 211 643 214; x_wconf 16' lang='lat' dir='ltr'>V</span> <span class='ocrx_word' id='word_1_3' title='bbox 814 244 818 246; x_wconf 90' lang='lat'>·</span> <span class='ocrx_word' id='word_1_4' title='bbox 906 238 1203 272; x_wconf 78' lang='lat' dir='ltr'><strong>MENANAPOT</strong></span> 
     </span>
    </p>
   </div>
   <div class='ocr_carea' id='block_1_2' title="bbox 270 335 1832 520">
    <p class='ocr_par' dir='ltr' id='par_1_2' title="bbox 270 335 1832 520">
     <span class='ocr_line' id='line_1_2' title="bbox 390 335 1832 402; baseline -0.003 -12"><span class='ocrx_word' id='word_1_5' title='bbox 390 335 629 402; x_wconf 83' lang='grc' dir='ltr'><em>Μένανδρος</em></span> <span class='ocrx_word' id='word_1_6' title='bbox 666 349 742 401; x_wconf 74' lang='grc' dir='ltr'><em>ἔφη</em></span> <span class='ocrx_word' id='word_1_7' title='bbox 778 349 821 389; x_wconf 80' lang='grc' dir='ltr'><em>ἐν</em></span> <span class='ocrx_word' id='word_1_8' title='bbox 851 346 980 389; x_wconf 75' lang='grc' dir='ltr'><em>Ἀλιεῖ.</em></span> <span class='ocrx_word' id='word_1_9' title='bbox 1042 350 1141 388; x_wconf 91' lang='lat' dir='ltr'>Poll.</span> <span class='ocrx_word' id='word_1_10' title='bbox 1177 350 1247 397; x_wconf 89' lang='lat'>10,</span> <span class='ocrx_word' id='word_1_11' title='bbox 1291 350 1385 388; x_wconf 87' lang='grc'><strong>132.</strong></span> <span class='ocrx_word' id='word_1_12' title='bbox 1452 347 1730 401; x_wconf 90' lang='grc' dir='ltr'><em>περιβάλληται</em></span> <span class='ocrx_word' id='word_1_13' title='bbox 1767 348 1832 387; x_wconf 86' lang='lat' dir='ltr'><em>vel</em></span> 
     </span>
     <span class='ocr_line' id='line_1_3' title="bbox 270 404 1831 462; baseline -0.003 -12"><span class='ocrx_word' id='word_1_14' title='bbox 270 409 542 462; x_wconf 84' lang='grc' dir='ltr'><em>περιβέβληται</em></span> <span class='ocrx_word' id='word_1_15' title='bbox 577 411 714 459; x_wconf 66' lang='lat' dir='ltr'>Mein,</span> <span class='ocrx_word' id='word_1_16' title='bbox 754 406 944 448; x_wconf 73' lang='lat' dir='ltr'>‘numeris</span> <span class='ocrx_word' id='word_1_17' title='bbox 982 404 1274 458; x_wconf 73' lang='lat' dir='ltr'>anapaesticis&#39;.</span> <span class='ocrx_word' id='word_1_18' title='bbox 1344 408 1545 448; x_wconf 84' lang='lat' dir='ltr'>simillime</span> <span class='ocrx_word' id='word_1_19' title='bbox 1577 407 1767 447; x_wconf 73' lang='lat' dir='ltr'>Herodot.</span> <span class='ocrx_word' id='word_1_20' title='bbox 1794 409 1831 455; x_wconf 88' lang='lat'>1,</span> 
     </span>
     <span class='ocr_line' id='line_1_4' title="bbox 274 466 1449 520; baseline -0.001 -11"><span class='ocrx_word' id='word_1_21' title='bbox 274 472 366 509; x_wconf 89' lang='grc'>141.</span> <span class='ocrx_word' id='word_1_22' title='bbox 419 471 467 509; x_wconf 83' lang='lat' dir='ltr'><em>cf.</em></span> <span class='ocrx_word' id='word_1_23' title='bbox 501 472 539 520; x_wconf 84' lang='lat'><em>2,</em></span> <span class='ocrx_word' id='word_1_24' title='bbox 573 471 637 509; x_wconf 87' lang='lat'><em>95.</em></span> <span class='ocrx_word' id='word_1_25' title='bbox 688 470 828 508; x_wconf 83' lang='lat' dir='ltr'>Aesch.</span> <span class='ocrx_word' id='word_1_26' title='bbox 861 469 935 519; x_wconf 86' lang='lat' dir='ltr'><em>Ag.</em></span> <span class='ocrx_word' id='word_1_27' title='bbox 971 470 1094 507; x_wconf 83' lang='lat'>1382.</span> <span class='ocrx_word' id='word_1_28' title='bbox 1145 466 1318 517; x_wconf 85' lang='lat' dir='ltr'>Choeph.</span> <span class='ocrx_word' id='word_1_29' title='bbox 1351 469 1449 508; x_wconf 87' lang='lat'>492.</span> 
     </span>
    </p>
   </div>
   <div class='ocr_carea' id='block_1_3' title="bbox 611 583 1076 700">
    <p class='ocr_par' dir='ltr' id='par_1_3' title="bbox 611 583 1076 700">
     <span class='ocr_line' id='line_1_5' title="bbox 611 583 1076 700; baseline -0.004 -13"><span class='ocrx_word' id='word_1_30' title='bbox 611 644 837 700; x_wconf 27' lang='grc' dir='ltr'><em>ἡδυλίζειν,</em></span> <span class='ocrx_word' id='word_1_31' title='bbox 1020 583 1076 625; x_wconf 74' lang='grc'><em>28</em></span> 
     </span>
    </p>
   </div>
   <div class='ocr_carea' id='block_1_4' title="bbox 269 723 1838 960">
    <p class='ocr_par' dir='ltr' id='par_1_4' title="bbox 269 723 1838 960">
     <span class='ocr_line' id='line_1_6' title="bbox 388 723 1838 781; baseline -0.002 -11"><span class='ocrx_word' id='word_1_32' title='bbox 388 732 553 771; x_wconf 75' lang='lat' dir='ltr'>Photius</span> <span class='ocrx_word' id='word_1_33' title='bbox 585 728 814 781; x_wconf 78' lang='grc' dir='ltr'><em>ἡδυλισμός·</em></span> <span class='ocrx_word' id='word_1_34' title='bbox 847 725 949 777; x_wconf 84' lang='grc' dir='ltr'><em>εἶδός</em></span> <span class='ocrx_word' id='word_1_35' title='bbox 979 744 1014 768; x_wconf 93' lang='grc' dir='ltr'><em>τι</em></span> <span class='ocrx_word' id='word_1_36' title='bbox 1044 727 1259 775; x_wconf 82' lang='grc' dir='ltr'><strong><em>κολακείας.</em></strong></span> <span class='ocrx_word' id='word_1_37' title='bbox 1303 726 1369 767; x_wconf 83' lang='grc' dir='ltr'><em>καὶ</em></span> <span class='ocrx_word' id='word_1_38' title='bbox 1388 725 1631 779; x_wconf 84' lang='grc' dir='ltr'><em>Μένανδρος</em></span> <span class='ocrx_word' id='word_1_39' title='bbox 1656 723 1699 767; x_wconf 78' lang='grc' dir='ltr'><em>ἐν</em></span> <span class='ocrx_word' id='word_1_40' title='bbox 1712 724 1838 767; x_wconf 78' lang='grc' dir='ltr'><em>Ἁλιεῖ</em></span> 
     </span>
     <span class='ocr_line' id='line_1_7' title="bbox 269 781 1832 846; baseline -0.003 -16"><span class='ocrx_word' id='word_1_41' title='bbox 269 789 446 843; x_wconf 86' lang='grc' dir='ltr'><em>κέχρηται</em></span> <span class='ocrx_word' id='word_1_42' title='bbox 482 794 534 846; x_wconf 77' lang='grc' dir='ltr'><em>τῷ</em></span> <span class='ocrx_word' id='word_1_43' title='bbox 571 788 778 841; x_wconf 77' lang='grc' dir='ltr'><em>ἡδυλίζειν.</em></span> <span class='ocrx_word' id='word_1_44' title='bbox 828 789 1012 828; x_wconf 69' lang='lat' dir='ltr'>Eustath.</span> <span class='ocrx_word' id='word_1_45' title='bbox 1047 790 1173 835; x_wconf 87' lang='lat'>1417,</span> <span class='ocrx_word' id='word_1_46' title='bbox 1207 789 1258 826; x_wconf 87' lang='lat'><em>21</em></span> <span class='ocrx_word' id='word_1_47' title='bbox 1299 784 1534 838; x_wconf 77' lang='grc' dir='ltr'><em>ἡδυλισμός,</em></span> <span class='ocrx_word' id='word_1_48' title='bbox 1572 783 1643 836; x_wconf 79' lang='grc' dir='ltr'><em>ἀφ’</em></span> <span class='ocrx_word' id='word_1_49' title='bbox 1686 781 1735 826; x_wconf 83' lang='grc' dir='ltr'><em>οὗ</em></span> <span class='ocrx_word' id='word_1_50' title='bbox 1766 786 1832 826; x_wconf 80' lang='grc' dir='ltr'><em>καὶ</em></span> 
     </span>
     <span class='ocr_line' id='line_1_8' title="bbox 270 843 1832 904; baseline -0.003 -15"><span class='ocrx_word' id='word_1_51' title='bbox 270 849 311 889; x_wconf 84' lang='grc' dir='ltr'><em>τὸ</em></span> <span class='ocrx_word' id='word_1_52' title='bbox 343 847 540 900; x_wconf 81' lang='grc' dir='ltr'><em>ἡδυλίζειν</em></span> <span class='ocrx_word' id='word_1_53' title='bbox 571 848 676 901; x_wconf 83' lang='grc' dir='ltr'><em>παρὰ</em></span> <span class='ocrx_word' id='word_1_54' title='bbox 696 848 937 904; x_wconf 80' lang='grc' dir='ltr'><em>Μενάνδρῳ.</em></span> <span class='ocrx_word' id='word_1_55' title='bbox 988 847 1158 898; x_wconf 78' lang='lat' dir='ltr'>Hesych.</span> <span class='ocrx_word' id='word_1_56' title='bbox 1185 843 1385 898; x_wconf 79' lang='grc' dir='ltr'><em>ἡδυλίσαι·</em></span> <span class='ocrx_word' id='word_1_57' title='bbox 1419 846 1689 886; x_wconf 84' lang='grc' dir='ltr'><em>συνουσιάσαι.</em></span> <span class='ocrx_word' id='word_1_58' title='bbox 1732 843 1832 898; x_wconf 78' lang='grc' dir='ltr'><em>ἡδυ-</em></span> 
     </span>
     <span class='ocr_line' id='line_1_9' title="bbox 269 908 651 960; baseline 0 -12"><span class='ocrx_word' id='word_1_59' title='bbox 269 908 419 960; x_wconf 87' lang='grc' dir='ltr'><em>λισμός·</em></span> <span class='ocrx_word' id='word_1_60' title='bbox 452 909 651 949; x_wconf 82' lang='grc' dir='ltr'><em>συνουσία.</em></span> 
     </span>
    </p>
   </div>
   <div class='ocr_carea' id='block_1_5' title="bbox 267 1048 1831 1471">
    <p class='ocr_par' dir='ltr' id='par_1_5' title="bbox 267 1048 1831 1471">
     <span class='ocr_line' id='line_1_10' title="bbox 610 1048 869 1103; baseline -0.004 0"><span class='ocrx_word' id='word_1_61' title='bbox 610 1048 636 1103; x_wconf 78' lang='grc' dir='ltr'><em>ἡ</em></span> <span class='ocrx_word' id='word_1_62' title='bbox 668 1050 869 1103; x_wconf 74' lang='grc' dir='ltr'><em>λαμπήνη</em></span> 
     </span>
     <span class='ocr_line' id='line_1_11' title="bbox 387 1130 1831 1186; baseline -0.001 -13"><span class='ocrx_word' id='word_1_63' title='bbox 387 1165 395 1173; x_wconf 94' lang='grc'><em>.</em></span> <span class='ocrx_word' id='word_1_64' title='bbox 428 1165 436 1173; x_wconf 94' lang='grc'><em>.</em></span> <span class='ocrx_word' id='word_1_65' title='bbox 469 1164 478 1173; x_wconf 95' lang='grc'><em>.</em></span> <span class='ocrx_word' id='word_1_66' title='bbox 509 1133 552 1173; x_wconf 81' lang='grc' dir='ltr'><em>ἐν</em></span> <span class='ocrx_word' id='word_1_67' title='bbox 589 1137 669 1181; x_wconf 85' lang='grc' dir='ltr'><em>τοῖς</em></span> <span class='ocrx_word' id='word_1_68' title='bbox 699 1133 946 1186; x_wconf 78' lang='grc' dir='ltr'><em>Μενάνδρου</em></span> <span class='ocrx_word' id='word_1_69' title='bbox 971 1130 1166 1172; x_wconf 74' lang='grc' dir='ltr'><em>Ἁλιεῦσιν</em></span> <span class='ocrx_word' id='word_1_70' title='bbox 1198 1133 1343 1172; x_wconf 83' lang='lat' dir='ltr'>Pollux</span> <span class='ocrx_word' id='word_1_71' title='bbox 1377 1134 1444 1182; x_wconf 88' lang='lat'>10,</span> <span class='ocrx_word' id='word_1_72' title='bbox 1478 1133 1545 1171; x_wconf 83' lang='lat'><em>52.</em></span> <span class='ocrx_word' id='word_1_73' title='bbox 1595 1133 1709 1172; x_wconf 73' lang='lat' dir='ltr'>Phot.</span> <span class='ocrx_word' id='word_1_74' title='bbox 1735 1135 1831 1185; x_wconf 87' lang='grc' dir='ltr'><em>λαμ-</em></span> 
     </span>
     <span class='ocr_line' id='line_1_12' title="bbox 267 1187 1831 1246; baseline 0 -13"><span class='ocrx_word' id='word_1_75' title='bbox 267 1194 392 1245; x_wconf 83' lang='grc' dir='ltr'><em>πήνη·</em></span> <span class='ocrx_word' id='word_1_76' title='bbox 426 1189 529 1241; x_wconf 85' lang='grc' dir='ltr'><em>εἶδος</em></span> <span class='ocrx_word' id='word_1_77' title='bbox 560 1193 729 1246; x_wconf 73' lang='grc' dir='ltr'><em>ἅρματος</em></span> <span class='ocrx_word' id='word_1_78' title='bbox 761 1191 911 1244; x_wconf 77' lang='grc' dir='ltr'><em>ἁμάξης</em></span> <span class='ocrx_word' id='word_1_79' title='bbox 945 1189 1194 1246; x_wconf 79' lang='grc' dir='ltr'><em>(ἁρμαμάξης</em></span> <span class='ocrx_word' id='word_1_80' title='bbox 1226 1187 1379 1245; x_wconf 87' lang='lat' dir='ltr'>Dobr.).</span> <span class='ocrx_word' id='word_1_81' title='bbox 1442 1189 1831 1244; x_wconf 76' lang='grc' dir='ltr'><em>οὕτω“Με’νανδρος.</em></span> 
     </span>
     <span class='ocr_line' id='line_1_13' title="bbox 267 1246 1831 1304; baseline -0.001 -12"><span class='ocrx_word' id='word_1_82' title='bbox 267 1254 438 1304; x_wconf 86' lang='lat' dir='ltr'>Hesych.</span> <span class='ocrx_word' id='word_1_83' title='bbox 500 1252 701 1304; x_wconf 82' lang='grc' dir='ltr'><em>λαμπήνη·</em></span> <span class='ocrx_word' id='word_1_84' title='bbox 734 1248 837 1300; x_wconf 82' lang='grc' dir='ltr'><em>εἶδος</em></span> <span class='ocrx_word' id='word_1_85' title='bbox 868 1251 1019 1304; x_wconf 79' lang='grc' dir='ltr'><em>ἁμάξης</em></span> <span class='ocrx_word' id='word_1_86' title='bbox 1051 1248 1115 1303; x_wconf 81' lang='grc' dir='ltr'><em>ἐφ’</em></span> <span class='ocrx_word' id='word_1_87' title='bbox 1150 1246 1198 1302; x_wconf 79' lang='grc' dir='ltr'><em>ἧς</em></span> <span class='ocrx_word' id='word_1_88' title='bbox 1230 1249 1423 1303; x_wconf 81' lang='grc' dir='ltr'><em>ὀχοῦνται.</em></span> <span class='ocrx_word' id='word_1_89' title='bbox 1487 1249 1585 1290; x_wconf 76' lang='grc' dir='ltr'><em>ἔνιοι</em></span> <span class='ocrx_word' id='word_1_90' title='bbox 1616 1249 1762 1303; x_wconf 83' lang='grc' dir='ltr'><em>ἀπήνη.</em></span> <span class='ocrx_word' id='word_1_91' title='bbox 1803 1249 1831 1304; x_wconf 74' lang='grc' dir='ltr'><strong>ἢ</strong></span> 
     </span>
     <span class='ocr_line' id='line_1_14' title="bbox 268 1309 1830 1364; baseline 0 -13"><span class='ocrx_word' id='word_1_92' title='bbox 268 1311 498 1364; x_wconf 77' lang='grc' dir='ltr'><em>ἁρμαμάξης</em></span> <span class='ocrx_word' id='word_1_93' title='bbox 528 1317 773 1363; x_wconf 82' lang='grc' dir='ltr'><em>περιφανοῦς</em></span> <span class='ocrx_word' id='word_1_94' title='bbox 804 1313 1016 1364; x_wconf 80' lang='grc' dir='ltr'><em>βασιλικῆς.</em></span> <span class='ocrx_word' id='word_1_95' title='bbox 1066 1312 1252 1350; x_wconf 54' lang='lat' dir='ltr'>simililer</span> <span class='ocrx_word' id='word_1_96' title='bbox 1271 1311 1380 1350; x_wconf 84' lang='lat' dir='ltr'>Suid.</span> <span class='ocrx_word' id='word_1_97' title='bbox 1399 1309 1596 1362; x_wconf 82' lang='grc' dir='ltr'><em>λαμπήνη.</em></span> <span class='ocrx_word' id='word_1_98' title='bbox 1641 1312 1688 1350; x_wconf 86' lang='lat' dir='ltr'><em>cf.</em></span> <span class='ocrx_word' id='word_1_99' title='bbox 1711 1311 1830 1362; x_wconf 84' lang='lat' dir='ltr'>Soph.</span> 
     </span>
     <span class='ocr_line' id='line_1_15' title="bbox 268 1372 840 1422; baseline 0 -12"><span class='ocrx_word' id='word_1_100' title='bbox 268 1373 314 1410; x_wconf 90' lang='lat' dir='ltr'><em>fr.</em></span> <span class='ocrx_word' id='word_1_101' title='bbox 348 1374 431 1411; x_wconf 88' lang='lat'><em>405</em></span> <span class='ocrx_word' id='word_1_102' title='bbox 459 1373 507 1410; x_wconf 90' lang='lat' dir='ltr'><em>N.</em></span> <span class='ocrx_word' id='word_1_103' title='bbox 540 1372 739 1422; x_wconf 90' lang='lat' dir='ltr'>Posidipp.</span> <span class='ocrx_word' id='word_1_104' title='bbox 777 1373 840 1410; x_wconf 88' lang='lat'><em>10.</em></span> 
     </span>
     <span class='ocr_line' id='line_1_16' title="bbox 386 1431 827 1471; baseline -0.002 -1"><span class='ocrx_word' id='word_1_105' title='bbox 386 1431 600 1470; x_wconf 77' lang='lat' dir='ltr'>Praeterea</span> <span class='ocrx_word' id='word_1_106' title='bbox 630 1432 684 1471; x_wconf 63' lang='lat' dir='ltr'><em>cf.⁴</em></span> <span class='ocrx_word' id='word_1_107' title='bbox 710 1432 756 1471; x_wconf 86' lang='lat' dir='ltr'><em>fr.</em></span> <span class='ocrx_word' id='word_1_108' title='bbox 790 1432 827 1470; x_wconf 90' lang='lat'><em>8.</em></span> 
     </span>
    </p>
   </div>
   <div class='ocr_carea' id='block_1_6' title="bbox 704 1557 1392 1592">
    <p class='ocr_par' dir='ltr' id='par_1_6' title="bbox 704 1557 1392 1592">
     <span class='ocr_line' id='line_1_17' title="bbox 704 1557 1392 1592; baseline -0.003 0"><span class='ocrx_word' id='word_1_109' title='bbox 704 1557 1055 1592; x_wconf 81' lang='grc' dir='ltr'><strong>ΑΝΑΤΙΘΕΜΕΝΗ</strong></span> <span class='ocrx_word' id='word_1_110' title='bbox 1079 1558 1115 1590; x_wconf 92' lang='grc' dir='ltr'>Η</span> <span class='ocrx_word' id='word_1_111' title='bbox 1139 1557 1392 1592; x_wconf 84' lang='grc' dir='ltr'><strong>ΜΕΣΣΗΝΙΑ</strong></span> 
     </span>
    </p>
   </div>
   <div class='ocr_carea' id='block_1_7' title="bbox 267 1628 1833 2397">
    <p class='ocr_par' dir='ltr' id='par_1_7' title="bbox 267 1628 1833 2397">
     <span class='ocr_line' id='line_1_18' title="bbox 387 1628 1830 1686; baseline 0 -13"><span class='ocrx_word' id='word_1_112' title='bbox 387 1633 450 1673; x_wconf 82' lang='lat' dir='ltr'>Sic</span> <span class='ocrx_word' id='word_1_113' title='bbox 482 1634 590 1673; x_wconf 88' lang='lat' dir='ltr'>solus</span> <span class='ocrx_word' id='word_1_114' title='bbox 623 1633 765 1672; x_wconf 80' lang='lat' dir='ltr'>Suidas</span> <span class='ocrx_word' id='word_1_115' title='bbox 798 1628 864 1686; x_wconf 84' lang='lat' dir='ltr'>(fr.</span> <span class='ocrx_word' id='word_1_116' title='bbox 898 1629 992 1686; x_wconf 83' lang='lat'>32):</span> <span class='ocrx_word' id='word_1_117' title='bbox 1024 1632 1146 1671; x_wconf 60' lang='lat' dir='ltr'>cesseri</span> <span class='ocrx_word' id='word_1_118' title='bbox 1178 1635 1248 1671; x_wconf 76' lang='lat' dir='ltr'>aut</span> <span class='ocrx_word' id='word_1_119' title='bbox 1273 1629 1582 1684; x_wconf 79' lang='grc' dir='ltr'><em>Ἀνατιθεμένην</em></span> <span class='ocrx_word' id='word_1_120' title='bbox 1613 1635 1684 1672; x_wconf 71' lang='lat' dir='ltr'>aut</span> <span class='ocrx_word' id='word_1_121' title='bbox 1715 1634 1830 1673; x_wconf 87' lang='grc' dir='ltr'><em>Μεσ-</em></span> 
     </span>
     <span class='ocr_line' id='line_1_19' title="bbox 269 1692 1832 1744; baseline 0 -12"><span class='ocrx_word' id='word_1_122' title='bbox 269 1692 410 1744; x_wconf 90' lang='grc' dir='ltr'><em>σηνίαν</em></span> <span class='ocrx_word' id='word_1_123' title='bbox 455 1695 783 1741; x_wconf 73' lang='lat' dir='ltr'>commemorant,</span> <span class='ocrx_word' id='word_1_124' title='bbox 829 1692 934 1731; x_wconf 88' lang='lat' dir='ltr'>unde</span> <span class='ocrx_word' id='word_1_125' title='bbox 971 1693 1195 1731; x_wconf 84' lang='lat' dir='ltr'>Meinekius</span> <span class='ocrx_word' id='word_1_126' title='bbox 1233 1693 1402 1731; x_wconf 74' lang='lat' dir='ltr'><em>fortasse</em></span> <span class='ocrx_word' id='word_1_127' title='bbox 1452 1705 1531 1732; x_wconf 90' lang='lat' dir='ltr'><em>non</em></span> <span class='ocrx_word' id='word_1_128' title='bbox 1576 1706 1718 1744; x_wconf 84' lang='lat' dir='ltr'>unam,</span> <span class='ocrx_word' id='word_1_129' title='bbox 1763 1693 1832 1732; x_wconf 88' lang='lat' dir='ltr'><em>sed</em></span> 
     </span>
     <span class='ocr_line' id='line_1_20' title="bbox 269 1749 1829 1802; baseline 0.001 -12"><span class='ocrx_word' id='word_1_130' title='bbox 269 1753 366 1791; x_wconf 85' lang='lat' dir='ltr'>duas</span> <span class='ocrx_word' id='word_1_131' title='bbox 398 1753 520 1791; x_wconf 87' lang='lat' dir='ltr'>fuisse</span> <span class='ocrx_word' id='word_1_132' title='bbox 551 1753 709 1792; x_wconf 81' lang='lat' dir='ltr'>fabulas</span> <span class='ocrx_word' id='word_1_133' title='bbox 742 1752 919 1791; x_wconf 71' lang='lat' dir='ltr'>coniecit.</span> <span class='ocrx_word' id='word_1_134' title='bbox 981 1749 1258 1802; x_wconf 79' lang='grc' dir='ltr'><em>ἀνατίθεσθαι,</em></span> <span class='ocrx_word' id='word_1_135' title='bbox 1288 1754 1514 1791; x_wconf 73' lang='lat' dir='ltr'><em>sententiam</em></span> <span class='ocrx_word' id='word_1_136' title='bbox 1543 1756 1712 1797; x_wconf 75' lang='lat' dir='ltr'><em>mutare,</em></span> <span class='ocrx_word' id='word_1_137' title='bbox 1745 1765 1829 1792; x_wconf 85' lang='lat' dir='ltr'>sae-</span> 
     </span>
     <span class='ocr_line' id='line_1_21' title="bbox 269 1810 1832 1862; baseline 0.001 -12"><span class='ocrx_word' id='word_1_138' title='bbox 269 1812 428 1862; x_wconf 88' lang='lat' dir='ltr'>pissime</span> <span class='ocrx_word' id='word_1_139' title='bbox 459 1811 587 1851; x_wconf 73' lang='lat' dir='ltr'>Plato.</span> <span class='ocrx_word' id='word_1_140' title='bbox 649 1825 695 1850; x_wconf 78' lang='lat' dir='ltr'><em>ae</em></span> <span class='ocrx_word' id='word_1_141' title='bbox 731 1812 891 1862; x_wconf 87' lang='lat' dir='ltr'>proprie</span> <span class='ocrx_word' id='word_1_142' title='bbox 929 1810 971 1850; x_wconf 83' lang='grc' dir='ltr'><em>οἵ</em></span> <span class='ocrx_word' id='word_1_143' title='bbox 1002 1810 1248 1858; x_wconf 82' lang='grc' dir='ltr'><em>πεττεύοντες</em></span> <span class='ocrx_word' id='word_1_144' title='bbox 1286 1811 1522 1850; x_wconf 64' lang='grc' dir='ltr'><em>ᾶίοθῦειηὺω·</em></span> <span class='ocrx_word' id='word_1_145' title='bbox 1557 1810 1832 1851; x_wconf 69' lang='grc' dir='ltr'><em>ἀνατίθεσθαι.</em></span> 
     </span>
     <span class='ocr_line' id='line_1_22' title="bbox 269 1871 1831 1923; baseline -0.001 -13"><span class='ocrx_word' id='word_1_146' title='bbox 269 1872 317 1911; x_wconf 84' lang='lat' dir='ltr'><em>cf.</em></span> <span class='ocrx_word' id='word_1_147' title='bbox 350 1872 396 1910; x_wconf 89' lang='lat' dir='ltr'><em>fr.</em></span> <span class='ocrx_word' id='word_1_148' title='bbox 431 1873 495 1910; x_wconf 89' lang='grc'><em>86.</em></span> <span class='ocrx_word' id='word_1_149' title='bbox 543 1871 576 1909; x_wconf 86' lang='lat' dir='ltr'><em>si</em></span> <span class='ocrx_word' id='word_1_150' title='bbox 614 1871 756 1910; x_wconf 84' lang='lat' dir='ltr'>Suidas</span> <span class='ocrx_word' id='word_1_151' title='bbox 794 1874 902 1910; x_wconf 75' lang='lat' dir='ltr'>recte</span> <span class='ocrx_word' id='word_1_152' title='bbox 939 1871 1104 1909; x_wconf 74' lang='lat' dir='ltr'>titulum</span> <span class='ocrx_word' id='word_1_153' title='bbox 1137 1871 1377 1910; x_wconf 79' lang='lat' dir='ltr'>coniunctim</span> <span class='ocrx_word' id='word_1_154' title='bbox 1409 1871 1589 1923; x_wconf 74' lang='lat' dir='ltr'>scripsit,</span> <span class='ocrx_word' id='word_1_155' title='bbox 1627 1873 1831 1911; x_wconf 76' lang='lat' dir='ltr'>consenta-</span> 
     </span>
     <span class='ocr_line' id='line_1_23' title="bbox 267 1926 1833 1981; baseline 0.001 -12"><span class='ocrx_word' id='word_1_156' title='bbox 267 1943 389 1969; x_wconf 88' lang='lat' dir='ltr'>neum</span> <span class='ocrx_word' id='word_1_157' title='bbox 419 1933 481 1969; x_wconf 71' lang='lat' dir='ltr'><em>est</em></span> <span class='ocrx_word' id='word_1_158' title='bbox 517 1931 692 1980; x_wconf 84' lang='lat' dir='ltr'>puellam</span> <span class='ocrx_word' id='word_1_159' title='bbox 729 1930 967 1969; x_wconf 81' lang='lat' dir='ltr'>Messeniam</span> <span class='ocrx_word' id='word_1_160' title='bbox 998 1930 1087 1978; x_wconf 76' lang='lat' dir='ltr'>dici,</span> <span class='ocrx_word' id='word_1_161' title='bbox 1128 1926 1243 1980; x_wconf 73' lang='lat' dir='ltr'>‘quae</span> <span class='ocrx_word' id='word_1_162' title='bbox 1277 1944 1367 1969; x_wconf 83' lang='lat' dir='ltr'>cum</span> <span class='ocrx_word' id='word_1_163' title='bbox 1398 1931 1568 1970; x_wconf 74' lang='lat' dir='ltr'>amatori</span> <span class='ocrx_word' id='word_1_164' title='bbox 1598 1932 1833 1981; x_wconf 67' lang='lat' dir='ltr'>nupiziarum</span> 
     </span>
     <span class='ocr_line' id='line_1_24' title="bbox 270 1983 1832 2043; baseline 0.001 -15"><span class='ocrx_word' id='word_1_165' title='bbox 270 2002 379 2039; x_wconf 89' lang='lat' dir='ltr'>spem</span> <span class='ocrx_word' id='word_1_166' title='bbox 415 1990 593 2041; x_wconf 72' lang='lat' dir='ltr'>fecisset,</span> <span class='ocrx_word' id='word_1_167' title='bbox 634 1992 773 2040; x_wconf 75' lang='lat' dir='ltr'>postea</span> <span class='ocrx_word' id='word_1_168' title='bbox 813 1990 1053 2029; x_wconf 69' lang='lat' dir='ltr'>sentenffiam</span> <span class='ocrx_word' id='word_1_169' title='bbox 1097 1983 1281 2028; x_wconf 73' lang='lat' dir='ltr'>mutarit&#39;</span> <span class='ocrx_word' id='word_1_170' title='bbox 1319 1985 1475 2043; x_wconf 82' lang='lat' dir='ltr'>(Mein.)</span> <span class='ocrx_word' id='word_1_171' title='bbox 1519 1991 1832 2042; x_wconf 78' lang='lat' dir='ltr'>nuptiarumque</span> 
     </span>
     <span class='ocr_line' id='line_1_25' title="bbox 269 2049 1832 2090; baseline 0.001 -3"><span class='ocrx_word' id='word_1_172' title='bbox 269 2049 374 2087; x_wconf 87' lang='lat' dir='ltr'>diem</span> <span class='ocrx_word' id='word_1_173' title='bbox 411 2049 664 2088; x_wconf 75' lang='lat' dir='ltr'>simulatione</span> <span class='ocrx_word' id='word_1_174' title='bbox 703 2052 743 2088; x_wconf 73' lang='lat' dir='ltr'><em>et</em></span> <span class='ocrx_word' id='word_1_175' title='bbox 781 2049 950 2088; x_wconf 83' lang='lat' dir='ltr'>fallaciis</span> <span class='ocrx_word' id='word_1_176' title='bbox 988 2049 1203 2088; x_wconf 74' lang='lat' dir='ltr'>distulerit.</span> <span class='ocrx_word' id='word_1_177' title='bbox 1237 2072 1291 2076; x_wconf 86' lang='lat'>-</span> <span class='ocrx_word' id='word_1_178' title='bbox 1324 2049 1553 2088; x_wconf 72' lang='lat' dir='ltr'>Demetrius</span> <span class='ocrx_word' id='word_1_179' title='bbox 1591 2050 1649 2088; x_wconf 85' lang='lat' dir='ltr'><em>De</em></span> <span class='ocrx_word' id='word_1_180' title='bbox 1688 2051 1832 2090; x_wconf 72' lang='lat' dir='ltr'>elocut.</span> 
     </span>
     <span class='ocr_line' id='line_1_26' title="bbox 272 2104 1831 2161; baseline 0.002 -15"><span class='ocrx_word' id='word_1_181' title='bbox 272 2109 353 2147; x_wconf 89' lang='lat'><em>153</em></span> <span class='ocrx_word' id='word_1_182' title='bbox 393 2109 439 2147; x_wconf 85' lang='lat' dir='ltr'><em>de</em></span> <span class='ocrx_word' id='word_1_183' title='bbox 478 2109 647 2148; x_wconf 73' lang='lat' dir='ltr'>artificio</span> <span class='ocrx_word' id='word_1_184' title='bbox 686 2108 859 2148; x_wconf 76' lang='lat' dir='ltr'>Socratis</span> <span class='ocrx_word' id='word_1_185' title='bbox 897 2109 940 2147; x_wconf 90' lang='lat' dir='ltr'><em>in</em></span> <span class='ocrx_word' id='word_1_186' title='bbox 972 2108 1156 2147; x_wconf 82' lang='lat' dir='ltr'>Nubibus</span> <span class='ocrx_word' id='word_1_187' title='bbox 1196 2104 1298 2161; x_wconf 84' lang='lat'>(177</span> <span class='ocrx_word' id='word_1_188' title='bbox 1316 2107 1390 2160; x_wconf 85' lang='lat' dir='ltr'>sq.)</span> <span class='ocrx_word' id='word_1_189' title='bbox 1429 2109 1638 2158; x_wconf 75' lang='lat' dir='ltr'>disputans</span> <span class='ocrx_word' id='word_1_190' title='bbox 1676 2108 1719 2148; x_wconf 83' lang='grc' dir='ltr'><em>ἐκ</em></span> <span class='ocrx_word' id='word_1_191' title='bbox 1757 2109 1831 2149; x_wconf 87' lang='grc' dir='ltr'><em>δύο</em></span> 
     </span>
     <span class='ocr_line' id='line_1_27' title="bbox 268 2164 1832 2220; baseline 0.001 -15"><span class='ocrx_word' id='word_1_192' title='bbox 268 2165 398 2205; x_wconf 84' lang='grc' dir='ltr'><em>τόπων</em></span> <span class='ocrx_word' id='word_1_193' title='bbox 440 2165 615 2206; x_wconf 76' lang='grc' dir='ltr'><em>ἐνταῦθα</em></span> <span class='ocrx_word' id='word_1_194' title='bbox 658 2165 805 2219; x_wconf 81' lang='grc' dir='ltr'><em>ἐγένετο</em></span> <span class='ocrx_word' id='word_1_195' title='bbox 838 2164 863 2218; x_wconf 79' lang='grc' dir='ltr'>ἡ</span> <span class='ocrx_word' id='word_1_196' title='bbox 896 2166 1014 2219; x_wconf 85' lang='grc' dir='ltr'><em>χάρις.</em></span> <span class='ocrx_word' id='word_1_197' title='bbox 1076 2166 1125 2206; x_wconf 81' lang='grc' dir='ltr'><em>οὐ</em></span> <span class='ocrx_word' id='word_1_198' title='bbox 1156 2165 1230 2220; x_wconf 79' lang='grc' dir='ltr'><em>γὰρ</em></span> <span class='ocrx_word' id='word_1_199' title='bbox 1272 2166 1380 2219; x_wconf 82' lang='grc' dir='ltr'><em>παρὰ</em></span> <span class='ocrx_word' id='word_1_200' title='bbox 1422 2168 1665 2219; x_wconf 80' lang='grc' dir='ltr'><em>προσδοκίαν</em></span> <span class='ocrx_word' id='word_1_201' title='bbox 1706 2168 1832 2220; x_wconf 87' lang='grc' dir='ltr'><em>μόνον</em></span> 
     </span>
     <span class='ocr_line' id='line_1_28' title="bbox 269 2222 1832 2279; baseline 0.001 -15"><span class='ocrx_word' id='word_1_202' title='bbox 269 2223 467 2277; x_wconf 82' lang='grc' dir='ltr'><em>ε’πηνέχθη</em></span> <span class='ocrx_word' id='word_1_203' title='bbox 512 2223 581 2279; x_wconf 80' lang='lat' dir='ltr'>(cf.</span> <span class='ocrx_word' id='word_1_204' title='bbox 625 2222 745 2277; x_wconf 75' lang='lat'>152),</span> <span class='ocrx_word' id='word_1_205' title='bbox 789 2223 872 2265; x_wconf 75' lang='grc' dir='ltr'><em>ἀλλ’</em></span> <span class='ocrx_word' id='word_1_206' title='bbox 920 2223 1006 2265; x_wconf 79' lang='grc' dir='ltr'><em>οὐδ’</em></span> <span class='ocrx_word' id='word_1_207' title='bbox 1053 2224 1269 2277; x_wconf 80' lang='grc' dir='ltr'><em>ἠκολούθει</em></span> <span class='ocrx_word' id='word_1_208' title='bbox 1310 2230 1391 2274; x_wconf 88' lang='grc' dir='ltr'><em>τοῖς</em></span> <span class='ocrx_word' id='word_1_209' title='bbox 1433 2225 1645 2279; x_wconf 84' lang='grc' dir='ltr'><em>προτέροις.</em></span> <span class='ocrx_word' id='word_1_210' title='bbox 1718 2225 1744 2279; x_wconf 81' lang='grc' dir='ltr'><em>ἡ</em></span> <span class='ocrx_word' id='word_1_211' title='bbox 1790 2225 1832 2267; x_wconf 86' lang='grc' dir='ltr'><em>δὲ</em></span> 
     </span>
     <span class='ocr_line' id='line_1_29' title="bbox 269 2284 1833 2343; baseline 0.002 -20"><span class='ocrx_word' id='word_1_212' title='bbox 269 2284 427 2335; x_wconf 85' lang='grc' dir='ltr'><em>τοιαύτη</em></span> <span class='ocrx_word' id='word_1_213' title='bbox 467 2284 740 2325; x_wconf 79' lang='grc' dir='ltr'><em>ἀνακολουθία</em></span> <span class='ocrx_word' id='word_1_214' title='bbox 783 2288 954 2325; x_wconf 84' lang='grc' dir='ltr'><em>καλεῖται</em></span> <span class='ocrx_word' id='word_1_215' title='bbox 991 2289 1132 2338; x_wconf 78' lang='grc' dir='ltr'><em>γρῖφος</em></span> <span class='ocrx_word' id='word_1_216' title='bbox 1164 2315 1172 2323; x_wconf 94' lang='grc'><em>.</em></span> <span class='ocrx_word' id='word_1_217' title='bbox 1194 2315 1202 2324; x_wconf 92' lang='grc'><em>.</em></span> <span class='ocrx_word' id='word_1_218' title='bbox 1223 2315 1232 2324; x_wconf 98' lang='grc'><em>.</em></span> <span class='ocrx_word' id='word_1_219' title='bbox 1273 2284 1340 2324; x_wconf 81' lang='grc' dir='ltr'><em>καὶ</em></span> <span class='ocrx_word' id='word_1_220' title='bbox 1375 2285 1481 2337; x_wconf 84' lang='grc' dir='ltr'><em>παρὰ</em></span> <span class='ocrx_word' id='word_1_221' title='bbox 1519 2286 1751 2343; x_wconf 80' lang='grc' dir='ltr'><em>Μενάνδρῳ</em></span> <span class='ocrx_word' id='word_1_222' title='bbox 1790 2285 1833 2326; x_wconf 83' lang='grc' dir='ltr'><em>δὲ</em></span> 
     </span>
     <span class='ocr_line' id='line_1_30' title="bbox 270 2341 1763 2397; baseline 0.001 -14"><span class='ocrx_word' id='word_1_223' title='bbox 270 2341 291 2382; x_wconf 82' lang='grc' dir='ltr'>ὁ</span> <span class='ocrx_word' id='word_1_224' title='bbox 322 2343 514 2397; x_wconf 77' lang='grc' dir='ltr'><em>πρόλογος</em></span> <span class='ocrx_word' id='word_1_225' title='bbox 544 2350 612 2397; x_wconf 79' lang='grc' dir='ltr'><em>τῆς</em></span> <span class='ocrx_word' id='word_1_226' title='bbox 642 2345 886 2396; x_wconf 86' lang='grc' dir='ltr'><em>Μεσσηνίας.</em></span> <span class='ocrx_word' id='word_1_227' title='bbox 948 2346 997 2384; x_wconf 83' lang='lat' dir='ltr'><em>ef.</em></span> <span class='ocrx_word' id='word_1_228' title='bbox 1030 2346 1219 2384; x_wconf 74' lang='lat' dir='ltr'>Fribzsch.</span> <span class='ocrx_word' id='word_1_229' title='bbox 1251 2345 1466 2385; x_wconf 82' lang='lat' dir='ltr'>Adversar.</span> <span class='ocrx_word' id='word_1_230' title='bbox 1498 2345 1517 2384; x_wconf 94' lang='lat' dir='ltr'>I</span> <span class='ocrx_word' id='word_1_231' title='bbox 1548 2360 1583 2396; x_wconf 88' lang='lat' dir='ltr'><em>p.</em></span> <span class='ocrx_word' id='word_1_232' title='bbox 1607 2349 1763 2386; x_wconf 86' lang='lat'>9—11.</span> 
     </span>
    </p>
   </div>
   <div class='ocr_carea' id='block_1_8' title="bbox 1021 2472 1078 2514">
    <p class='ocr_par' dir='ltr' id='par_1_8' title="bbox 1021 2472 1078 2514">
     <span class='ocr_line' id='line_1_31' title="bbox 1021 2472 1078 2514; baseline -0.018 0"><span class='ocrx_word' id='word_1_233' title='bbox 1021 2472 1078 2514; x_wconf 87' lang='lat'><em>30</em></span> 
     </span>
    </p>
   </div>
   <div class='ocr_carea' id='block_1_9' title="bbox 270 2552 1832 2969">
    <p class='ocr_par' dir='ltr' id='par_1_9' title="bbox 270 2552 1832 2969">
     <span class='ocr_line' id='line_1_32' title="bbox 448 2552 1667 2614; baseline 0.002 -17"><span class='ocrx_word' id='word_1_234' title='bbox 448 2555 495 2597; x_wconf 77' lang='grc' dir='ltr'><em>οἰ</em></span> <span class='ocrx_word' id='word_1_235' title='bbox 524 2552 563 2597; x_wconf 86' lang='grc' dir='ltr'><em>δ’</em></span> <span class='ocrx_word' id='word_1_236' title='bbox 600 2554 873 2610; x_wconf 78' lang='grc' dir='ltr'><em>ἁρπάσαντες</em></span> <span class='ocrx_word' id='word_1_237' title='bbox 902 2557 1006 2605; x_wconf 85' lang='grc' dir='ltr'><em>τοὺς</em></span> <span class='ocrx_word' id='word_1_238' title='bbox 1036 2554 1200 2605; x_wconf 84' lang='grc' dir='ltr'><em>κάδους</em></span> <span class='ocrx_word' id='word_1_239' title='bbox 1230 2557 1334 2605; x_wconf 79' lang='grc' dir='ltr'><em>τοὺς</em></span> <span class='ocrx_word' id='word_1_240' title='bbox 1366 2557 1667 2614; x_wconf 72' lang='grc' dir='ltr'><em>στρογγύλους</em></span> 
     </span>
     <span class='ocr_line' id='line_1_33' title="bbox 446 2625 1379 2682; baseline 0.001 -14"><span class='ocrx_word' id='word_1_241' title='bbox 446 2625 639 2682; x_wconf 83' lang='grc' dir='ltr'><em>ὕδρευον</em></span> <span class='ocrx_word' id='word_1_242' title='bbox 669 2626 956 2682; x_wconf 81' lang='grc' dir='ltr'><em>ἀνδρειότατα</em></span> <span class='ocrx_word' id='word_1_243' title='bbox 986 2625 1204 2682; x_wconf 81' lang='grc' dir='ltr'><em>κηπουροὶ</em></span> <span class='ocrx_word' id='word_1_244' title='bbox 1235 2628 1379 2669; x_wconf 89' lang='grc' dir='ltr'><em>πάλιν.</em></span> 
     </span>
     <span class='ocr_line' id='line_1_34' title="bbox 448 2695 1723 2755; baseline 0.004 -17"><span class='ocrx_word' id='word_1_245' title='bbox 448 2700 496 2739; x_wconf 92' lang='grc' dir='ltr'><em>Β.</em></span> <span class='ocrx_word' id='word_1_246' title='bbox 523 2695 752 2752; x_wconf 65' lang='grc' dir='ltr'><em>“ἤντλουν’</em></span> <span class='ocrx_word' id='word_1_247' title='bbox 789 2697 933 2752; x_wconf 77' lang='grc' dir='ltr'><em>λέγειν</em></span> <span class='ocrx_word' id='word_1_248' title='bbox 959 2698 1030 2740; x_wconf 80' lang='grc' dir='ltr'><em>δεῖ</em></span> <span class='ocrx_word' id='word_1_249' title='bbox 1051 2696 1124 2740; x_wconf 85' lang='grc' dir='ltr'><em>καὶ</em></span> <span class='ocrx_word' id='word_1_250' title='bbox 1148 2697 1159 2714; x_wconf 81' lang='lat'><em>‘</em></span> <span class='ocrx_word' id='word_1_251' title='bbox 1175 2697 1352 2749; x_wconf 84' lang='grc' dir='ltr'><em>κάδους’</em></span> <span class='ocrx_word' id='word_1_252' title='bbox 1390 2699 1444 2741; x_wconf 89' lang='grc' dir='ltr'><em>οὐ</em></span> <span class='ocrx_word' id='word_1_253' title='bbox 1471 2700 1542 2743; x_wconf 80' lang='grc' dir='ltr'><em>δεῖ</em></span> <span class='ocrx_word' id='word_1_254' title='bbox 1564 2699 1723 2755; x_wconf 82' lang='grc' dir='ltr'><em>λέγειν,</em></span> 
     </span>
     <span class='ocr_line' id='line_1_35' title="bbox 449 2764 1025 2825; baseline 0.003 -16"><span class='ocrx_word' id='word_1_255' title='bbox 449 2766 544 2810; x_wconf 81' lang='grc' dir='ltr'><em>ἀλλ’</em></span> <span class='ocrx_word' id='word_1_256' title='bbox 574 2767 584 2784; x_wconf 79' lang='lat'><em>‘</em></span> <span class='ocrx_word' id='word_1_257' title='bbox 599 2764 1025 2825; x_wconf 79' lang='grc' dir='ltr'><em>ἄντλιαντλητῆρας’.</em></span> 
     </span>
     <span class='ocr_line' id='line_1_36' title="bbox 388 2853 1830 2914; baseline 0.003 -21"><span class='ocrx_word' id='word_1_258' title='bbox 388 2855 556 2894; x_wconf 86' lang='lat' dir='ltr'>Bekker.</span> <span class='ocrx_word' id='word_1_259' title='bbox 577 2855 722 2895; x_wconf 81' lang='lat' dir='ltr'>Anecd.</span> <span class='ocrx_word' id='word_1_260' title='bbox 745 2858 842 2904; x_wconf 90' lang='lat'>411,</span> <span class='ocrx_word' id='word_1_261' title='bbox 871 2858 937 2907; x_wconf 82' lang='lat'><em>12,</em></span> <span class='ocrx_word' id='word_1_262' title='bbox 969 2853 1308 2907; x_wconf 79' lang='grc' dir='ltr'><em>ἀντλιαντλητῆρα.</em></span> <span class='ocrx_word' id='word_1_263' title='bbox 1349 2854 1593 2910; x_wconf 84' lang='grc' dir='ltr'><em>Μένανδρος</em></span> <span class='ocrx_word' id='word_1_264' title='bbox 1615 2858 1830 2914; x_wconf 77' lang='grc' dir='ltr'><em>Μεσσηνίᾳ</em></span> 
     </span>
     <span class='ocr_line' id='line_1_37' title="bbox 270 2913 1832 2969; baseline 0.003 -16"><span class='ocrx_word' id='word_1_265' title='bbox 270 2915 346 2954; x_wconf 83' lang='grc' dir='ltr'><em>κτλ.</em></span> <span class='ocrx_word' id='word_1_266' title='bbox 413 2917 446 2954; x_wconf 93' lang='grc'><em>1.</em></span> <span class='ocrx_word' id='word_1_267' title='bbox 486 2913 577 2962; x_wconf 80' lang='grc' dir='ltr'><em>τοὺς</em></span> <span class='ocrx_word' id='word_1_268' title='bbox 621 2926 697 2967; x_wconf 91' lang='grc' dir='ltr'><em>στρ.</em></span> <span class='ocrx_word' id='word_1_269' title='bbox 740 2914 930 2964; x_wconf 75' lang='lat' dir='ltr'>Bekker]</span> <span class='ocrx_word' id='word_1_270' title='bbox 975 2925 1053 2967; x_wconf 87' lang='grc' dir='ltr'><em>στρ.</em></span> <span class='ocrx_word' id='word_1_271' title='bbox 1129 2917 1166 2954; x_wconf 84' lang='grc'><em>2.</em></span> <span class='ocrx_word' id='word_1_272' title='bbox 1209 2914 1404 2968; x_wconf 86' lang='grc' dir='ltr'><em>κηπουροὶ</em></span> <span class='ocrx_word' id='word_1_273' title='bbox 1445 2917 1582 2968; x_wconf 73' lang='lat' dir='ltr'>Mein]</span> <span class='ocrx_word' id='word_1_274' title='bbox 1626 2932 1707 2969; x_wconf 90' lang='grc' dir='ltr'><em>κηπ</em></span> <span class='ocrx_word' id='word_1_275' title='bbox 1739 2948 1748 2957; x_wconf 91' lang='grc'><em>.</em></span> <span class='ocrx_word' id='word_1_276' title='bbox 1780 2947 1789 2957; x_wconf 90' lang='grc'><em>.</em></span> <span class='ocrx_word' id='word_1_277' title='bbox 1823 2947 1832 2957; x_wconf 95' lang='grc'><em>.</em></span> 
     </span>
    </p>
   </div>
  </div>
 </body>
</html>
