2014 3334
229 217 318 259 440
625 268 628 271 Ι
875 219 1138 255 ΑΔΕΣΠΟΤΑ

974 328 1059 370 160

514 415 604 451 τῶν
634 411 847 463 γειτόνων
877 412 962 467 γὰρ
994 411 1214 467 δυσμενὴς
1244 410 1317 454 καὶ
1347 411 1567 467 βάσκανος

516 479 795 537 οὑφθαλμός,
828 482 973 539 ὥσπερ
1006 481 1144 538 φησὶν
1175 482 1203 538 ἡ
1234 485 1457 541 παροιμία.

351 566 569 617 Alciphron
604 571 639 618 1,
674 569 727 607 15
760 568 847 607 init.
880 568 994 621 δυσμ.
1026 567 1092 618 καὶ
1122 570 1158 621 β.
1180 567 1201 608 ὁ
1226 584 1257 609 τ.
1276 585 1309 623 γ.
1342 567 1455 621 ὀφθ.,
1487 568 1610 621 φησὶν
1635 567 1660 621 ἡ
1686 584 1726 610 π.

970 685 1051 727 161

517 753 541 797 ὁ
569 750 617 796 δὲ
642 755 924 810 παιδαγωγὸς
949 757 1134 807 ἔνοπλος
1159 754 1384 812 ἑπόμενος,
1410 763 1565 814 φορῶν

516 826 757 881 βακτηρίαν
788 825 815 881 ἢ
848 833 1006 878 σκῦτος
1036 827 1085 870 ἐν
1115 833 1168 884 τῇ
1200 827 1332 886 δεξιᾷ.

350 910 542 950 Libanius
568 911 651 950 IIII
683 914 787 963 868,
821 915 888 953 22.
922 916 988 954 27.
1055 917 1089 953 1.
1121 927 1162 953 π.
1197 945 1206 954 .
1239 946 1247 953 .
1275 913 1349 964 ἐν,
1381 912 1439 962 ὡς
1470 911 1526 953 ἅν
1557 929 1625 962 τις
1656 914 1800 966 εἴποι,

231 968 290 1008 ἐπ.
328 965 407 1026 (τῷ
437 967 597 1024 παιδί),
634 972 670 1023 β.
712 993 762 998 -
805 972 911 1028 δεξιᾷ
953 971 1177 1026 προφέρων.
1245 974 1476 1024 deploratur
1518 987 1589 1024 per
1631 974 1799 1014 ironiam

230 1042 443 1080 puerorum
475 1030 660 1071 servitus.

977 1113 1060 1156 162

517 1183 646 1238 λόχος
678 1179 718 1225 δ’
754 1183 855 1239 ε’μοί
881 1199 948 1235 τις
979 1183 1183 1240 ἐξαπίνης
1214 1184 1507 1240 ἀναφαίνεται

516 1252 632 1297 νέων
663 1254 900 1312 ἀγερώχων
931 1252 998 1298 ἐπ’
1034 1253 1108 1312 ἐμὲ
1139 1255 1513 1312 συντεταγμένων.

354 1338 574 1389 Alciphron
607 1343 651 1392 3,
684 1343 752 1393 37,
787 1344 808 1380 1
853 1337 932 1382 εἶτά
963 1357 1031 1394 μοι
1061 1345 1093 1382 λ.
1126 1341 1315 1394 ἐξαίφνης
1345 1345 1422 1382 κτλ.
1484 1344 1664 1395 consulto
1695 1344 1800 1384 risus

233 1398 593 1498 excitassfligausa
628 1401 839 1441 Homerico
871 1402 1050 1452 epitheto
1083 1397 1330 1457 (ἀγερώχων)
1367 1415 1464 1442 usus
1495 1405 1567 1442 est.
1622 1403 1801 1455 loquitur

233 1470 332 1497 anus
383 1472 454 1497 1m1
484 1472 518 1498 a.

981 1542 1063 1584 163

518 1617 711 1667 στοιχεῖα
741 1616 879 1655 ταῦτα
908 1618 985 1668 τῆς
1016 1612 1171 1670 ἀρετῆς
1202 1612 1321 1656 ἐστιν
1353 1613 1451 1668 δύο,

519 1681 641 1734 ἐλπίς
671 1699 717 1726 τε
747 1689 874 1739 τιμῆς
903 1682 977 1727 καὶ
1009 1686 1149 1740 φόβος
1179 1686 1400 1741 τιμωρίας.

352 1769 595 1810 Plutarchus
628 1770 727 1810 Mor.
761 1771 844 1810 120
875 1769 949 1810 δύο
980 1769 1054 1824 γὰρ
1085 1775 1205 1811 ταῦτα
1237 1781 1290 1810 στ.
1316 1786 1346 1811 τ.
1378 1769 1440 1824 ἀρ.
1471 1769 1574 1811 ἔστιν
1604 1774 1680 1812 κτλ.

518 1970 618 2021 ὄψει
648 1969 733 2026 γὰρ
765 1965 917 2012 οὔποτ’
953 1969 1090 2013 αὐτὸν
1121 1970 1267 2029 οἰκείῳ
1298 1970 1435 2013 πάθει

518 2045 736 2096 μισοῦντα
766 2039 840 2084 καὶ
870 2042 1083 2099 χαίροντα
1113 2039 1187 2084 καὶ
1217 2042 1510 2098 λυπούμενον.

352 2127 593 2167 Plutarchus
630 2127 727 2167 Mor.
761 2129 815 2167 53
857 2128 946 2168 init.
989 2125 1128 2179 ὄψεται
1169 2126 1243 2181 γὰρ
1287 2126 1408 2168 αὐτὸν
1451 2123 1557 2183 (τὸν
1599 2122 1800 2182 κόλακα)

234 2183 438 2238 οὐδαμοῦ.
458 2217 468 2227 .
488 2186 583 2227 .οι’κ.
614 2200 655 2227 π.
687 2189 880 2239 φιλοῦντα
910 2185 976 2227 καὶ
1006 2203 1044 2239 μ.
1075 2190 1153 2226 κτλ.

973 2302 1058 2346 165

519 2375 561 2417 εἰ
590 2372 630 2417 δ’
668 2373 750 2417 οὐκ
780 2373 898 2431 ἐρᾷς,
928 2375 976 2416 τί
1002 2374 1085 2431 γὰρ
1118 2374 1324 2432 δακρύεις
1353 2372 1428 2416 καὶ
1458 2372 1624 2425 στένεις

518 2445 725 2488 κλύδωνα
756 2450 904 2504 σαυτςό
934 2443 1202 2503 προσφέρων
1233 2445 1521 2502 αὐθαίρετον;

355 2531 679 2583 Theophylactus
712 2531 854 2572 Simoc.
875 2531 1004 2584 Epist.
1025 2533 1092 2572 57.
1135 2531 1174 2571 τί
1202 2531 1310 2585 δακρ.
1348 2553 1396 2560 -
1428 2525 1498 2571 ’καὶ
1527 2534 1583 2572 κλ.
1616 2542 1650 2572 σ.
1672 2543 1801 2585 ’προσ-

235 2587 366 2643 φέρεις
397 2588 493 2630 affl.

980 2672 1063 2715 166

521 2740 615 2784 ἀλλ’
653 2742 755 2785 οὔτε
788 2743 979 2794 δούλους
1009 2743 1111 2786 οὔτε
1141 2742 1201 2798 μὰ
1230 2739 1307 2784 Δί’
1343 2743 1399 2785 ἄν
1428 2757 1495 2793 τις
1525 2744 1684 2798 φίλους

522 2814 730 2869 κτήσαιτο
760 2815 954 2864 πολλοὺς
985 2812 1056 2858 ἀπ’
1094 2813 1248 2869 ὀλίγον
1279 2815 1559 2870 νομίσματος.

357 2899 598 2939 Plutarchus
628 2899 727 2940 Mor.
759 2902 843 2940 93e
875 2897 964 2940 οὔτε
993 2898 1067 2954 γὰρ
1099 2900 1133 2939 δ.
1165 2897 1255 2940 οὔτε
1285 2915 1329 2951 φ.
1360 2898 1438 2940 ἔστι
1471 2898 1694 2952 κτήσασθαι
1723 2902 1800 2940 κτλ.
