2014 3334
518 246 882 282 KATAAOI'AARN
908 246 1429 281 ΜΕΊῈΣΧΗΜΑΤΙΣΜΕΝΑ
1669 244 1756 288 673

183 360 419 412 composita,
458 372 536 399 non
580 361 714 398 tamen
756 359 894 399 eadem
934 359 1049 399 cuius
1087 361 1183 399 sunt
1220 359 1266 399 fr.
1303 361 1398 398 103.
1435 360 1758 411 mol—1506,

182 419 671 531 fluxertilgteignificatione
703 479 810 519 vocis
840 476 961 532 ὑγρός
993 479 1041 519 cf.
1074 478 1232 519 Alexid.
1265 481 1363 518 203.
1414 480 1575 531 Crobyl.
1609 481 1650 530 4,
1683 482 1721 520 3.

815 594 995 638 1540-
1011 595 1123 639 1547

300 682 493 722 Libanius
524 682 608 721 1111
647 683 894 722 655—669
949 680 1203 735 Φιλαργύρου
1247 684 1341 730 παῖς
1383 686 1453 721 τοῦ
1496 681 1643 735 πατρὸς
1688 683 1759 723 κά-

181 757 351 795 μνοντος
375 739 521 793 ηὔξατο
547 743 600 798 τῷ
621 738 845 798 Ἀσκληπιῷ
869 741 1061 781 τάλαντον
1087 740 1243 791 δώσειν,
1275 741 1312 781 εί
1335 739 1356 782 ὁ
1380 740 1508 795 πατὴρ
1540 741 1612 794 τὴν
1638 742 1759 782 νόσον

182 801 319 856 φύγοι.
373 799 540 855 ὑγιάνας
571 799 592 840 ὅ
623 799 752 852 πατὴρ
783 799 1045 854 ἀποκηρύττει
1074 800 1143 841 τὸν
1174 801 1309 841 παῖδα.

302 863 399 911 658,
435 863 487 901 16
533 859 582 900 σὺ
615 858 651 900 δ’
687 859 763 900 οὐκ
787 858 978 913 (fortasse
1004 859 1053 901 ού
1084 857 1179 915 γὰρ)
1211 860 1279 909 εἰς
1310 860 1598 915 μυστήριον,
1626 858 1631 916 Ι
1660 859 1756 902 ἀλλ’

182 921 249 970 εἰς
279 919 489 974 θέατρον
519 919 601 960 τὸν
631 918 864 972 ὑμέναιον
895 918 1078 974 ἤγαγες.

302 982 400 1031 659,
429 983 480 1021 19
515 978 603 1034 ἐγὼ
636 977 684 1020 δὲ
716 980 934 1032 σχοινίον
965 978 1197 1021 ἐνενόουν
1224 975 1282 1035 (δ’
1311 979 1410 1021 ἐνεν.
1438 977 1515 1036 σχ.)
1542 980 1621 1022 καὶ
1645 982 1761 1022 πάτ-

180 1043 332 1081 ταλον.

303 1102 401 1152 660,
433 1102 459 1140 8
491 1097 634 1148 ἄλλος
664 1095 764 1139 κατ’
805 1097 953 1152 ἄλλην
989 1099 1076 1153 γὰρ
1108 1100 1348 1154 μερίζεται
1378 1100 1543 1154 τύχην·
1572 1096 1579 1156 Ι
1615 1101 1762 1142 πολύ-

182 1175 332 1215 τροπα
361 1159 449 1214 γὰρ
479 1158 532 1201 τὰ
562 1155 824 1211 πταίσματ’.

303 1222 359 1260 10
390 1216 499 1273 (add.
531 1215 636 1274 ἀλλ’)
675 1217 812 1271 ἔφερέ
855 1234 935 1271 μοι
971 1218 1049 1259 καὶ
1086 1217 1255 1275 κέρδος
1285 1217 1312 1272 ἡ
1343 1219 1504 1268 νόσος·
1544 1219 1599 1261 ού
1631 1216 1761 1275 (οὔτε)

182 1279 269 1334 γὰρ
294 1280 302 1330 Ι
330 1279 397 1328 εἰς
427 1278 573 1332 κόρον
604 1278 864 1319 ἐδείπνουν
895 1277 1008 1319 οὐδὲ
1039 1274 1167 1335 (οὔτε)
1198 1280 1450 1329 παντοίοις
1481 1276 1591 1336 (add.
1622 1277 1726 1335 τότε)
1754 1277 1759 1336 Ι

182 1338 324 1391 ὄψοις
355 1337 600 1393 ἐχρώμην,
622 1335 724 1379 οὐδ’
759 1337 1039 1379 ἀναλίσκειν
1070 1338 1224 1393 ἐχρῆν.

303 1401 401 1452 662,
437 1402 456 1439 1
493 1396 678 1439 ἁπλοῦν
716 1396 800 1450 μὲν
838 1396 982 1439 οὐδὲν
1014 1397 1109 1440 οὐδὲ
1135 1395 1201 1454 (ἢ)
1234 1400 1427 1441 δίκαιον
1465 1399 1675 1454 εὔχεται,
1708 1415 1761 1442 sc.

181 1457 203 1500 ὅ
233 1458 333 1507 υἱός.
899 1502 906 1509 ‚

302 1521 401 1570 664,
429 1521 480 1558 11
515 1515 602 1572 ἐγὼ
633 1515 716 1571 μὲν
746 1515 838 1571 ἤδη
869 1517 948 1558 καὶ
979 1517 1273 1572 τεθνηκέναι
1299 1520 1424 1561 δοκῶ
1448 1515 1452 1575 Ι
1475 1519 1542 1560 καὶ
1566 1519 1657 1561 ὑπὸ
1682 1527 1763 1574 τῆς

183 1575 293 1631 (add.
323 1575 382 1632 τ’)
413 1577 552 1626 ἀνίας
583 1577 787 1631 οἴχομαι.

305 1639 408 1686 666,
444 1640 497 1678 13
538 1637 690 1678 πόσου
719 1639 725 1688 Ι
753 1634 862 1692 (add.
900 1635 969 1692 σὺ)
1007 1637 1092 1691 τὴν
1123 1637 1290 1693 ὑγείαν
1326 1635 1520 1696 (ὑγίειαν)
1552 1639 1762 1693 ὑπολαμ-

183 1697 352 1751 βάνεις
388 1695 529 1746 ἀξίαν
566 1693 645 1751 (ἀξ.
676 1693 784 1752 ύπ.);
819 1696 825 1750 Ι
858 1697 946 1752 ἐγὼ
978 1696 1050 1750 μὲν
1087 1698 1173 1753 γὰρ
1211 1698 1361 1752 αύτὴν
1399 1698 1512 1740 οὐδὲ
1551 1701 1763 1754 δραχμῆς

183 1756 243 1798 ἂν
272 1756 513 1810 ἐπριάμην
544 1752 654 1812 (οὐδ’
689 1755 741 1797 ἂν
771 1756 855 1810 ἐπρ.
887 1754 978 1812 δρ.).
1006 1759 1012 1809 Ι

305 1819 404 1869 667,
431 1819 452 1856 1
494 1817 887 1866 συναυξάνεσθαι
923 1816 999 1871 γὰρ
1029 1821 1089 1875 τῷ
1119 1818 1272 1875 χρόνῳ
1298 1814 1408 1874 (add.
1435 1817 1501 1874 τὰ)
1527 1816 1759 1875 χρήματαΙ

184 1875 411 1929 πέφυκεν.

304 1938 353 1977 cf.
384 1936 522 1976 Herm.
542 1937 637 1976 XXI
660 1939 758 1978 395.
779 1939 817 1977 6.
866 1951 969 1989 quae
1001 1950 1093 1977 cum
1125 1939 1359 1990 scribebam,
1390 1953 1471 1979 non
1503 1941 1763 1980 memineram

184 1997 234 2036 A.
253 1997 440 2048 Nauekii,
466 1997 535 2047 qui
561 1994 788 2051 (Melanges
806 2001 1042 2048 greco-rom.
1062 1998 1098 2036 V
1120 2000 1218 2038 239.
1239 1996 1314 2052 40)
1341 1999 1427 2051 ipse
1454 2013 1612 2051 quoque
1639 2001 1764 2040 verba

184 2054 300 2104 ἄλλος
329 2053 414 2096 κατ’
449 2054 573 2108 ἄλλην
606 2079 660 2085 -
693 2056 817 2110 τύχην
849 2058 900 2096 ad
924 2057 1170 2098 Philemonis
1195 2059 1243 2098 fr.
1273 2061 1354 2099 191
1385 2060 1556 2111 rettulit,
1585 2063 1765 2100 attamen

184 2129 313 2168 neque
349 2115 424 2169 γὰρ
462 2116 651 2169 μερίζεται
687 2130 815 2169 neque
858 2117 1120 2169 δαιμονίζεται
1157 2118 1263 2169 quod
1300 2121 1363 2158 est
1400 2120 1506 2169 apud
1545 2119 1764 2159 Stobaeum

185 2172 289 2230 (Eel.
325 2180 367 2226 1,
402 2178 446 2228 6,
479 2173 523 2230 8,)
556 2178 719 2228 probat,
757 2177 826 2216 sed
857 2174 974 2224 ἄλλος
1009 2173 1094 2216 κατ’
1129 2175 1253 2229 ἄλλην
1290 2177 1366 2231 γὰρ
1396 2179 1518 2231 τύχην
1550 2179 1766 2231 χειμάζεται

185 2236 438 2275 scribendum
476 2249 562 2277 esse
601 2237 814 2276 existimat.
849 2259 905 2264 -—
937 2240 1106 2288 possunt
1144 2239 1240 2277 haee
1272 2251 1359 2278 esse
1395 2239 1655 2279 Philemonis:
1695 2241 1764 2279 sed

186 2295 320 2335 omnia
359 2309 408 2335 ex
447 2296 585 2335 eadem
629 2297 834 2336 comoedia
870 2298 935 2337 vel
976 2310 1023 2336 ex
1063 2310 1144 2338 uno
1184 2300 1305 2348 poeta
1347 2299 1494 2338 hausta
1531 2311 1616 2338 esse
1659 2300 1765 2339 haud

186 2355 469 2405 praestiterim.

757 2436 882 2480 1548.
919 2437 1045 2480 1549.
1079 2437 1194 2481 1550

308 2522 502 2563 Libanius
519 2523 602 2563 1111
623 2525 860 2564 827—840
889 2523 1138 2577 Φιλάργυρος
1157 2523 1339 2577 ἐρασθεὶς
1357 2523 1512 2579 ἑταίρας
1530 2524 1596 2566 καὶ
1613 2525 1764 2579 μισθὸν

190 2581 424 2634 αἰτούμενος
448 2580 590 2622 ἑαυτὸν
619 2581 908 2637 προσαγγέλλει.

308 2643 406 2694 835,
427 2644 451 2682 6
484 2640 571 2682 κάκ
600 2648 682 2683 τοῦ
713 2642 971 2696 προσώπου
999 2638 1190 2698 (fortasse
1209 2645 1298 2686 add.
1323 2651 1392 2697 τῆς
1412 2644 1565 2698 ἑταίρας
1584 2642 1760 2700 αύτίκα)Ι

187 2700 344 2754 πληγή
375 2716 444 2749 τις
474 2700 549 2742 ἐπὶ
578 2701 664 2753 τὴν
693 2703 896 2755 καρδίαν
927 2701 1137 2754 ἀφίκετο.

309 2763 360 2801 31
396 2755 489 2816 (ὥς)
526 2760 715 2814 ἀπῆλθον
746 2763 880 2803 οἴκαδε
911 2761 964 2810 ὡς
996 2761 1135 2815 αὐτήν,
1162 2763 1168 2812 Ι
1196 2763 1446 2816 κιχλισμὸς
1483 2759 1541 2816 ἦν
1578 2771 1764 2818 πρῶτον

190 2815 278 2874 (πρ.
309 2815 369 2874 κ.)
412 2826 504 2860 τῶν
545 2823 912 2875 θεραπαινίδων
961 2822 1166 2873 πολύςὛΙ
1207 2823 1274 2863 καὶ
1303 2821 1329 2875 ’ἧ
1362 2822 1434 2876 μὲν
1473 2824 1480 2874 Ι
1520 2820 1636 2878 (add.
1681 2823 1762 2878 εἷς)

189 2879 450 2932 θοίμάτιον
487 2879 693 2922 ἔσκωπτε
730 2881 808 2922 καὶ
847 2881 897 2922 τὸ
929 2881 1151 2934 χιτώνιόν
1184 2882 1190 2932 Ι
1223 2898 1258 2923 τι
1291 2880 1382 2936 (sor.
1415 2879 1488 2938 ὡς)
1523 2890 1605 2924 τοῦ
1642 2885 1765 2939 Κρό-

191 2954 276 2979 νου
307 2939 621 2993 πρεσβύτερα,
654 2941 662 2993 Ι
689 2940 747 2982 ὅτι
782 2942 981 2990 πλείους
1018 2940 1103 2994 ἔχοι
1133 2938 1311 2996 (πλείους
1341 2940 1497 2996 ἔχοντα)
1529 2942 1609 2992 τὰς
1645 2942 1765 2994 ὀπὰς

266 3012 380 3039 Comioi
401 3013 514 3049 grnooi,
532 3014 578 3041 ed.
599 3015 654 3042 Th.
673 3015 770 3042 Kook.
789 3016 847 3043 111.
1432 3014 1477 3046 43
