2014 3334
789 238 957 272 AAHAA
985 237 1246 272 οΠοΤΕΡΛΣ
1719 235 1807 278 485

972 358 1062 402 405

947 442 1204 499 ἀνθρώπων
1235 444 1288 496 γε’
1316 457 1386 484 τοι

441 515 599 572 ὀφλεῖν
629 514 798 570 γέλωτα
829 521 1031 571 κρεῖττον
1062 511 1089 569 ἢ
1122 511 1292 569 μέμψιν
1322 517 1457 557 θεῶν.

344 602 546 643 Aristides
577 602 597 641 I
630 604 653 641 2
688 602 823 641 Dindf.
861 598 914 649 ὡς
953 597 988 640 δ’
1025 599 1149 640 εἰπεῖν
1187 602 1380 651 κρεῖττον,
1418 599 1453 640 εἰ
1483 600 1561 652 δεῖ,
1602 598 1678 653 γέλ.
1717 599 1806 651 ὀφλ.

224 661 251 716 ἦ
282 665 359 703 κτλ.
409 663 596 714 opposito
627 660 858 714 ἀνθρώπων
891 673 1025 701 carere
1056 660 1124 701 vix
1154 672 1379 710 possumus.

973 777 1061 820 406

1012 859 1156 903 πάντα
1187 865 1324 902 ταῦτα
1355 860 1441 916 γὰρ

441 935 550 991 τύχη
584 935 743 977 δίδωσι
774 931 849 976 καὶ
879 939 1159 988 παραιρεῖται
1190 932 1338 974 πάλιν.

237 850 246 876 ἱ

345 1022 546 1062 Aristides
577 1022 597 1061 I
632 1023 715 1061 778
749 1020 883 1060 Dindf.
927 1015 1055 1059 πάνθ’
1098 1018 1171 1059 ὅσα
1208 1018 1349 1059 τούτου
1388 1025 1458 1059 τοῦ
1496 1017 1638 1072 γένους
1669 1018 1807 1071 ἔχεται,

226 1082 346 1135 τύχης
388 1079 440 1121 ἅν
471 1097 528 1130 τις
559 1080 724 1133 φήσειεν
762 1076 882 1130 εἶναι,
925 1085 994 1131 τῆς
1025 1077 1090 1118 καὶ
1132 1078 1322 1131 διδούσης
1364 1077 1505 1118 ἕκαστα
1546 1079 1697 1119 τούτων
1740 1078 1807 1120 καὶ

224 1139 567 1195 παραιρουμένης,
605 1137 710 1192 ἡνίκ’
753 1139 810 1180 ἂν
835 1138 900 1179 καὶ
942 1144 1057 1179 τοῦτο
1090 1139 1288 1194 βουληθῇ.
1344 1140 1449 1179 unde
1481 1140 1618 1179 eiectis
1650 1140 1805 1193 addita-

226 1203 372 1242 mentis
404 1202 523 1242 facile
555 1215 658 1254 qua-e
691 1213 813 1252 supra
844 1200 1052 1251 posuimus
1084 1200 1230 1239 elicias.

972 1317 1059 1359 407

438 1400 509 1444 ἐπὶ
540 1406 624 1457 γῆν
655 1400 918 1456 καταβαλὼν
949 1399 1134 1456 ὡσπερεὶ
1165 1401 1269 1451 τοὺς
1299 1399 1529 1450 θυλάκους

437 1474 543 1524 τοὺς
574 1473 751 1530 σφόδρα
783 1472 998 1528 γέμοντας

343 1551 419 1600 Dio
445 1560 652 1611 Chrysost.
679 1562 717 1611 8,
745 1561 829 1600 286
851 1560 896 1599 R.
947 1558 1014 1599 τὸν
1047 1556 1090 1598 δὲ
1121 1558 1355 1609 Βούσιριν
1388 1555 1669 1614 (Ηρακλῆς)
1702 1558 1804 1611 διέρ-

223 1621 340 1673 ρηξεν
371 1618 434 1660 ε’πὶ
466 1612 540 1671 τὴν
563 1617 641 1674 νῆν
660 1622 737 1659 κτλ.
771 1614 952 1673 (ὥσπερ).
1003 1619 1197 1658 indicavit
1218 1618 1442 1658 Meinekius
1463 1619 1477 1657 I
1502 1621 1601 1659 351.
1633 1621 1803 1660 Busirin

224 1681 472 1732 scripserunt
503 1679 704 1732 Cratinus,
736 1679 1000 1730 Antiphanes,
1033 1679 1256 1730 Ephippus,
1287 1679 1594 1719 Mnesimaohus.

962 1795 1049 1837 408

942 1879 1054 1934 πρὸς
1084 1879 1171 1928 τὸν,
1194 1878 1322 1933 ἥλιον

439 1952 656 2003 διψῶντες
688 1948 846 2009 ᾄδουσ’
884 1947 1020 1993 οὐδὲν
1051 1950 1368 2006 ὠφελούμενοι.

342 2039 419 2078 1)ἰο
452 2038 655 2090 chrysost.
689 2040 759 2088 47,
792 2040 875 2078 229
904 2038 950 2077 R.
1000 2036 1136 2089 ὅμοιος
1169 2067 1176 2076 .
1210 2067 1219 2076 .
1251 2041 1332 2085 τοῖς
1369 2036 1587 2086 τέττιξιν·
1624 2037 1691 2079 καὶ
1727 2038 1802 2093 γὰρ

225 2096 369 2138 ἐκεῖνοι
399 2121 455 2127 -
487 2095 657 2154 ᾅδουσιν
687 2094 757 2137 ὑπ’
793 2096 932 2145 ἀνοίας
964 2095 1050 2137 οὐδ.
1082 2094 1159 2148 ὠφ.

971 2215 1058 2257 409

437 2306 530 2350 πῶς
562 2299 643 2342 οὐκ
675 2298 829 2349 ἀνοίας
860 2298 1044 2354 ἐσχάτης
1075 2298 1124 2340 τὸ
1156 2299 1293 2341 κακὸν
1325 2303 1442 2355 κακῷ

439 2373 581 2426 ζητεῖν
613 2371 790 2422 ἰᾶσθαι;
1022 2359 1024 2362 V

343 2458 535 2498 Libanius
550 2457 747 2509 1111213,
765 2459 831 2497 15.
856 2455 933 2509 ἔσχ.
953 2455 1015 2496 ἄν.
1035 2459 1144 2512 κακῷ
1164 2455 1205 2496 τὸ
1225 2456 1349 2497 κακὸν
1369 2455 1576 2510 ἐπιχειρεῖν
1596 2457 1800 2498 ἰάσασθαι.

969 2575 1058 2616 410

938 2657 986 2700 ἐν
1019 2657 1203 2713 Σπάρτῃ
1235 2659 1350 2713 μόνῃ
1579 2718 1588 2726 ,

437 2729 606 2783 τυφλός
636 2725 735 2771 ἐσθ’
770 2729 794 2772 ὁ
826 2734 1017 2780 πλοῦτος
1048 2730 1194 2783 ὥσπερ
1228 2730 1398 2785 ἄψυχος
1428 2730 1591 2785 γραφή.

344 2815 537 2866 Porphyr.
568 2815 628 2854 De
653 2816 799 2855 abstin.
819 2819 859 2866 4,
885 2819 909 2855 4
940 2813 1057 2869 (162,
1085 2818 1110 2855 4
1138 2811 1311 2868 Nauck.)
1343 2821 1481 2855 τοῦτο
1515 2814 1564 2866 δὴ
1596 2814 1646 2855 τὸ
1677 2819 1800 2868 θρυ-

223 2873 460 2927 λούμενον
497 2872 541 2914 ἐν
571 2873 674 2930 μόνῃ
705 2880 750 2929 τῇ
781 2875 947 2931 Σπάρτῃ
979 2874 1196 2928 βλέπεσθαι
1226 2873 1377 2926 τυφλὸν
1416 2873 1510 2914 ὄντα
1541 2873 1609 2914 τὸν
1640 2877 1703 2915 πλ.
1735 2873 1800 2914 καὶ

223 2934 404 2987 κείμενον
436 2933 566 2988 ὥσπερ
597 2932 759 2987 γραφὴν
789 2932 960 2987 ἄψυχον.
