2014 3334
232 251 320 293 460
632 242 635 247 ’
880 255 1142 289 ΑΔΕΣΠΟΤΑ

969 363 1057 406 285

516 444 559 487 εί
583 449 924 502 συγκεχρῶσθαι
949 452 1042 497 τοῖς
1066 453 1240 503 νεκροῖς
1265 447 1513 503 δυνήσεται.

353 530 482 570 Schol.
513 530 719 582 Aristoph.
751 532 856 571 Nub.
892 534 975 571 144
1008 531 1086 572 ἔστι
1117 528 1202 586 (διὰ
1232 531 1442 587 τριμέτρων
1473 530 1661 586 χρησμὸς)
1693 532 1800 587 παρὰ

229 592 388 645 κωμικῷ
407 604 484 629 τινι
502 593 580 629 κτλ.
630 591 830 642 Diogenes
850 592 895 631 L.
912 594 949 642 7,
971 594 994 630 2
1027 591 1405 646 χρηστηριαζομένου
1426 591 1549 633 αὐτοῦ
1570 589 1798 648 (Ζήνωνος)

231 650 270 688 τί
298 649 478 702 πράττων
510 646 647 702 ἄριστα
671 650 867 702 βιώσεται,
899 649 1193 703 ἀποκρίνασθαι
1217 650 1284 691 τὸν
1303 651 1415 704 θεόν,
1448 652 1482 692 εἰ
1506 653 1798 705 συγχρωτίζοιτο

229 712 327 756 τοῖς
370 710 575 761 νεκροῖς·
622 708 719 749 ὅθεν
751 708 916 758 ξυνέντα
959 709 1011 750 τὰ
1053 717 1143 751 τῶν
1186 709 1395 765 ἀρχαίων
1433 710 1798 765 ἀναγινώσκειν.

229 769 371 807 Suidas
404 769 732 821 συγχρωτίζεσθαι
764 802 772 809 .
799 800 808 809 .
838 803 844 810 .
879 769 900 809 ὅ
931 769 1008 810 ἐστι
1039 774 1120 818 τοῖς
1151 771 1316 823 βιβλίοις
1347 776 1425 811 τῶν
1457 770 1647 823 ἀρχαίων·
1685 785 1798 811 τουτ-

229 827 308 867 ἐστι
345 826 505 879 μελέτην
542 827 687 868 ἀσκεῖν.
745 829 780 869 εἰ
818 830 927 868 Suid.
961 834 1002 869 et
1032 829 1181 883 Diog]¹
1214 835 1269 885 πῇ
1302 831 1349 870 V.
1374 831 1466 870 Ald.
1503 834 1799 884 συγκεχρῶσθαι

230 888 357 938 Toup.
389 888 553 927 Emend.
574 889 615 926 II
636 888 740 939 207]
775 889 1088 942 συγκεχωρίσθαι
1112 890 1159 930 V.
1191 893 1271 937 τοῖς
1295 893 1449 942 νεκροῖς
1470 887 1602 942 Diog.]
1629 892 1681 946 τῷ
1707 905 1797 944 χρη-

230 949 314 1003 σμῷ
339 947 386 986 V.
437 946 648 999 δυνήσεται
680 947 824 999 Toup]
859 947 1034 988 δύναται.

974 1065 1061 1108 286

511 1145 585 1189 καὶ
616 1150 779 1198 ναῦλος
808 1146 915 1203 ἡμῖν
946 1154 1022 1203 τῆς
1053 1148 1163 1199 νεὼς
1194 1147 1430 1203 ὀφείλεται.

348 1233 478 1273 Sohol.
497 1233 623 1273 Arist.
642 1234 741 1273 Ran.
769 1235 855 1274 270
886 1234 1172 1288 Καλλίστρατος
1203 1233 1260 1274 ὅτι
1290 1233 1357 1274 τὸν
1388 1236 1538 1274 ναῦλον
1570 1232 1796 1287 ἀρσενικῶς,

228 1290 294 1331 καὶ
313 1290 401 1344 οὐχὶ
419 1291 460 1332 τὸ
484 1295 634 1333 ναῦλον
659 1293 825 1332 εἰώθασι
843 1291 986 1347 λέγειν.
1007 1325 1016 1334 .
1037 1292 1122 1333 ,καὶ
1154 1292 1233 1333 ἔστι
1262 1292 1388 1346 παρὰ
1419 1296 1516 1341 τοῖς
1547 1291 1797 1347 νεωτέροις

228 1350 293 1390 καὶ
324 1348 349 1402 ἡ
383 1355 527 1399 ναῦλος
559 1355 635 1394 κτλ.
686 1353 755 1392 sed
786 1367 834 1392 ex
859 1354 943 1393 cod.
968 1354 1004 1392 R
1029 1354 1274 1393 Fritzschius
1299 1354 1395 1392 Ran.
1421 1355 1505 1392 270
1533 1367 1570 1403 p.
1594 1355 1675 1392 155
1710 1353 1802 1397 ὃια-,

230 1407 390 1465 σῴζεται
421 1409 463 1451 δὲ
495 1409 519 1466 ἡ
552 1410 685 1465 γραφὴ
726 1409 810 1462 (καὶ
841 1411 919 1452 ἔστι
950 1414 1037 1453 add.
1071 1413 1236 1452 schedae
1270 1408 1410 1466 Seidl.)
1448 1410 1556 1463 παρὰ
1587 1415 1668 1460 τοῖς
1698 1426 1795 1451 νεω-

228 1468 369 1522 τέροις·
394 1469 472 1510 καὶ
491 1475 636 1519 ναῦλος
654 1469 751 1523 ἡμῖν
769 1475 847 1513 κτλ.
897 1485 943 1511 ac
963 1474 1019 1512 sic
1039 1474 1161 1512 etiam
1179 1472 1368 1511 ASuidae
1395 1473 1540 1518 ναῦλος
1559 1467 1620 1523 (in
1639 1467 1796 1524 marga).

230 1526 458 1570 ‘scriberem
491 1528 544 1583 χώ
575 1534 735 1582 ναῦλος,
767 1532 800 1571 si
833 1544 932 1582 opus
964 1544 1049 1572 esse
1081 1532 1284 1572 videretur
1315 1527 1513 1570 articulo'.
1544 1531 1736 1570 Fritzsch.

967 1648 1051 1690 287

513 1732 638 1781 Δᾶος
667 1730 868 1787 πάρεστι·
900 1731 947 1773 τί
973 1729 1068 1773 ποτ’
1106 1730 1366 1785 ἀπαγγελῶν
1397 1731 1504 1787 ἄρα;

346 1816 583 1868 Anonymus
614 1817 782 1856 Aristot.
815 1817 939 1856 Bekk.
973 1819 1039 1868 93,
1074 1819 1127 1856 25
1174 1815 1473 1868 διαπορητικόν,
1511 1815 1533 1855 ὅ
1563 1815 1666 1856 ε’στιν
1701 1815 1796 1868 ε’ρώ-

228 1888 334 1927 τησις
372 1875 496 1916 αὐτοῦ
532 1875 631 1927 πρὸς
668 1875 808 1927 αὐτόν,
846 1875 941 1915 ὥστε
977 1875 1019 1915 τό
1051 1875 1160 1924 Δάος
1190 1879 1391 1928 προσῆλθε
1429 1876 1467 1915 τί
1494 1872 1580 1915 ποτ’
1622 1874 1795 1929 ἀγγελῶν

228 1933 323 1987 ἄρας
358 1938 425 1986 96,
450 1938 502 1975 19
535 1933 712 1987 πέμπτον
745 1933 788 1975 δέ
813 1949 847 1974 τι
877 1934 976 1986 πρὸς
999 1935 1152 1983 τούτοις
1183 1931 1288 1975 εἷναί
1315 1946 1413 1986 φασι
1440 1934 1482 1975 τὸ
1507 1933 1796 1988 ἐπαπορητικόν

228 1997 336 2042 Λᾶος
360 1994 521 2046 πάρεστι
540 1995 577 2034 τί
592 1992 678 2035 ποτ’
708 1993 881 2048 ἀγγελῶν
900 1992 988 2047 ἄρα.
1038 1995 1167 2035 Schol.
1189 1995 1379 2046 Hermog.
1398 1995 1522 2034 Walz.
1543 1995 1747 2034 RhetNII
1768 1998 1793 2034 4

229 2056 337 2102 Λᾶος
374 2051 459 2094 πότ’
500 2049 600 2106 ἦλθε
640 2055 678 2094 τί
705 2051 790 2094 ποτ’
834 2052 1030 2107 ἀγγέλλων
1061 2052 1153 2106 ἅρα;
1193 2055 1264 2093 ubi
1295 2054 1333 2093 τί
1360 2068 1453 2093 ποτε
1485 2051 1659 2107 ἀγγέλων
1690 2055 1794 2093 Mon.

228 2115 282 2153 Io.
317 2114 433 2154 Sicel.
453 2113 579 2153 Walz.
600 2114 658 2153 VI
692 2116 774 2154 128
807 2112 860 2161 ὡς
890 2112 932 2153 τὸ
964 2114 1073 2161 Δάος
1097 2111 1225 2165 ἤλυθε
1255 2113 1294 2152 τί
1320 2109 1406 2153 ποτ’
1441 2111 1526 2166 ἀγγ.
1561 2134 1611 2140 —-
1646 2111 1795 2165 ἀπαγ-

228 2171 405 2226 γέλλων
435 2174 484 2212 Κ.
546 2175 595 2213 cf.
626 2173 750 2213 Arist.
783 2174 887 2212 Plut.
924 2175 1019 2213 766.
1075 2173 1113 2212 τί
1147 2171 1190 2212 δέ
1226 2169 1312 2212 ποτ’
1353 2171 1438 2225 ἀγγ.
1476 2172 1593 2212 Mein.
1625 2173 1661 2210 V
1695 2175 1793 2213 117.

228 2233 445 2273 Menandro
477 2246 637 2274 versum
667 2233 872 2272 tribuebat
903 2232 1189 2272 Schneidewin.
1222 2232 1396 2272 Coniect.
1432 2234 1527 2271 119.

907 2349 1007 2392 288.
1023 2367 1026 2371 ·
1040 2348 1125 2391 289

512 2433 595 2487 τὴν
624 2434 766 2488 κόμην
797 2432 1008 2487 ἡψήσατο.

515 2502 665 2559 ἑφθὴν
696 2504 777 2559 τὴν
808 2505 950 2559 κόμην
982 2502 1241 2555 ξανθίζεται.

348 2590 493 2629 Pollux
513 2592 551 2642 2,
573 2591 626 2630 35
659 2588 725 2629 καὶ
755 2588 985 2641 ἑψήσασθαι
1016 2586 1149 2640 δὲτὴν
1174 2587 1301 2639 κόμην
1327 2586 1368 2627 τὸ
1394 2593 1637 2639 καταχρῶσαι
1661 2584 1794 2638 ἔλεγον

229 2652 307 2688 κτλ.
372 2652 407 2689 1.
439 2647 621 2701 ἠψήσατο
641 2650 688 2689 A.
752 2652 789 2689 2.
822 2648 958 2701 ἔφθην
976 2649 1024 2688 A.
1069 2649 1290 2696 ξανθίζεται
1310 2644 1496 2698 Bekker.]
1524 2646 1792 2695 ξανθίζεσθαι,

972 2764 1058 2807 290

507 2845 678 2890 Ῥοίκου
708 2848 1013 2904 κριθοπομπία

344 2930 632 2985 Ἐρατοσθένης
664 2932 706 2973 ἐν
731 2936 782 2990 τῷ
810 2932 968 2989 ἐννάτῳ.
1018 2938 1095 2972 τῶν
1110 2928 1389 2984 Ἀμαθουσίων
1414 2929 1613 2984 βασιλέως.
1652 2935 1792 2970 τοῦτον
