2014 3334
251 232 339 276 554
636 211 639 216 ’
904 232 1164 267 ΑΔΕΣΠΟΤΑ

998 341 1084 383 826

375 415 504 454 Schol.
526 415 664 465 Eurip.
685 414 815 456 Orest.
839 416 920 454 742
953 413 1026 454 οὐκ
1058 411 1222 466 ἐκεῖνος,
1253 411 1336 454 ἀλλ’
1365 413 1493 466 ἐκείνη
1519 418 1651 455 κεῖνον
1676 411 1817 455 ἐνθάδ’

251 473 415 528 ἢγαγεν]
449 474 692 530 κωμῳδεῖται
723 472 743 514 ὅ
776 474 900 526 στίχος
933 473 998 513 διὰ
1029 472 1101 524 τὴν
1132 474 1355 526 ταυτότητα.
1404 473 1601 530 πρᾳότητα
1631 474 1821 514 cod.Ven.

251 534 343 574 Cob.
376 533 625 593 παρισότητα-
647 535 711 574 vel
741 531 997 587 περισσότητα
1026 534 1178 573 Nauck.

537 708 722 764 ἀγαθῶν
754 708 967 763 ἀγαθίδες

372 777 514 824 Pollux}
539 786 575 835 7,
596 786 648 823 31
673 779 852 837 (πηνίον,
885 782 1043 837 ἀγαθίς,
1076 782 1174 823 ὅθεν
1198 778 1283 836 καὶ)
1314 784 1504 836 παροιμία
1529 782 1696 836 ἀγαθῶν
1726 781 1819 836 ἀγα-

251 844 379 894 θίδες,
405 836 429 900 ᾖ
462 843 619 898 πλείστῃ
652 841 857 895 κέχρηνται
888 843 930 883 οἱ
956 843 1133 894 κωμικοί.
1184 843 1351 882 Bekker.
1382 843 1531 882 Anecd.
1553 845 1591 892 9,
1614 844 1665 882 31
1699 846 1822 895 γραῦς

250 902 449 957 ἀγαθίδας
475 900 704 954 ἀποδομένη
730 902 874 955 κρόκης
894 901 1050 955 ἐπρίατο
1077 898 1204 953 οἶνον,
1226 899 1387 942 κᾶπειθ’
1416 901 1669 942 ὑποπίνουσα
1693 899 1822 954 ἔλεγεν

251 965 342 1013 κτλ.,
376 958 462 1002 οἷον
494 961 661 1016 ἀγαθῶν
686 965 843 1014 πλῆθος
874 961 940 1001 καὶ
972 961 1111 1014 σωρός·
1143 959 1168 1013 ἡ
1198 960 1271 1015 γὰρ
1302 960 1448 1015 ἀγαθὶς
1479 961 1604 1015 σωρός
1629 960 1707 1000 ἐστι
1731 959 1821 1012 στή-

252 1038 375 1074 μονος
406 1020 432 1074 ἢ
464 1021 626 1074 κρόκης·
658 1021 739 1072 ἅμα
769 1023 1054 1074 παραδηλοῦσα
1086 1020 1143 1060 ὅτι
1167 1020 1303 1074 ἀγαθά
1334 1036 1401 1073 μοι
1431 1020 1474 1061 ἐκ
1504 1026 1582 1061 τῶν
1613 1019 1820 1074 ἀγαθίδων

251 1081 339 1121 ἔστί.
391 1087 558 1134 χρῶνται
591 1077 625 1120 δ’
663 1079 725 1120 ἐπὶ
755 1084 912 1121 πολλῶν
951 1080 1130 1134 ἀγαθῶν.
1181 1082 1262 1120 cod.
1296 1079 1425 1134 ἔλεγεν
1456 1079 1622 1134 ἀγαθῶν
1653 1083 1819 1132 πλῆθος.

251 1142 379 1192 suppl.
400 1142 569 1180 Bekker.
603 1142 773 1180 fortasse
794 1143 890 1180 haec
923 1155 969 1179 ex
997 1154 1141 1180 scaena
1171 1141 1306 1190 aliqua
1337 1141 1563 1180 comoediae
1587 1141 1823 1190 deprompta

250 1204 354 1241 sunt.
405 1201 592 1240 Eustath.
628 1202 759 1251 1166,
799 1203 852 1240 32
894 1196 962 1254 (cf.
996 1201 1117 1239 etiam
1153 1203 1283 1252 1701,
1318 1199 1362 1252 6)
1405 1199 1462 1239 ὅτι
1499 1198 1644 1253 ἀγαθᾷς
1685 1196 1821 1250 δέσμη,

250 1260 402 1313 ῥάμμα,
443 1259 645 1311 στήμονες,
683 1258 864 1312 λέγουσιν
897 1260 939 1299 οἵ
965 1259 1137 1299 παλαιοί.
1186 1259 1357 1310 Hesych.
1389 1258 1550 1312 ἀγαθίς·
1583 1256 1704 1310 ὃέσμη
1737 1255 1822 1311 (καὶ

251 1315 355 1367 εἶδός
385 1334 420 1358 τι
452 1320 539 1358 add.
571 1319 706 1370 Etym.
738 1334 789 1359 m.
822 1321 860 1370 5,
894 1316 969 1371 33)
1010 1318 1210 1372 ῥάμματος
1246 1315 1273 1371 ἢ
1306 1318 1510 1370 στήμονος.
1561 1319 1608 1358 cf.
1641 1318 1821 1368 Append.

249 1393 359 1430 prov,
389 1381 428 1431 4,
455 1382 475 1417 1
512 1392 603 1418 cum
634 1379 691 1418 eis
723 1392 824 1430 quae
858 1380 1066 1419 adnotavit
1097 1379 1237 1418 edissor.
1288 1374 1431 1418 ε(311053.
1451 1393 1510 1429 gr.
1530 1379 1600 1417 lat.
1631 1375 1821 1430 ἀγαθίδες

245 1435 418 1492 ylobu-li'.
468 1439 638 1478 Lobeck.
670 1438 762 1489 Agl.
798 1441 921 1478 1076.
981 1438 1195 1477 Herodian.
1228 1439 1247 1476 I
1280 1440 1384 1489 526,
1418 1440 1471 1477 28
1511 1440 1552 1476 et
1583 1438 1624 1476 II
1659 1439 1732 1488 18,
1765 1438 1818 1475 29

249 1497 291 1537 τὸ
324 1497 468 1551 ἀγαθίς
500 1496 572 1537 ἀεὶ
605 1496 989 1549 συστελλομένως
1022 1494 1087 1551 (ἵ).
1241 1519 1246 1523 -

861 1614 960 1656 828.
993 1613 1091 1656 829.
1125 1612 1211 1655 830

538 1685 723 1739 ἀγαθῶν
755 1684 979 1741 μυρμηκιά

371 1772 568 1811 Zenobius
604 1774 642 1823 1,
676 1773 726 1811 11
773 1769 838 1811 ἐπὶ
875 1770 1059 1822 πλήθους
1097 1769 1363 1821 εὐδαιμονίας.
1412 1770 1649 1820 Diogenian.
1685 1771 1720 1819 1,
1755 1772 1821 1809 10.

252 1832 439 1871 Eustath.
457 1833 522 1881 77,
545 1833 583 1871 9.
615 1831 737 1869 etiam
758 1829 949 1883 ἀγαθῶν
968 1830 1177 1869 θάλαττα
1196 1829 1430 1880 Diogenian.
1449 1831 1485 1879 1,
1503 1831 1557 1869 10
1572 1824 1708 1882 (Vind.
1724 1831 1759 1877 1,
1775 1823 1821 1881 8)

251 1894 292 1930 et
322 1890 507 1937 πόντος,
529 1889 728 1943 ἀγαθῶν
760 1891 940 1941 Apostol.
971 1892 1036 1941 14,
1069 1892 1124 1929 58
1157 1889 1373 1940 proverbia
1404 1891 1497 1928 511111]
1528 1901 1549 1927 e
1581 1889 1821 1928 comicorum

253 1964 434 1990 sermone
467 1952 666 2000 excerpta.

998 2018 1081 2060 831

538 2077 678 2134 ἀγροῦ
709 2075 851 2127 πλέως

369 2149 574 2205 ἀγροικίας,
600 2150 761 2203 πλήρης.
805 2151 1041 2201 Hesychius.
1074 2147 1199 2197 πλέως
1231 2150 1375 2201 Scalig.
1410 2149 1560 2200 Castig.
1594 2149 1677 2188 Gaia.
1713 2151 1767 2189 33
1778 2147 1819 2199 a]

250 2209 392 2250 πλέων.
442 2211 588 2250 Catull.
623 2213 691 2256 36,
726 2213 778 2250 19
805 2212 915 2260 pleni
944 2213 1052 2250 ruris
1083 2214 1116 2248 et
1146 2212 1416 2258 inficetiarum,
1460 2209 1576 2247 indic.
1608 2209 1760 2247 Nauck.

994 2326 1079 2368 832
1132 2317 1134 2319 μ

538 2396 799 2453 ἀδηφάγους
829 2398 1023 2452 τριήρεις

371 2473 542 2511 Bekker.
573 2471 722 2511 Anecd.
750 2473 853 2522 203,
889 2473 939 2511 19
978 2469 1047 2518 τὰς
1078 2469 1245 2523 μεγάλας
1271 2498 1281 2508 .
1307 2466 1363 2521 ,ἢ
1394 2467 1462 2515 τὰς
1493 2466 1657 2520 ἐχούσας
1688 2466 1821 2520 ἐντελῆ

252 2530 299 2571 τὰ
329 2531 580 2583 πληρώματα.
628 2527 722 2583 παρ’
766 2527 788 2569 ὃ
826 2529 892 2569 καὶ
928 2528 1155 2583 ἀδηφάγα
1192 2528 1376 2581 ἅρματα
1412 2526 1569 2581 λέγουσι
1599 2526 1644 2566 τὰ
1676 2526 1822 2580 μεγάλα

251 2590 317 2631 καὶ
348 2589 481 2631 τέλεια.
531 2591 555 2629 i.
584 2604 615 2630 θ.
649 2603 750 2642 quae
782 2603 974 2640 magnum
1005 2602 1105 2629 onus
1129 2587 1194 2629 vel
1223 2588 1373 2627 multas
1403 2599 1554 2627 merces
1586 2587 1760 2637 capiunt..

981 2705 1080 2748 ‘833

538 2777 721 2834 αἰγιαλῷ
754 2778 913 2830 λαλεῖς,
946 2774 1092 2833 ἀνέμῳ
1125 2773 1317 2829 διαλέγει

374 2851 570 2891 Zenobius
594 2854 630 2902 1,
650 2853 705 2890 38
738 2848 801 2889 ἐπὶ
825 2855 903 2889 τῶν
928 2848 1196 2900 ἀνηκούστων.
1253 2849 1390 2899 Eurip.
1415 2848 1605 2887 Androm.
1632 2849 1686 2898 93
1719 2850 1821 2886 cont.

256 2912 441 2951 Leusssch.
1443 2912 1445 2914 ’
