2014 3334
888 216 1161 251 ΔΤΣΚοΛοΣ
1758 219 1814 262 39

442 322 517 367 καὶ
547 324 597 367 τὸ
629 325 836 368 πόπανον
867 320 990 368 τοῦτ’
1025 326 1184 387 ἔλαβεν
1215 325 1239 369 ὁ
1273 327 1381 378 θεὸς
1413 326 1483 371 ἐπὶ
1514 329 1564 371 τὸ
1596 335 1686 386 πῦρ

402 407 422 439 5
444 396 563 439 ἅπαν
595 395 820 440 ἐπιτεθέν·
853 396 901 439 οί
929 393 979 439 δὲ
1010 397 1094 453 τὴν
1125 397 1274 454 ὀσφὺν
1307 399 1449 456 ἄκραν

443 466 518 512 καὶ
549 469 631 524 τὴν
662 468 801 525 χολὴν
834 468 943 511 ὀστᾶ
974 467 1012 511 τ’
1049 469 1227 526 ἄβρωτα
1259 479 1352 522 τοῖς
1383 476 1510 523 θεοῖς

446 540 676 592 ἐπιθέντες
707 539 834 584 αὐτοὶ
866 541 1004 584 τᾶλλα
1035 541 1325 586 καταπίνουσ’
1363 543 1441 588 ἀεί.

349 628 583 669 Athenaeus
597 630 637 680 4,
661 631 743 669 146
757 629 811 668 de
833 626 1078 681 Μένανδρος
1098 659 1107 669 .
1122 659 1131 669 .
1146 659 1155 669 .
1176 628 1220 669 ἐν
1233 629 1426 687 Δυσκόλῳ
1447 630 1572 683 φησὶν
1593 630 1719 680 οὕτως
1738 636 1816 673 κτλ.

226 703 265 730 v.
286 690 400 729 3-5
422 683 578 743 (τεθέν)
609 689 860 741 Porphyrius
886 689 944 729 De
977 690 1079 730 abst.
1103 693 1140 741 2,
1162 692 1244 730 131
1283 689 1529 744 Μένανδρος
1554 691 1596 731 ἐν
1623 692 1815 749 Δυσκόλῳ

227 751 305 790 κτλ.
355 763 392 790 v.
415 750 453 790 5.
476 751 500 790 6
523 749 708 789 Clemens
727 750 843 789 Alex.
871 749 1019 790 Strom.
1042 752 1079 801 7,
1102 752 1139 801 6,
1160 752 1214 790 31
1244 749 1489 804 Μένανδρός
1513 761 1556 792 τε
1584 750 1656 804 τὴν
1683 750 1817 804 ὀσφὺν

227 807 357 863 ἄκραν
387 809 619 862 πεποίηκεν,
650 807 723 861 τὴν
749 808 884 862 χολήν,
917 807 1031 850 ὀστέα
1061 806 1095 849 τ’
1125 808 1298 863 ἄβρωτα,
1330 812 1444 863 φησί,
1476 816 1558 860 τοῖς
1589 816 1703 861 θεοῖς
1735 812 1819 853 ἐπι-

226 867 402 918 τιθέντες
439 868 553 910 αὐτοὶ
589 868 636 910 τὰ
674 867 773 910 ἄλλα
811 868 1107 911 ἀναλίσκουσιν.
1176 871 1351 923 Etymol.
1383 886 1435 912 m.
1468 875 1573 924 468,
1614 875 1668 912 24
1710 871 1818 925 ἱερὸν

228 927 391 971 ὀστοῦν·
422 928 465 970 τὸ
491 928 617 983 ἄκρον
641 935 711 983 τῆς
736 927 908 982 ὀσφύος·
940 930 1044 970 οὕτω
1075 929 1151 984 γὰρ
1183 929 1364 983 κέκληται
1384 962 1393 972 .
1414 962 1424 972 .
1444 962 1454 972 .
1475 931 1532 972 ὅτι
1561 932 1819 986 ἷερουργεῖται

227 993 310 1038 τοῖς
328 994 453 1038 θεοῖς.
510 988 755 1043 Μένανδρος
775 991 818 1031 οἱ
840 988 882 1031 δὲ
901 989 975 1042 τὴν
995 987 1129 1042 ὀσφὺν
1155 989 1283 1044 ἄκραν
1302 991 1513 1040 θύσαντες.
1567 995 1603 1032 1.
1631 990 1673 1032 δὲ
1694 994 1736 1034 οἵ
1750 1008 1817 1046 τοχ

229 1063 428 1103 suprascr.
443 1067 458 1090 ι
476 1052 525 1091 Α.
565 1054 603 1091 2.
615 1051 749 1099 κίστας
765 1050 898 1103 Grot.]
914 1051 1057 1099 κοίτας.
1083 1053 1132 1092 ef.
1148 1065 1250 1104 quae
1270 1053 1554 1093 adnotavimus
1572 1054 1623 1092 ad
1636 1054 1818 1094 Pherecr.

231 1113 328 1151 122.
354 1112 499 1163 Eupol.
516 1113 584 1152 76.
597 1112 700 1152 Mus.
714 1112 789 1151 Rh.
808 1112 920 1151 XXX
940 1114 1039 1151 414.
1069 1113 1107 1152 5.
1139 1112 1308 1164 σταμνία
1326 1109 1358 1151 τ’
1381 1114 1558 1153 Brunck.
1592 1115 1630 1153 3.
1652 1112 1819 1167 εὐσεβής

227 1172 424 1223 Porphyr.
475 1174 515 1212 4.
547 1170 630 1223 ἐπὶ]
658 1170 740 1212 ἐπεὶ
772 1173 809 1211 Α
830 1173 927 1212 Ath.
990 1174 1030 1212 5.
1061 1170 1178 1212 τεθέν
1209 1173 1406 1224 Porphyr.
1449 1170 1557 1213 ταῦτ’
1591 1195 1639 1200 -
1671 1171 1813 1214 ἅπαντ’

228 1228 445 1272 ἕπιτεθέντ’
481 1226 590 1287 (-θ’)
610 1232 730 1272 Mein.
761 1231 881 1272 Anal.
901 1232 997 1272 Ath.
1020 1234 1088 1273 70.
1139 1232 1182 1273 οἱ
1209 1230 1270 1284 δὲ]
1310 1232 1377 1273 ἔτι
1409 1231 1452 1273 δὲ
1478 1234 1526 1274 Κ.
1591 1237 1629 1274 6.
1655 1231 1748 1274 ὀστᾶ
1779 1231 1812 1274 τ’

228 1291 432 1344 Clemens]
455 1291 514 1332 ὅτι
533 1288 609 1332 ἐστ’
638 1293 671 1333 A
691 1293 786 1332 Ath.
808 1288 899 1347 (sed
917 1306 998 1333 non
1017 1294 1141 1332 habet
1160 1291 1207 1332 τὰ
1226 1288 1447 1348 βρώματα).
1498 1296 1534 1334 7.
1554 1291 1813 1334 καταπίνουσ’

227 1350 292 1392 ἀεί
317 1351 470 1404 Bentl.]
503 1352 777 1393 καταπίνουσι.
826 1351 947 1393 τᾶλλα
976 1352 1107 1393 πάντα
1138 1351 1325 1393 κατέπιον
1358 1355 1481 1394 Dobr.
1508 1355 1611 1394 Adv.
1644 1355 1684 1394 II
1718 1357 1815 1396 273.

348 1415 386 1452 5.
414 1413 588 1453 Bekker.
607 1413 758 1453 Aneoed.
778 1415 878 1465 416,
901 1416 967 1453 11.
991 1415 1044 1453 13
1078 1412 1186 1453 ἅπαν
1218 1443 1228 1453 .
1260 1444 1270 1453 .
1302 1444 1311 1453 .
1345 1413 1387 1454 οἵ
1410 1410 1575 1454 Ἀττικοὶ
1601 1413 1816 1455 ἐκτείνουσι

226 1471 299 1525 τὴν
330 1470 510 1526 ὑστέραν.
571 1471 645 1525 τὴν
683 1469 816 1524 ὀσφὺν
854 1471 1002 1527 ἄκραν,
1037 1470 1270 1513 ‘extremam
1305 1475 1411 1514 dorsi
1443 1477 1619 1526 partem,
1659 1489 1814 1515 sacram

227 1529 405 1585 spinam'
425 1534 545 1573 Mein.
563 1557 610 1561 --
627 1535 676 1573 de
698 1535 898 1574 sententia
918 1536 967 1574 cf.
981 1534 1167 1574 Phereer.
1184 1536 1237 1575 23
1260 1548 1351 1575 cum
1371 1535 1460 1574 adn.
1475 1537 1516 1575 et
1536 1536 1671 1586 adesp.
1689 1537 1815 1576 1205.

979 1663 1062 1706 130

683 1788 687 1792 ι
1183 1733 1291 1778 οὐδὲ
1323 1729 1386 1786 εἷς

515 1808 731 1864 μάγειρον
763 1807 978 1864 ἀδικήσας
1010 1807 1163 1866 ἀθῷος
1195 1806 1428 1863 διέφυγεν·

516 1881 781 1937 ἱεροπρεπής
812 1880 906 1931 πώς
937 1879 1060 1923 ἐστιν
1090 1879 1217 1936 ἡμῶν
1247 1879 1275 1935 ἡ
1308 1878 1451 1936 τέχνη.

345 1968 579 2017 Athenaeus
613 1970 651 2019 9,
685 1969 805 2008 383f
843 1966 891 2007 τὰ
930 1966 972 2007 ἐκ
1003 1966 1213 2008 Δυσκόλου
1246 1967 1496 2020 Μενάνδρου
1530 1998 1539 2007 .
1565 1997 1575 2008 .
1613 1967 1705 2008 τάδε
1736 1971 1814 2008 κτλ.

227 2030 267 2068 3.
299 2024 414 2080 ἡμῶν
445 2029 570 2068 etiam
601 2028 649 2068 A.

912 2146 1009 2188 131.
1045 2145 1130 2188 132

803 2229 989 2280 οὐδενὸς
1020 2228 1103 2285 χρὴ
1135 2227 1393 2285 πράγματος

440 2302 519 2346 τὸν
551 2297 602 2345 εὖ
633 2297 856 2345 πονοῦνθ’
892 2301 1005 2352 ὅλως
1037 2300 1301 2356 ἀπογνῶναί
1327 2314 1444 2343 ποτε.

442 2434 589 2478 oum&
620 2431 756 2489 γίνετ’
793 2432 1017 2491 ἐπιμελείᾳ
1049 2431 1123 2476 καὶ
1153 2434 1278 2491 πόνῳ

442 2507 628 2550 ἅπαντα.

348 2595 545 2634 Stobaeus
565 2595 703 2634 Floril.
726 2597 793 2645 29,
814 2596 884 2634 45.
906 2596 943 2634 6.
977 2595 1032 2634 45
1066 2592 1316 2645 Μενάνδρου
1346 2590 1556 2631 Δυσκόλου
1587 2592 1631 2629 Α.
1683 2591 1731 2629 ad
1753 2591 1809 2629 46

228 2655 340 2694 deest
370 2655 521 2694 lemma
555 2655 598 2694 in
628 2656 676 2696 A.
738 2655 782 2694 in
814 2655 929 2694 Voss.
959 2654 1082 2693 Heus.
1109 2654 1177 2692 fol.
1210 2655 1265 2692 84
1300 2665 1335 2691 V.
1367 2653 1415 2691 fr.
1449 2652 1504 2690 45
1540 2653 1564 2690 6
1598 2650 1811 2689 coniuncta

227 2717 322 2754 sunt
359 2715 433 2754 sub
476 2715 665 2755 lemmate
705 2719 776 2755 τοῦ
820 2712 944 2754 αὐτοῦ
989 2708 1140 2768 (praee.
1178 2715 1232 2752 47
1281 2711 1530 2763 Μενάνδρου
1575 2704 1810 2762 Εὐνούχου)
1862 2707 1869 2710 ’

228 2797 431 2846 δύσκολος.
485 2799 529 2838 in
567 2812 692 2850 marg.
724 2798 815 2838 add.
849 2799 903 2837 46
945 2811 1036 2837 cum
1077 2797 1265 2836 lemmate
1303 2763 1404 2847 ἶίέδρ,

228 2871 360 2898 mann.
425 2860 463 2898 2.
482 2854 684 2898 πονοῦνθ’
707 2857 837 2908 Grot.]
858 2853 1066 2897 ποιοῦνθ’.
1098 2854 1258 2909 ἀπογν.]
1281 2854 1405 2909 ἐπιγν.
1425 2855 1540 2894 Voss.
1617 2855 1655 2892 4.
1681 2850 1810 2892 ἆλωτὰ

227 2916 301 2971 γὰρ
333 2918 388 2969 Α,
425 2918 530 2958 unde
567 2919 686 2958 Mein.
731 2916 862 2958 ἁλωτὰ
898 2916 972 2971 γὰρ
1008 2914 1013 2969 Ι
1047 2915 1203 2956 ἅπαντα
1246 2911 1379 2968 γίνετ’,
1413 2913 1471 2954 ε’π.
1509 2916 1588 2953 κτλ.
1651 2914 1809 2952 Terent.

1449 2795 1627 2835 deletum
1670 2794 1811 2832 eadem
