2014 3334
0 458 17 672 {-

0 683 18 710 7,,

715 244 1009 278 ΑΡΡΗΦΟΡΟΣ
1072 245 1224 278 ΑΣΠΙΣ
1703 243 1761 285 25

941 353 997 395 75

390 435 414 479 ὃ
447 436 656 492 βούλεται
687 438 774 492 γὰρ
807 438 949 492 μόνον
981 436 1101 493 ὁρῶν
1132 436 1205 480 καὶ
1237 439 1503 494 προσδοκῶν

392 508 626 564 ἀλόγιστος
657 510 778 552 ἔσται
810 514 887 564 τῆς
919 508 1135 565 ἀληθείας
1165 511 1327 566 κριτής.

297 596 494 636 Stobaeus
513 597 655 636 Floril.
683 598 753 648 23,
786 598 812 635 4
845 601 916 636 τοῦ
949 595 1074 636 αὐτοῦ
1101 594 1370 649 (Μενάνδρου
1400 599 1467 647 23,
1501 593 1546 650 3)
1576 593 1762 645 Ἀσπίδος

175 657 222 696 A.
276 659 313 696 2.
345 654 451 696 ἔσται
483 655 574 708 ΑΒ]
608 655 698 697 ἐστι.
762 652 960 708 ‘loquitur
992 658 1039 696 de
1073 660 1182 697 certo
1216 658 1390 709 quodam
1422 653 1609 697 homine’.
1641 658 1761 697 Mein.

174 729 269 757 nam
299 719 335 757 si
366 718 467 766 quod
496 719 580 757 vult
611 719 873 757 tantummodo
904 718 1007 757 videt
1038 719 1113 757 cet.

907 834 1030 877 76ab

678 918 968 975 στρατιώτην,
1002 920 1242 974 Σμικρίνη,
1276 920 1497 974 σωτηρίας

392 986 481 1032 ἔστ’
516 991 651 1046 ἔργον
682 984 832 1046 εὑρεῖν
863 992 1108 1047 πρόφασιν,
1141 990 1338 1047 ὀλέθρου
1371 987 1411 1033 δ’
1448 991 1654 1047 εὔπορον.

297 1077 497 1117 Stobaeus
523 1078 663 1117 Floril.
690 1080 759 1129 53,
793 1079 817 1118 5
852 1073 999 1131 (ψόγος
1030 1074 1192 1132 τόλμης)
1226 1077 1477 1131 Μενάνδρου
1505 1075 1692 1126 Ἀσπίδος
1714 1079 1761 1117 Α.

178 1139 214 1178 1.
246 1137 446 1190 Σμικρίνη
486 1136 640 1188 Bentl]
686 1136 856 1190 σμικρὴν
893 1134 918 1189 ἡ
958 1139 1006 1177 A.
1071 1139 1233 1178 difficile
1279 1141 1342 1178 est
1386 1135 1573 1178 ‘militem
1619 1139 1762 1178 salutis

174 1198 352 1249 reperire
384 1199 751 1249 opportunitatem,
794 1199 913 1238 facile
947 1201 1084 1238 autem
1115 1199 1304 1238 interitus
1350 1212 1514 1239 causam
1557 1195 1761 1250 repeiiet'.

175 1258 328 1298 Iaoobs.
360 1258 498 1298 Addit
530 1258 626 1297 Ath.
664 1261 758 1298 102.
820 1259 1033 1298 Smicrines
1063 1260 1105 1298 in
1138 1259 1344 1299 comoedia
1375 1273 1480 1299 nova
1518 1272 1663 1299 nomen
1702 1262 1762 1298 est

176 1319 283 1358 senis
316 1319 430 1358 avari
461 1321 503 1357 et
535 1319 695 1358 sordidi.
724 1318 879 1359 Chorie.
907 1319 1024 1370 Apol.
1058 1319 1168 1358 mim.
1201 1315 1358 1372 (Revue
1390 1320 1438 1358 de
1470 1319 1611 1370 philol.
1635 1321 1762 1370 1877,

177 1373 283 1432 228)
316 1384 394 1418 τῶν
426 1377 677 1431 Μενάνδρου
708 1377 990 1431 ’πεποιημένων
1021 1378 1248 1429 προσώπων
1382 1379 1604 1431 Σμικρίνης
1637 1375 1761 1431 (ἡμᾶς

176 1434 355 1493 ἐποίησε)
400 1437 692 1492 φιλαργύρους,
737 1437 758 1479 ὅ
804 1437 975 1487 δεδιὼς
1017 1438 1076 1491 μή
1115 1454 1158 1479 τι
1195 1446 1285 1479 τῶν
1330 1438 1473 1479 ἔνδον
1511 1437 1531 1479 ὅ
1577 1438 1762 1487 καπνὸς

176 1498 355 1551 οἴχοιτο
389 1496 567 1551 φέρων,
599 1512 702 1551 quae
734 1500 784 1539 ad
812 1496 1117 1553 Ἐπιτρέποντας
1148 1501 1274 1540 refert
1307 1499 1351 1540 O.
1371 1500 1489 1539 Ribb.
1517 1500 1682 1551 Agroik.
1707 1502 1758 1539 19

176 1559 276 1598 conl.
304 1559 434 1598 Plaut.
464 1559 558 1598 Aul.
579 1561 678 1599 300.
737 1560 916 1612 Aloiphr.
952 1562 989 1608 3,
1023 1562 1092 1611 43,
1126 1563 1150 1600 3
1183 1560 1405 1614 Σμικρίνης
1437 1558 1458 1599 ὁ
1491 1559 1760 1611 δύστροπος

175 1617 253 1658 καὶ
286 1617 531 1666 δύσκολος.
569 1619 714 1660 Iulian.
746 1620 859 1660 Caes.
893 1622 975 1661 311
995 1633 1029 1659 a.
1090 1621 1285 1673 Misopog.
1321 1622 1403 1661 349
1421 1634 1452 1660 ο.
1504 1621 1553 1660 cf.
1585 1621 1633 1659 fr.
1666 1623 1762 1660 174.

176 1678 285 1718 Galli
316 1680 548 1729 Harpayon.

941 1763 994 1804 77

679 1844 839 1888 πολλοὶ
869 1846 956 1903 γὰρ
988 1845 1292 1898 ἐκλελοιπότες

391 1916 471 1958 τὸν
502 1916 673 1973 χάρακα
704 1917 782 1968 τὰς
812 1917 961 1974 κώμας
993 1917 1234 1975 ἐπόρθουν.

296 1987 564 2054 Harpocratio
615 2003 767 2056 χάρακα
806 2036 813 2043 .
848 2036 855 2044 .
895 2003 937 2044 τὸ
988 2005 1202 2078 χαράκωμα
1247 2003 1268 2045 ὃ
1309 2005 1610 2058 περιεβάλλοντό
1660 2021 1762 2053 τινες

178 2061 427 2120 στρατοπέδῳ
460 2061 523 2102 ἐπὶ
549 2063 731 2119 σωτηρία.
775 2062 1020 2117 Μένανδρος
1041 2062 1197 2106 Ἀσπίδι
1222 2069 1299 2106 κτλ.
1341 2067 1481 2105 eadem
1502 2080 1577 2106 om.
1597 2067 1760 2105 fabulae

176 2125 336 2163 nomine
363 2123 507 2163 Suidas
541 2126 581 2163 et
607 2124 783 2164 Zonaras
817 2119 986 2178 (1841).
1024 2127 1072 2165 cf.
1093 2127 1229 2166 Miller
1247 2127 1454 2178 Melanges
1476 2129 1573 2167 307.
1606 2125 1759 2178 κώμας]

176 2182 309 2232 πόλεις
340 2184 425 2224 cod.
456 2184 617 2223 Milleri.

942 2267 996 2310 78

970 2339 1083 2395 ἔχων
1113 2338 1195 2394 τὴν
1228 2338 1395 2382 ἀσπίδα

467 2410 606 2452 ἔκειτο
639 2409 1029 2467 συντετριμμένην.

299 2497 429 2536 Sohol.
467 2497 674 2548 Aristoph.
713 2497 887 2537 Acharn.
927 2500 1013 2538 284
1054 2500 1108 2554 τῷ
1147 2498 1371 2551 συντρίβειν
1412 2497 1479 2538 καὶ
1516 2495 1761 2550 Μένανδρος

179 2553 359 2609 κέχρηται
392 2589 398 2596 .
428 2586 437 2595 .
466 2588 474 2596 .
507 2555 549 2596 ε’ν
577 2553 732 2596 Ἀσπίδι
769 2560 847 2597 κτλ.
910 2558 1134 2611 συντρίβειν
1171 2557 1308 2609 Mein]
1352 2558 1589 2612 συντριβείη.
1626 2580 1674 2584 --
1710 2559 1759 2597 fr.

182 2619 247 2656 77.
283 2620 307 2657 8
342 2630 390 2656 ex
419 2617 650 2656 narratione
681 2631 842 2670 pugnae
874 2619 1064 2658 videntur
1096 2621 1284 2669 excerpta
1315 2631 1412 2658 esse.

943 2736 997 2778 79

460 2802 682 2861 Ἑλληνίς,
716 2806 798 2849 οὐκ
824 2805 988 2864 Ἰβηρίς

300 2892 528 2942 Stephanus
547 2893 643 2944 Byz.
663 2907 701 2943 p.
722 2895 807 2933 324
834 2894 953 2933 Mein.
1011 2890 1193 2946 Ἰβηρίαι·
1220 2891 1298 2933 ἀπὸ
1324 2899 1395 2934 τοῦ
1414 2891 1574 2947 Ἴβηρος
1598 2899 1757 2947 γενικῆς

176 2947 320 3003 Ἰβηρὶς
351 2949 393 2990 τὸ
425 2951 607 3003 θηλυκόν
638 2956 715 2992 κτλ.
779 2951 1024 3006 Μένανδρος
1051 2950 1216 2992 Ἀσπίδι.
