2014 3334
3 169 22 211 {t

0 250 13 259 ,⁴

0 269 17 444 ἓ

0 439 19 570 ξ,

806 221 974 256 ΑΔΗΛΑ
1000 221 1262 257 ΟΠΟΤΕΡΑΣ
1730 219 1817 263 487

361 334 490 374 Schol.
521 333 666 375 Aesch.
697 334 804 374 Pers.
838 335 921 374 933
963 330 1079 374 αὐλοὶ
1109 331 1398 387 Μαριανδυνοὶ
1429 332 1732 386 ἐπιτηδειότατοι
1763 333 1819 382 εἰς

238 391 307 442 τὰς
337 393 582 452 θρηνῳδίας,
613 392 712 436 ὅθεν
743 391 809 435 καὶ
840 392 887 433 τὸ
920 392 1303 448 περιφερόμενον
1328 396 1406 434 κτλ.
1467 394 1701 451 θρηνῳδίαν
1727 394 1817 434 add.

236 453 356 494 Mein.
387 454 447 495 ed.
479 453 574 494 min.
606 467 709 494 xx111
739 467 779 495 n.
811 455 910 506 499,
943 454 1092 494 comico
1125 455 1223 494 haec
1255 454 1448 494 tribuens.

985 595 1073 638 416

1157 654 1378 712 ὀρνιθίων

448 726 596 770 ὀπτῶν
628 732 773 783 φακῆς
803 742 849 770 τε
881 724 955 770 καὶ
979 710 1130 770 ’πισῶν
1162 726 1318 778 αὐταῖς
1347 726 1530 783 χύτραις

351 812 584 866 Athenaeus
619 828 656 875 9,
689 827 774 867 406
786 827 823 866 b.
867 823 1046 879 ὀρνὺθων
1084 839 1124 866 τε
1155 820 1534 881 (περιενεχθεισῶν).
1585 826 1815 865 trimetrum

231 885 462 926 Dindorfius
488 888 720 939 agnoverat.
766 895 770 898 ’

847 1002 947 1046 417.
980 1003 1080 1047 418.
1113 1003 1200 1046 419

446 1085 586 1144 ἀγρὸν
617 1084 708 1143 ἔσχ’
746 1086 909 1130 ἐλάττω
941 1092 1026 1143 γῆν
1059 1084 1201 1143 ἔχοντ’
1240 1085 1472 1142 ἐπιστολῆς

445 1164 718 1215 Λακωνικῆς.

351 1245 596 1297 [Longinus]
629 1246 688 1286 De
713 1247 822 1295 subl.
857 1249 925 1298 38,
958 1248 985 1285 4
1025 1244 1092 1286 καὶ
1122 1244 1169 1285 τὰ
1199 1245 1372 1297 κωμικά,
1403 1245 1531 1286 καίτοι
1561 1242 1596 1299 γ’
1632 1245 1688 1294 εἰς
1719 1244 1810 1286 ἀπι-

229 1305 341 1346 στίαν
371 1304 622 1358 ἐκπίπτοντα,
651 1305 810 1346 πιθανὰ
841 1304 908 1347 διὰ
937 1305 980 1346 τὸ
1015 1308 1171 1360 γελοῖον
1201 1308 1280 1346 κτλ.
1329 1302 1407 1358 ἔσχ’
1443 1304 1607 1356 Portus]
1642 1305 1734 1359 ἕσχα
1766 1307 1808 1346 Ρ.

229 1362 353 1418 ἔχοντ’
388 1363 594 1418 ἐπιστολῆς
621 1368 865 1419 Λακωνικῆς
890 1366 1082 1407 Valeken.
1133 1366 1331 1406 Theocrit.
1363 1366 1491 1406 Adon.
1523 1380 1560 1416 p.
1582 1365 1687 1416 256]
1721 1364 1810 1419 ἔχον

228 1424 303 1479 γὰρ
334 1428 484 1478 στολῆς.
535 1424 619 1478 ἔσχε
655 1425 731 1479 γὰρ
769 1424 910 1466 ἐλάττω
947 1431 1025 1481 γῆν
1063 1426 1257 1478 σκυτάλης
1291 1428 1344 1466 Λ.
1376 1425 1516 1466 Faber.
1566 1424 1689 1479 ἀγρὸν
1727 1424 1806 1479 ἔσχ’

228 1484 370 1526 ἐλάττω
398 1482 599 1539 ’πιστολῆς
629 1487 1004 1539 Λακωνικῆς.Το11.
1026 1487 1172 1526 Strabo
1203 1490 1240 1539 1,
1267 1488 1322 1526 36
1356 1485 1434 1526 εἰσί
1461 1500 1563 1533 τινες
1593 1484 1810 1539 ὑπερβολαὶ

227 1543 290 1586 ἐπὶ
321 1542 573 1600 ὑπερβολαῖς,
605 1543 658 1594 ὥς
689 1545 731 1586 τὸ
762 1545 1064 1599 κουφότερον
1096 1542 1224 1587 εἶναι
1254 1548 1433 1597 φελλοῦ
1466 1551 1622 1597 σκιᾶς,
1654 1546 1807 1587 δειλό-

227 1620 364 1659 τερον
408 1603 456 1646 δὲ
500 1604 626 1659 λαγὼ
674 1606 883 1660 Φρυγός,
933 1606 1101 1647 ἐλάττω
1147 1602 1183 1646 δ”
1231 1605 1356 1658 ἔχειν
1398 1611 1487 1660 γῆν
1536 1604 1619 1645 τὸν
1662 1605 1808 1660 ἀγρὸν

227 1663 480 1718 ἐπιστολῆς
514 1669 812 1719 Λακωνικῆς.
874 1680 976 1720 quae
1015 1667 1148 1707 omnia
1179 1680 1227 1706 ex
1268 1667 1429 1707 comicis
1460 1667 1590 1717 poetis
1626 1667 1809 1707 derivata

227 1726 456 1777 suspicassur
475 1727 595 1766 Mein.
621 1748 677 1754 —
704 1740 795 1767 cum
816 1729 901 1768 419
923 1727 1156 1779 Apollodor.
1175 1740 1273 1767 com.
1296 1728 1320 1766 6
1355 1727 1528 1767 contulit
1546 1726 1595 1766 H.
1616 1727 1752 1767 Iaoobi
1774 1727 1807 1765 V

227 1798 404 1834 cccxnu.
437 1787 486 1826 ef.
505 1787 691 1826 Leutsch.
713 1787 855 1838 Apost.
883 1790 923 1839 9,
951 1789 1005 1828 97
1016 1801 1050 1827 a.
1100 1787 1240 1827 Horat.
1260 1786 1302 1826 O.
1325 1789 1362 1839 3,
1384 1789 1423 1838 9,
1445 1788 1498 1826 22
1521 1787 1641 1826 levior
1660 1789 1807 1827 cortice.

966 1929 1055 1972 420

1015 2011 1110 2055 ἀλλ’
1146 2010 1335 2067 ὡσπερεὶ

441 2082 558 2139 ἥρως
590 2082 639 2126 ἐν
671 2081 824 2126 ἀσπίδι
859 2082 1026 2136 ξενίσαι
1059 2095 1107 2127 σε
1139 2083 1369 2139 βούλομαι.

345 2182 543 2222 Zenobius
578 2184 616 2234 1,
649 2184 702 2222 64
743 2178 931 2236 (ὥσπερ)·
978 2180 1041 2222 ἐπὶ
1078 2181 1229 2222 τούτων
1267 2181 1435 2233 εἴρηται,
1479 2182 1519 2221 οἳ
1555 2184 1635 2229 τοῖς
1673 2180 1807 2222 αὑτῶν

228 2240 356 2296 ἔργοις
386 2239 413 2294 ἢ
438 2239 588 2295 τέχναις
614 2241 807 2294 χρώμενοι
831 2241 924 2291 τοὺς
943 2243 1086 2294 φίλους
1111 2242 1393 2296 εὐεργετοῦσιν,
1424 2240 1601 2295 παρόσον
1622 2242 1663 2281 οἵ
1680 2241 1807 2295 ἥρωες

225 2300 267 2342 τὸ
288 2300 458 2342 παλαιὸν
478 2300 637 2343 ἔνοπλοι
657 2299 766 2351 ὄντες
785 2301 1011 2351 ἐξενίζοντο.
1046 2303 1239 2342 indicavit
1261 2302 1429 2342 Meinek.
1454 2302 1596 2342 Philol.
1617 2303 1687 2340 XV
1705 2304 1804 2343 5392

972 2443 1056 2486 421

441 2525 526 2581 ἐγὼ
557 2524 640 2583 μὲν
669 2526 900 2583 ἠρίστησα,
932 2526 989 2582 νὴ
1021 2525 1105 2581 τὴν
1124 2525 1346 2582 Ἄρτεμιν,

441 2596 544 2654 μάλ’
579 2596 732 2654 ἡδέως.

346 2684 520 2724 Hierocl.
551 2688 592 2725 ef,
627 2685 804 2736 Philagr.
836 2685 1031 2737 Philogel.
1071 2686 1155 2724 226
1199 2683 1407 2737 λιμόξηρος
1450 2684 1660 2741 κωμῳδίας
1704 2683 1803 2726 ὑπο-

227 2742 360 2796 κριτὴς
402 2743 472 2784 τὸν
514 2742 771 2798 ἀγωνοθέτην
813 2743 889 2798 πρὸ
933 2750 1003 2785 τοῦ
1048 2744 1239 2784 εἰσελθεῖν
1283 2742 1443 2796 ἄριστον
1486 2742 1579 2800 ᾔτει.
1646 2750 1717 2785 τοῦ
1761 2743 1805 2786 δὲ

227 2803 502 2855 ἐπιζητοῦντος
540 2803 606 2844 διὰ
642 2805 680 2844 τί
714 2809 1000 2857 προαριστῆσαι
1030 2802 1159 2855 θέλει,
1192 2799 1282 2844 ‘zaza'
1319 2803 1397 2856 ἔφη
1433 2801 1501 2855 “μὴ
1529 2803 1804 2857 ἐπιορκοῦντες

226 2862 416 2965 gyrante}
460 2861 650 2917 ἠρίστησα
693 2860 786 2904 κτλ.’
828 2886 878 2892 -
920 2863 1115 2916 ἐπιορκῶν
1160 2862 1274 2917 λέγω·
1319 2862 1393 2917 ἐγὼ
1433 2862 1510 2915 ’μὲν
1553 2862 1615 2917 ἧρ.
1666 2866 1803 2905 Cobet.
