2014 3334
278 202 365 245 230
584 230 587 235 s
920 200 1220 236 MENANAPOT

396 314 636 353 Eustathius
672 314 798 362 1647,
831 314 886 352 58
932 327 980 353 ex
1010 313 1127 352 Aelio
1159 313 1352 366 Dionysio
1384 312 1611 366 άκέστριαν,
1642 314 1718 355 οὐκ
1749 313 1854 367 ήπή-

276 390 399 428 τριαν.
462 371 706 425 Μένανδρος
738 371 964 421 ἐξακεῖσθαι
997 395 1048 399 --
1085 373 1260 424 δίκτυον,
1290 372 1356 413 καὶ
1387 373 1440 425 ίμ.
1470 377 1547 414 κτλ.
1609 388 1644 415 v.
1681 377 1702 415 1
1736 376 1853 415 inifiio

277 449 359 474 una
402 434 560 485 syllaba
599 434 724 473 deest.
805 434 842 472 2.
881 432 1066 486 διερράγη
1103 447 1156 489 τῳ
1192 432 1422 485 θοίμάτιον·
1462 432 1674 485 ἄκούμεθα
1713 433 1853 475 Cobess.

278 496 422 534 Mnem.
442 507 532 534 nov.
552 493 614 532 III
637 494 720 532 382
755 494 856 532 conl.
878 493 1037 533 Terent.
1058 493 1228 544 Adelph.
1252 495 1291 544 1,
1325 496 1362 544 2,
1394 496 1451 534 40
1483 495 1638 534 discidit
1664 494 1670 543 Ι
1696 495 1856 535 veste‘m:

278 554 522 594 resarciatur.
602 553 739 603 itaque
783 567 820 593 v.
861 554 885 592 2
934 553 984 592 ad
1027 552 1223 603 Adelphos
1270 553 1432 595 videssur
1479 553 1855 605 pe1tinere.3ga-

279 617 438 654 κεῖσθαι
469 615 510 653 et
541 611 752 665 ἀκούμεθα
782 614 922 652 futura
954 615 1058 654 sunt.

1029 754 1117 798 865

401 843 644 882 Plutarchus
682 842 782 882 Mor.
816 843 934 882 66(ss
969 841 1011 881 οἵ
1037 839 1205 893 κωμικοὶ
1235 841 1328 889 τοὺς
1357 844 1579 889 πολυτελῶς
1596 872 1604 881 .
1626 871 1634 881 .
1655 874 1663 881 .
1681 847 1857 895 γαμοῦν-

280 918 348 951 τας
379 898 600 957 (λέγουσιν)
633 899 686 949 ὡς
718 900 767 941 οὐ
804 902 976 954 βεβαίως
1007 899 1102 942 οὐδὲ
1139 899 1369 954 θαρραλέως
1405 900 1762 941 ἐπισυνάπτουσιν·
1805 899 1860 950 ὡς

282 961 525 1015 Μένανδρος
567 960 666 1014 πρὸς
709 960 778 1001 τὸν
821 962 1031 1002 κελεύοντα
1073 965 1158 1010 ταῖς
1200 961 1343 1002 λοπάσι
1378 961 1654 1014 περιφράττειν
1677 993 1686 1002 .
1715 993 1723 1001 .
1748 976 1860 1002 ωπον

283 1024 453 1070 δεινῶς
485 1021 540 1062 οὐ
565 1027 757 1075 πρᾶγμα
788 1021 982 1074 νύμφης
1013 1019 1173 1075 λέγεις.
1224 1035 1325 1073 quae
1346 1035 1470 1072 supra
1489 1022 1652 1061 modum
1671 1024 1861 1073 corrupta

283 1085 388 1122 sunt.
446 1080 579 1122 δεινὸν
617 1081 666 1121 σὺ
703 1087 865 1135 πρᾶγμα
907 1112 917 1122 .
951 1114 958 1121 .
1002 1087 1071 1134 τῆς
1101 1081 1266 1134 νύμφης
1298 1079 1421 1135 λέγεις
1452 1081 1642 1133 Scaliger.
1697 1081 1861 1135 φράγμα

282 1144 518 1182 Buttmann.
569 1140 702 1182 δεινόν
732 1157 775 1195 γε
807 1141 856 1181 σὺ
887 1141 1141 1195 περίφραγμα
1171 1142 1378 1182 Herwerd.
1408 1142 1553 1182 Mnem.
1584 1155 1674 1182 nov.
1702 1142 1760 1181 VI
1793 1144 1861 1183 79.

1034 1282 1120 1325 866

573 1400 582 1410 .
643 1364 702 1409 ἵν’
740 1366 821 1423 οὐχ
853 1366 972 1425 αὐτῷ
1003 1366 1309 1424 παρετράφην,
1342 1366 1453 1410 ἀλλὰ
1485 1368 1568 1410 σοί.

406 1466 635 1505 Priscianus
665 1467 732 1518 18,
755 1468 837 1505 177
871 1463 1013 1505 ἑαυτὸν
1036 1467 1201 1516 proprie
1231 1468 1382 1516 quidem
1414 1469 1547 1507 tertiae
1578 1470 1631 1506 est
1658 1478 1863 1518 personae,

286 1528 482 1567 invenitur
513 1530 642 1565 tamen
673 1529 707 1565 et
735 1527 893 1575 primae
924 1529 959 1565 et
987 1527 1178 1566 secundae
1212 1528 1449 1566 adiunctum.
1512 1524 1755 1578 Μένανδρος
1785 1529 1863 1566 κτλ.

287 1584 483 1626 τουτέστιν
515 1584 591 1625 οὐκ
621 1584 788 1641 ἐμαυτῷ.
862 1583 988 1642 ἑαυτῷ
1026 1579 1358 1640 O(O).A1Tu›1
1383 1587 1430 1625 R.
1488 1584 1614 1642 ἑαυτῷ
1641 1582 1712 1639 ’γὼ
1744 1586 1862 1625 Mein.

289 1647 348 1686 ed.
369 1646 461 1685 mai.
481 1648 805 1682 ΓΑΡΕΤΡΑΦΗΝ
831 1645 956 1684 VRM.
1005 1643 1331 1699 παρατρέφεσθαι
1359 1647 1564 1686 Demosth.
1587 1648 1654 1697 19,
1689 1648 1786 1686 200.
1805 1668 1863 1672 -

288 1719 369 1746 non
399 1706 604 1757 intellego.

1033 1786 1118 1829 867

507 1905 516 1913 .
577 1903 587 1913 .
648 1871 951 1927 παραιτοῦμαί
979 1881 1026 1913 σε
1060 1870 1330 1927 συγγνώμην
1362 1871 1489 1926 ἔχειν.

410 1958 638 2009 Etymolog.
672 1972 722 1996 m.
757 1959 855 2008 652,
888 1959 942 1996 22
977 1959 1019 1996 et
1050 1958 1225 1997 Zonaras
1256 1973 1294 2009 p.
1328 1959 1439 1998 1521
1474 1960 1752 2011 παραιτεῖσθαι
1784 1986 1794 1996 .
1820 1986 1830 1996 .
1855 1986 1866 1996 .

293 2016 354 2057 ἐπὶ
385 2023 455 2058 τοῦ
487 2017 623 2069 αἰτεῖν,
648 2015 702 2065 ὡς
732 2015 840 2070 παρὰ
872 2016 1103 2073 Μενάνδρῳ
1134 2020 1212 2057 κτλ.

1041 2158 1126 2201 868

580 2275 590 2284 .
652 2242 938 2298 προποιήσεις
971 2241 1152 2284 ἀστικὸν
1183 2242 1349 2284 σαυτὸν
1381 2241 1527 2284 πάλιν.

413 2329 587 2368 Bekker.
618 2328 768 2367 Anecd.
801 2329 901 2373 454,
936 2330 959 2367 7
1000 2326 1150 2375 ἀστεῖος
1180 2326 1246 2367 καὶ
1278 2325 1453 2378 ἀστικός,
1491 2327 1638 2375 διττῶς.
1700 2325 1868 2367 Μέναν-

296 2390 390 2441 δρος
426 2391 504 2428 κτλ.
596 2385 840 2439 Μένανδρος
871 2384 984 2443 ’Ήρῳ
1028 2386 1205 2439 ποιήσεις
1241 2390 1318 2427 κτλ.
1358 2387 1537 2438 Toupius
1576 2388 1686 2427 Suid.
1717 2388 1780 2427 III
1814 2390 1866 2427 18

296 2450 355 2489 ed.
394 2449 502 2499 Lips.
563 2447 704 2500 πάτερ,
746 2445 923 2498 ποιήσεις
966 2447 1086 2486 Mein.
1126 2449 1147 2486 1
1181 2461 1221 2498 p.
1254 2448 1352 2487 577.
1409 2448 1583 2502 Δ1“ο1·ΐῑε1.εεθ
1626 2447 1769 2501 πάτερ,
1812 2446 1868 2487 οὐ

295 2508 473 2560 ποιήσεις
502 2529 561 2535 —-
591 2506 730 2556 πάλιν;

972 2647 983 2654 .
1038 2612 1123 2655 869
1185 2611 1190 2614 ’

511 2700 664 2739 πυθοῦ
694 2694 796 2753 παρ’
834 2695 969 2751 αὐτῆς
1000 2695 1073 2738 διὰ
1104 2690 1187 2737 τίν’
1223 2695 1369 2737 αἰτίαν
1430 2728 1439 2738 .
1503 2729 1512 2738 .

417 2784 588 2823 Bekker.
607 2783 758 2822 Anecd.
779 2785 878 2834 871,
906 2785 929 2822 7
962 2780 1005 2822 τὸ
1037 2779 1080 2821 δὲ
1110 2780 1320 2821 πευστικὸν
1351 2782 1618 2835 μακρηγορίας
1649 2782 1771 2821 δεῖται
1800 2779 1868 2821 καὶ

301 2842 365 2882 διὰ
397 2846 553 2883 πολλῶν
584 2841 818 2896 ἀπολογίας,
856 2839 910 2890 ὡς
939 2840 1005 2882 καὶ
1035 2840 1144 2895 παρὰ
1182 2843 1236 2897 τῷ
1268 2841 1498 2898 Μενάνδρῳ
1529 2840 1760 2895 εὑρίσκομεν
1790 2844 1868 2880 κτλ.

301 2900 388 2955 ἀντὶ
418 2908 488 2942 τοῦ
521 2901 718 2955 ἐρωτήσας
735 2900 936 2943 ’ἅκουσον.

2006 320 2014 423 ἔ

2008 425 2014 487 i
