2014 3334
267 277 353 319 340
634 271 637 275 ’
875 275 1225 311 noznmmnor

384 389 615 427 Athenaeus
647 389 686 439 3,
719 388 804 426 87f
843 386 886 427 οἵ
911 387 1094 440 τράχηλοι
1132 393 1210 426 τῶν
1240 393 1475 440 πορφυρῶνκ
1497 386 1704 427 εὐθετοῦσι
1734 383 1833 438 πρὸς

266 448 333 496 τὰς
352 453 430 487 τῶν
450 446 653 498 στομάχων
673 443 883 494 διαθέσεις.
934 446 1174 499 μνημονεύει
1198 443 1234 486 δ’
1258 445 1388 487 αὐτῶν
1407 446 1660 493 Ποσίδιππος
1680 439 1756 500 (sie
1774 439 1832 499 A)

266 507 308 547 ἐν
345 506 539 559 Λοκρίσιν
582 505 707 553 οὕτως
743 508 821 545 κτλ.
889 507 1058 546 Photius
1101 506 1299 559 τράχηλον
1343 512 1420 545 τῶν
1464 504 1694 546 θαλασσίων
1735 517 1830 558 πορ-

267 572 419 619 φυρῶν.
476 565 600 613 οὕτως
642 565 904 613 Ποσίὸιππος.
960 566 1094 617 Etym.
1132 580 1184 604 m.
1219 567 1319 617 764,
1359 568 1413 606 47
1459 564 1502 605 έν
1545 567 1597 621 τῷ
1641 563 1833 620 ῥητορικῷ

266 627 400 681 λεξικῷ
420 625 612 678 τράχηλον
631 620 749 677 εὗρον
769 625 974 676 σημαίνειν
993 630 1071 664 τῶν
1089 625 1320 681 θαλασσίων
1338 624 1559 677 πορφύρων
1579 619 1690 679 (sic).
1730 622 1832 663 οὕτω

265 686 528 732 Ποσίδιππος.
569 706 619 712 -
668 688 704 723 1.
735 687 828 734 post
857 685 1057 736 περαίνειν
1087 685 1335 735 interpunxit
1364 684 1567 725 Herwerd.
1601 683 1716 723 Stud.
1746 683 1834 722 erit.

268 748 336 786 92.
357 748 394 785 3.
461 741 629 798 ἐγχέλεια
666 742 846 795 Porson.]
887 742 1036 797 έγχέλια
1067 744 1114 784 A.
1201 747 1239 784 3.
1280 743 1398 791 πίνας
1428 743 1482 795 Α]
1527 743 1681 790 πίννας.
1711 740 1832 794 μύας]

266 810 355 857 μῦς
386 805 435 843 Κ.

388 860 563 914 ‘tempus
600 865 662 903 est
696 863 830 903 verbis
867 863 966 902 meis
1003 863 1122 903 finem
1152 863 1359 914 inponere:
1393 858 1509 915 (emi)
1542 859 1710 916 ἐγχέλεια
1739 857 1832 900 κτλ.’

269 926 308 963 2.
340 923 485 963 Athen.
520 925 560 973 3,
593 924 678 962 87e
723 921 773 961 αἵ
811 921 990 974 μήκωνες
1022 918 1119 977 (τῶν
1155 918 1358 976 κηρύκων)
1401 921 1499 975 πρὸς
1542 919 1613 974 μὲν
1652 919 1720 968 τὰς
1756 926 1834 960 τῶν

266 982 469 1035 στομάχων
499 980 678 1029 εὐτονίας
708 980 784 1022 οὐκ
820 981 1048 1033 εὐθετοῦσι,
1084 980 1183 1035 πρὸς
1221 979 1263 1021 δὲ
1302 979 1375 1032 τὴν
1417 986 1485 1033 τῆς
1527 980 1676 1028 κοιλίας
1712 977 1834 1020 ἀσθέ-

265 1057 376 1082 νειαν
426 1040 614 1094 χρήσιμοι.
678 1044 719 1081 et
766 1044 804 1092 7,
836 1042 956 1081 316d
1005 1039 1026 1081 ὁ
1063 1041 1201 1093 μήκων
1246 1037 1340 1095 (τοῦ
1382 1036 1664 1093 πουλύποδος)
1713 1043 1835 1080 κεῖται

265 1101 399 1141 ἐπάνω
430 1106 499 1153 τῆς
531 1100 680 1148 κοιλίας
712 1098 833 1140 οἱονεὶ
863 1100 1009 1148 κύστις.
1071 1103 1109 1141 3.
1141 1101 1353 1141 Herodian.
1382 1101 1401 1139 I
1434 1102 1532 1151 256,
1565 1103 1589 1140 6
1621 1098 1669 1139 τὰ
1699 1099 1754 1147 εἰς
1784 1098 1838 1138 ἷᾶ

266 1161 481 1213 δισύλλαβα
519 1159 748 1214 βαρύνεται,
785 1161 885 1199 πῖνοὶ
919 1159 985 1216 ἐπὶ,
1020 1165 1091 1200 τοῦ
1122 1158 1282 1213 ὀστρέου
1319 1163 1397 1200 κτλ.
1436 1161 1477 1199 II
1509 1161 1607 1210 455,
1640 1160 1664 1199 5
1703 1157 1751 1198 τὰ
1780 1157 1836 1206 εἰς

266 1221 333 1259 tw
362 1217 645 1272 ἀποστρέφεται
675 1218 748 1270 τὴν
779 1219 814 1258 {Z
846 1220 1072 1273 δίφθογγον
1103 1249 1113 1260 .
1128 1250 1161 1259 ..
1192 1223 1290 1259 πῖνα
1322 1218 1385 1259 ἐπὶ
1414 1224 1485 1259 τοῦ
1515 1217 1737 1259 θαλασσίου
1769 1216 1836 1258 διὰ

264 1285 335 1320 τοῦ
355 1291 381 1319 ῖ.
431 1281 478 1319 ef.
500 1281 598 1330 570,
621 1282 657 1318 1.
706 1278 921 1332 τραχήλους
950 1293 1030 1319 non
1055 1280 1264 1330 proprium
1288 1280 1457 1330 piscium
1484 1291 1610 1331 genus
1641 1291 1739 1330 esse,
1764 1278 1835 1318 sed

267 1341 362 1391 quia
398 1353 469 1390 per
507 1352 549 1378 se
591 1341 858 1390 coquerentur
901 1339 1067 1379 seorsim
1109 1340 1334 1379 nominasse
1380 1339 1639 1390 Posidippum
1681 1338 1836 1378 monuit

266 1400 432 1438 Salmas.
463 1398 601 1438 Exere.
634 1399 734 1438 Plin.
769 1400 865 1438 792.
916 1399 963 1438 ef.
997 1398 1205 1438 Archedie.
1239 1401 1276 1448 3,
1308 1400 1335 1438 4
1380 1401 1420 1437 et
1457 1411 1559 1449 quae
1601 1398 1652 1438 ad
1690 1397 1836 1437 Eubul.

268 1460 336 1509 66,
369 1460 394 1497 3
428 1459 682 1498 adnotantur.

841 1560 1260 1594 ΜΕΤΑΦΕΡΟΜΕΝΟῙ

384 1637 460 1676 Vel
492 1634 848 1688 Μεταφερόμενος,
886 1649 963 1686 quo
995 1635 1118 1674 titulo
1161 1636 1376 1685 significari
1407 1637 1543 1686 potest
1573 1636 1833 1686 philosophus
1892 1670 1895 1674 .

266 1700 313 1736 ut
338 1697 555 1747 Dionysius
587 1692 912 1746 ὁΜεταθέμενος
943 1691 1107 1747 (Athen.
1131 1698 1168 1746 7,
1203 1697 1284 1734 281
1326 1696 1362 1734 d.
1398 1697 1464 1745 10,
1496 1696 1624 1735 437e.
1655 1696 1769 1746 Diog.
1790 1695 1835 1733 L.

270 1760 309 1807 7,
342 1752 417 1810 23)
456 1756 506 1795 ab
547 1756 675 1794 altera
712 1755 923 1805 disciplina
959 1755 1010 1793 ad
1047 1755 1217 1793 alteram
1257 1755 1467 1794 transiens.
1517 1755 1574 1793 sie
1605 1752 1835 1807 μεταφέρειν

268 1816 461 1856 Xenareh.
496 1818 533 1866 7,
567 1817 604 1854 2.
655 1815 719 1854 eui
751 1814 1034 1866 significationi
1066 1814 1216 1864 optime
1246 1815 1431 1854 convenit
1461 1815 1508 1853 fr.
1543 1815 1610 1854 15.

1022 1941 1078 1985 15

985 2020 1088 2067 ὥστ’
1123 2023 1171 2068 ἐν
1201 2023 1384 2082 ἡμέραις
1415 2023 1521 2068 δέκα

553 2093 666 2140 εἶναι
698 2097 846 2139 δοκεῖν
879 2098 1090 2151 Ζήνωνος
1121 2095 1473 2153 ἐγκρατέστερον.

387 2185 585 2236 Diogenes
611 2184 742 2222 Laert.
775 2185 811 2228 7,
838 2185 891 2221 27
927 2178 1112 2236 (Ζήνων)
1139 2181 1209 2222 καὶ
1240 2182 1295 2230 εἰς
1325 2159 1540 2235 παροιμίαν
1572 2180 1709 2234 σχεδὸν
1741 2180 1832 2234 ἐχώ-

269 2254 404 2297 ρησεν·
437 2242 583 2297 ἐλέγετο
607 2248 707 2295 γοῦν
731 2238 792 2281 ἐπ’
822 2240 928 2297 αὐτῷ
947 2238 1035 2281 ‘tofi
1061 2241 1285 2292 φιλοσόφου
1307 2241 1496 2293 Ζήνωνος
1521 2238 1830 2294 ἐγκρατέστερος.’

269 2303 366 2343 ἀλλὰ
396 2302 462 2343 καὶ
497 2303 763 2348 Ποσείδιππος
795 2299 1146 2354 Μεταφερομένοις
1176 2304 1253 2341 κτλ.

1023 2442 1078 2484 16

552 2503 721 2557 κυβίων

388 2588 626 2640 μνημονεύει
657 2586 908 2634 Ποσίδιππος
947 2582 1023 2640 (sic
1048 2581 1104 2640 A)
1145 2584 1187 2625 ἐν
1219 2584 1554 2642 Μεταφερομένῳ.
1603 2587 1834 2627 Athenaeus

272 2651 308 2697 3,
346 2650 471 2688 1181).
521 2649 569 2687 of.
600 2647 755 2686 Alexid.
785 2648 851 2697 15,
885 2649 922 2686 9.
1177 2645 1183 2649 ’

1024 2750 1047 2792 1
1055 2751 1078 2792 7

554 2810 758 2866 Κύπριον
799 2865 802 2868 ἦ

388 2895 430 2935 τὸ
449 2896 618 2949 τάριχον.
661 2895 912 2943 Ποσίδιππος
931 2890 1007 2950 (sie
1026 2895 1110 2935 eod.
1130 2895 1350 2935 cf.Bekker.
1363 2896 1451 2937 adn.
1481 2895 1532 2934 ad
1554 2896 1620 2946 93,
1643 2889 1716 2948 19)
1743 2895 1832 2934 Με-

271 2954 560 3008 ταφερομένοις.
611 2957 781 2995 Bekker.
814 2956 962 2994 Aneed.
997 2956 1093 3008 102,
1125 2957 1193 2995 32.
1250 2955 1437 3005 Cyprimn
1478 2956 1753 2995 salsamentum
1793 2957 1833 2992 et
