2014 3334
532 221 897 255 KATAAOPAAHN
923 222 1443 257 ΜΕΊῈΣΧΗΜΑΤῙΣΜΕΝΑ
1684 222 1772 264 665

199 330 452 384 διακριδὸν
489 328 527 372 δ’
567 329 841 385 ἠσκημένης
882 331 1031 385 κόμης
1075 331 1318 385 ἐπιμέλεια
1362 329 1416 388 (κ.
1455 334 1582 387 διακρ.
1618 330 1651 374 τ’
1686 331 1771 374 ἐπι-

199 387 318 444 μέλει’
363 386 472 447 ἠσκ.)
499 388 506 443 Ι
534 421 544 432 .
618 391 835 446 ,γλυκὺς
877 390 1023 441 ὀδοὺς
1054 391 1075 433 6
1106 399 1189 433 τοῦ
1231 393 1392 434 πόθου
1437 394 1604 434 δάκνει
1634 425 1644 434 .
1675 424 1687 434 .
1718 424 1728 434 .
1763 389 1768 447 Ι

199 449 359 505 ἱλαραὶ
394 449 479 504 μὲν
516 448 625 503 (add.
663 447 728 507 at)
765 458 856 492 τῶν
893 450 1115 505 ὀμμάτων
1159 449 1268 507 (add.
1308 449 1453 508 αὐτοῦ)
1491 451 1631 506 βολαὶ
1659 453 1665 503 Ι
1691 468 1771 493 τα-

199 516 344 564 κερῶς
386 509 759 566 ἀνυγραίνοντο,
802 510 887 564 τὴν
933 511 1103 564 φωνὴν
1146 511 1183 552 δ’
1231 513 1340 565 ἴσην
1379 513 1385 563 Ι
1425 519 1477 569 τῇ
1517 513 1630 568 (add.
1675 512 1771 568 τοῦ)

199 570 466 624 Λυκάμβου
497 570 703 626 θυγατρὶ
733 571 874 613 λεπτὸν
905 571 1130 625 ἀφηδύνων
1161 576 1239 614 κτλ.

928 690 1040 733 1497

318 773 555 827 [Lucianus]
583 775 720 816 Amor.
749 779 798 816 11
829 774 978 829 ἠρέμα
1006 772 1011 830 Ι
1042 782 1089 832 τῇ
1115 793 1171 833 γη
1197 775 1599 830 προσηνέχθημεν
1625 777 1772 830 αὐτῆς

199 829 308 887 οἶμαι
344 840 426 888 τῆς
461 839 580 875 θεοῦ
608 834 614 885 Ι
642 838 818 892 λιπαρᾷ
854 835 1037 892 γαληνῃ
1074 837 1477 889 πομποστολούσης
1516 832 1690 893 (ναυστ.)
1722 836 1771 878 τὸ

199 893 391 946 σκάφος.
421 891 428 943 Ι
458 897 510 935 12
538 894 608 935 καί
641 909 726 944 πως
762 894 889 944 εὐθὺς
927 877 1118 951 (fortasse
1155 897 1226 937 καί
1253 910 1291 936 π.
1325 893 1484 952 αὐτίκα)
1513 896 1520 948 Ι
1547 894 1661 950 ημῖν
1693 895 1768 937 ἀπ’
1791 922 1793 924 ν

199 953 346 995 αὐτοῦ
377 960 461 995 τοῦ
493 953 719 1007 τεμένους
750 954 1031 1009 ἀφροδίσιοι
1064 954 1070 1009 Ι
1102 954 1470 1009 προσέπνευσαν
1501 952 1645 1010 αὖραι
1675 990 1683 998 .
1717 988 1728 998 .
1761 990 1768 998 .

199 1010 431 1069 (δένδρα)
417 1014 443 1055 οὶ
473 1018 574 1063 ταῖς
616 1014 869 1067 κόμαις..
899 1015 1059 1070 πόρρω
1102 1016 1313 1070 βρύοντα
1356 1016 1437 1057 τὸν
1479 1015 1614 1070 πέριξ
1657 1016 1772 1117 ἀέρα
1851 1021 1856 1026 ’

199 1074 520 1126 συνωρόφουν
565 1070 615 1128 (τ.
639 1074 825 1127 κόμαισιν
861 1074 958 1129 ἀέρα
998 1075 1004 1126 Ι
1037 1090 1078 1116 π.
1109 1078 1171 1129 βρ.
1214 1075 1282 1116 τὸν
1323 1075 1406 1132 πέρ.
1451 1073 1688 1131 συνωρ..)Ι

197 1133 350 1182 τούτοις
387 1131 425 1174 δ’
459 1132 692 1187 ἀνεμέμικτο
735 1134 802 1175 καὶ
845 1135 892 1176 τὰ
930 1132 1047 1191 (scr.
1073 1138 1215 1189 utique
1253 1133 1382 1191 φυτὰ)
1416 1135 1422 1189 Ι
1455 1142 1651 1189 καρπῶν
1689 1109 1772 1189 μὲν

198 1191 348 1242 άλλως
384 1209 555 1248 αγονα,
591 1194 677 1246 τὴν
709 1192 747 1235 δ’
781 1195 1052 1248 εὐμορφίαν
1085 1194 1092 1248 Ι
1125 1195 1292 1250 ἔχοντα
1334 1196 1539 1249 καρπόν,
1582 1197 1770 1249 κυπαρίτ-

197 1268 278 1294 των
313 1269 356 1308 ys
392 1253 459 1294 καὶ
495 1255 766 1295 πλατανίστων
809 1254 1004 1309 αἰθέρια
1047 1255 1170 1309 μήκη
1208 1271 1287 1296 και
1323 1255 1412 1296 σὺν
1449 1255 1617 1304 αὐταῖς
1655 1255 1771 1297 αὐτό-

199 1316 319 1366 μολος
345 1311 583 1366 Ἀφροδίτης
613 1311 639 1366 ἡ
670 1320 741 1368 τῆς
771 1319 873 1356 θεοῦ
903 1315 1026 1356 πάλαι
1056 1315 1189 1370 φυγὰς
1220 1316 1383 1368 Δάφνη.
1432 1317 1554 1356 παντί
1580 1332 1623 1370 γε
1655 1315 1736 1368 μὴν
1765 1312 1768 1369 Ι

199 1371 379 1430 δένδρῳ
410 1372 731 1428 περιπλέγδην
757 1373 778 1416 6
803 1375 1008 1428 φίλερως
1037 1376 1361 1450 προσείρπυσε
1390 1372 1649 1430 (προσείρπυε
1674 1378 1772 1428 θοὰ,

198 1415 443 1487 adrepserat)
478 1435 484 1482 Ι
517 1433 684 1482 κιττός.
749 1438 801 1476 13
835 1435 938 1475 εἴσω
975 1441 1052 1476 τοῦ
1089 1434 1166 1476 νεὼ
1202 1433 1451 1492 παρῄειμεν
1487 1431 1679 1491 (fortasse
1718 1436 1773 1484 εἰς

197 1491 266 1533 τὸν
296 1491 400 1535 νεὼν
431 1491 643 1549 παρῇμεν).
691 1511 718 1547 η
745 1492 828 1548 μὲν
860 1489 946 1535 οὖν
977 1495 1110 1547 θεός,
1139 1493 1145 1548 Ι
1173 1526 1182 1535 .
1243 1496 1467 1547 ,Παρίοις
1496 1496 1640 1536 λίθου
1667 1497 1771 1536 δαί-

199 1553 350 1605 δαλμα
380 1553 631 1594 κάλλιστον
661 1579 686 1596 υ
710 1584 752 1605 -,
780 1555 822 1604 Ι.
897 1555 1110 1608 ,μικρὸν
1141 1554 1471 1608 ὑπομειδιῶσα
1491 1586 1500 1596 .
1521 1586 1531 1595 .
1551 1585 1560 1595 .
1581 1554 1773 1608 εὐτυχέ-

199 1624 384 1665 στατος,
401 1608 406 1667 Ι
422 1609 520 1666 εἶπε,
539 1618 666 1654 θεῶν
685 1613 707 1655 6
728 1613 806 1655 διὰ
825 1615 1002 1668 ταύτην
1022 1613 1213 1670 (forfiasse
1228 1616 1316 1656 add.
1332 1612 1429 1670 ἔφη)
1450 1613 1772 1670 δεθεὶς”Αρης.

930 1733 1042 1775 1498

319 1815 555 1868 [Lucianus]
588 1817 723 1858 Amor.
753 1819 808 1858 25
842 1816 902 1866 ὡς
944 1818 1047 1859 εἴθε
1074 1834 1132 1872 γε
1169 1817 1247 1859 καὶ
1290 1819 1400 1871 βίου
1437 1818 1620 1893 μακρὰς
1656 1834 1775 1873 προ-

198 1876 401 1929 θεσμίοις
428 1875 435 1926 Ι
462 1873 488 1928 ἡ
520 1876 805 1931 μικρολόγος
847 1876 962 1930 ἡμῖν
1001 1877 1234 1919 ἕπέκλωσε
1271 1881 1436 1932 Μοῖρα
1473 1876 1552 1919 καὶ
1579 1881 1585 1929 Ι
1612 1878 1654 1919 τὸ
1691 1886 1773 1919 πᾶν

199 1952 250 1988 ην
283 1935 509 1988 διηνεκὴς
551 1935 709 1991 ὑγίεια
740 1968 750 1979 .
783 1970 790 1978 .
824 1968 834 1978 .
866 1937 1007 1990 ἕορτην
1050 1937 1136 1992 γὰρ
1180 1937 1237 1979 ἂν
1280 1938 1346 1979 καὶ
1386 1938 1662 2012 πανήγυριν
1693 1939 1773 1980 τὸν

161 1992 170 2001 ’
199 1995 312 2036 ὅλον
342 1995 516 2050 χρόνον
546 1994 725 2051 ήγομεν
757 1993 950 2053 (forizasse
987 1996 1056 2038 τὸν
1088 1998 1181 2039 ὅλον
1211 2014 1286 2052 γαρ
1318 1997 1369 2038 ἂν
1400 1998 1544 2051 χρόνον
1574 1997 1637 2052 η’γ.
1663 1995 1735 2053 π.)
1765 1994 1770 2054 Ι

199 2051 295 2095 ἀλλ’
337 2055 437 2096 επεὶ
472 2062 561 2096 τῶν
597 2056 831 2109 μειζόνων
871 2058 877 2109 Ι
916 2057 1115 2111 ἀγαθῶν
1153 2056 1175 2098 6
1212 2058 1413 2111 βάσκανος
1450 2059 1635 2111 δαίμων
1673 2058 1773 2099 ἑνε-

198 2113 421 2168 μέσησεν,
453 2114 496 2156 ε’ν
526 2131 568 2170 γε
599 2120 680 2165 τοῖς
710 2124 908 2171 παροῦσιν
933 2118 1074 2170 ἥδιστα
1104 2117 1152 2158 τὰ
1182 2116 1437 2170 παρέλκοντα.

850 2235 974 2277 1499.
1010 2234 1125 2278 1500

320 2318 558 2370 [Lucianus]
591 2320 728 2360 Amor.
755 2322 809 2361 41
843 2320 883 2360 τί
910 2321 978 2361 δεῖ
1005 2320 1053 2361 τὰ
1082 2321 1234 2362 τούτων
1264 2322 1534 2375 πλουσιώτερα
1571 2322 1674 2362 κακὰ
1714 2323 1773 2363 δι-

199 2377 360 2427 εξιέναι;
410 2380 580 2427 λίθους
618 2376 941 2434 Ἐρυθραίους
983 2379 1082 2421 κατὰ
1123 2387 1203 2421 τῶν
1246 2382 1378 2434 λοβῶν
1421 2383 1774 2423 πολυτάλαντον

199 2436 498 2491 ἠρτημένους
533 2440 695 2494 βρῖθος
733 2437 923 2495 (fortasse
961 2438 1219 2482 πολυτάλαντ’
1261 2439 1343 2495 ἠρτ.
1373 2438 1379 2496 Ι
1407 2440 1574 2496 βρίθη);
1606 2440 1633 2494 ἢ
1663 2442 1776 2491 τοὺς

199 2496 305 2551 περὶ
347 2502 555 2552 καρποῖς
598 2498 676 2540 καὶ
712 2500 933 2553 βραχίοσι
974 2500 1213 2553 δράκοντας,
1253 2499 1258 2554 Ι
1298 2499 1359 2550 ὥς
1401 2500 1588 2553 ὤφελον
1627 2500 1775 2551 ὅντως

200 2554 392 2612 (fortasse
434 2560 524 2599 add.
566 2558 728 2612 πάντες)
767 2558 873 2600 ἀντὶ
918 2561 1116 2613 χρυσίου
1156 2558 1164 2614 Ι
1204 2561 1464 2614 δράκοντες
1507 2557 1651 2602 εἶναι·
1694 2561 1776 2603 καὶ
1833 2602 1837 2609 ,

201 2617 411 2670 στεφάνη
443 2616 526 2670 μὲν
552 2617 601 2659 ἐν
625 2619 780 2676 κύκλῳ
809 2617 814 2671 Ι
842 2618 915 2671 τὴν
945 2619 1125 2672 κεφαλὴν
1155 2625 1355 2674 περιθεῖ
1374 2621 1533 2669 λίθοις
1559 2617 1774 2677 (λίθοισιν)

196 2673 256 2717 Ἰν
245 2677 420 2726 δικαΐς
449 2678 714 2731 διάστερος,
737 2675 740 2733 Ι
763 2682 985 2728 πολυτελεῖς
1010 2677 1053 2720 δὲ
1083 2686 1174 2720 τῶν
1205 2679 1420 2733 αὐχένων
1449 2681 1497 2731 Ι
1483 2681 1620 2733 όρμοι
1651 2686 1772 2723 καθ-

201 2740 372 2788 εῖνται,
424 2735 561 2809 κάχρι
602 2744 693 2778 τῶν
734 2739 898 2779 ποδῶν
940 2738 1112 2792 ἐσχάτων
1156 2737 1341 2795 (άκρων)
1381 2741 1386 2790 Ι
1429 2740 1722 2794 καταβέβηκεν
1753 2740 1774 2782 6

201 2794 342 2844 άθλιος
385 2796 575 2849 χρυσός,
619 2797 727 2838 άπαν
771 2797 811 2838 εἴ
846 2814 882 2838 τι
925 2804 996 2839 τοῦ
1040 2805 1199 2852 σφυροῦ
1241 2805 1462 2854 γυμνοῦται
1504 2802 1775 2856 περισφίγγων

203 2854 394 2910 (fmtasse
427 2856 570 2909 χρυσὸς
599 2858 842 2910 καταβαίνει,
872 2857 915 2898 τὸ
947 2857 1104 2911 σφυρὸν
1136 2859 1315 2913 σφίγγων
1346 2855 1488 2914 άπαν).

322 2918 377 2956 42
410 2916 481 2965 τίς
508 2911 584 2958 οὖν
608 2915 630 2958 6
655 2916 768 2970 μετὰ
792 2916 878 2970 τὴν
902 2918 1128 2971 τοσαύτην
1153 2917 1344 2974 (fortasse
1370 2920 1426 2968 τίς
1451 2917 1488 2960 δ’
1517 2918 1539 2960 6
1564 2936 1603 2973 μ.
1628 2921 1776 2975 ταύτην
