2014 3334
0 1594 14 1675 ἑ

0 1678 9 1725 ἓ

0 1736 10 1848 g

0 1853 9 1909 ff

775 228 943 263 AAHAA
969 227 1230 263 ono'rEPAz
1483 239 1489 243 ·
1699 225 1784 269 551

211 335 415 380 Κέσκον·
458 338 610 380 λείπει
647 337 689 380 τὸ
727 336 859 380 απνθι.
919 337 1068 394 λέγεται
1106 336 1150 379 δὲ
1186 336 1249 379 ἐπὶ
1292 343 1371 379 τῶν
1414 335 1469 390 μκὴ
1514 336 1788 391 φρονούντων.

212 396 366 448 Κέσκος
395 397 470 454 γὰρ
499 398 613 448 πόλις
644 397 722 439 ἐστὶ
752 404 823 452 τῆς
854 399 1063 450 Πισιδίας,
1094 396 1148 447 ὡς
1179 396 1221 439 δὲ
1253 396 1353 439 ἔνιοι
1382 397 1577 448 Κιλικίας,
1606 393 1701 450 παρ’
1735 395 1790 450 ἣν

212 457 279 512 ῥεῖ
307 457 483 527 ποταμὸς
519 456 647 511 ὄνομα
686 460 812 508 Νοῦς.
861 460 885 500 i.
912 473 944 499 e.
972 459 1153 499 homines
1179 459 1295 498 stulti
1321 458 1488 499 Oescum
1514 458 1625 498 abire
1650 458 1789 499 iuben-

210 521 298 571 tur,
338 520 432 571 quia
471 518 528 558 ibi
569 519 702 559 sanari
742 520 914 570 possint:
960 531 1125 571 prorsus
1174 519 1314 559 eodem
1362 519 1478 559 modo
1529 531 1610 570 quo
1656 518 1790 559 insani

211 578 449 631 Anticyram
473 579 664 619 iubentur
688 580 890 632 navigare.
936 581 1077 619 contra
1102 578 1300 619 zenobius
1324 580 1364 630 4,
1393 580 1446 619 51
1474 575 1631 619 Κέσκον
1650 577 1787 626 οἰκεῖς·

209 637 323 687 πόλις
359 638 604 690 Παμφυλίας
641 636 835 691 ἀνοήτων.
897 637 997 679 ὅθεν
1034 636 1101 678 καὶ
1136 637 1328 691 παροιμία
1358 635 1495 692 γέγονε
1526 635 1682 679 Κέσκον
1713 636 1790 679 οὐκ

211 695 356 750 ἔχουσα
387 696 452 738 ἐπὶ
481 703 560 738 τῶν
586 703 688 739 νοῦν
713 697 768 750 μὴ
794 697 979 751 ἑχόντων,
1005 711 1108 750 quae
1135 711 1226 739 cum
1251 699 1357 737 inter
1382 711 1423 738 se
1448 700 1642 750 pugnent,
1667 698 1787 738 Mein.

210 755 366 798 Κέσκον
397 757 574 799 οἰκοῦσα.
631 759 905 809 Diogenianus
938 759 982 811 5,
1017 760 1071 798 52
1116 760 1157 798 et
1193 757 1377 809 Apostol.
1411 760 1458 808 9,
1493 760 1548 799 70
1592 755 1788 798 Κέσκων

209 812 454 867 (Κεσκέων
477 813 617 871 Mein.)
649 817 804 867 πόλις·
836 817 900 859 ἐπὶ
929 822 1008 859 τῶν
1033 815 1229 870 ἀνοήτων.
1278 816 1321 858 οἱ
1340 816 1415 871 γὰρ
1441 816 1484 858 ἐν
1507 816 1631 874 ’ταύτῃ
1656 831 1786 858 κατοι-

208 882 371 925 κοῦντες
406 882 452 933 τῇ
490 876 602 919 πόλει
645 876 826 919 τοιοῦτοι.
896 874 1048 930 ‘itaque
1086 878 1234 929 triplex
1277 878 1481 929 proverbii
1518 878 1649 918 forma
1687 879 1787 930 erat,

209 933 366 978 Κέσκον
397 936 529 989 οἰκεῖς,
560 936 746 978 Κεσκέων
776 937 904 990 πόλις,
939 937 995 986 εἰς
1025 934 1181 978 Κέσκον
1214 933 1401 993 (ἄπιθιδῖ
1452 937 1571 978 Mein.

957 1066 1043 1110 808

330 1153 500 1192 Bekker.
526 1152 675 1194 Anecd.
703 1155 803 1205 465,
829 1155 854 1192 8
882 1151 1121 1208 αὐτοβοᾷς
1153 1151 1320 1204 όμοιος
1351 1149 1416 1192 ὢν
1446 1152 1562 1209 τῷδε·
1607 1148 1787 1201 Ἀττικῶς

211 1211 320 1252 πάνυ
346 1210 651 1264 συμπέπλεκται·
684 1213 865 1264 σημαίνει
893 1210 935 1252 δὲ
960 1208 1049 1252 οἷον
1075 1210 1192 1261 αυτὸς
1211 1210 1338 1269 ἑαυτῷ
1357 1215 1564 1265 μαρτυρεῖς
1588 1210 1787 1266 κεκραγὼς

209 1271 345 1324 ὅμοιος
370 1267 473 1312 εἶναι
496 1272 606 1329 τῷδε.
657 1273 797 1312 eadem
822 1274 906 1312 fere
927 1272 1070 1312 suidas
1096 1274 1137 1311 et
1155 1254 1340 1324 Apostol.
1360 1274 1400 1324 4,
1420 1274 1491 1312 48.
1523 1272 1664 1312 Zonar.
1687 1274 1785 1313 347.

209 1327 394 1372 ‘emenda
430 1330 549 1380 αὐτὸς
585 1332 703 1389 βοᾷς,
741 1332 849 1386 quod
886 1333 1018 1372 iocose
1050 1332 1224 1372 comicus
1261 1332 1396 1373 nescio
1428 1332 1519 1384 quis
1551 1332 1707 1372 effinxit
1738 1346 1786 1372 ex

208 1392 420 1443 proverbio
446 1390 542 1432 αὐτὸ
567 1393 656 1448 βοᾷ.
660 1388 674 1407 ’
735 1392 863 1432 Cobet
895 1391 942 1431 V.
965 1388 1011 1432 l.2
1038 1393 1136 1432 259.
1164 1395 1231 1432 60.
1284 1392 1382 1449 τῷδε
1407 1405 1487 1432 non
1510 1390 1673 1432 vi'detur
1698 1405 1785 1432 esse

207 1454 362 1503 poetae,
387 1465 460 1503 pro
487 1449 544 1491 ὢν
563 1456 699 1492 autem
724 1452 945 1504 requiritur
969 1446 1084 1503 εἶναι,
1111 1452 1144 1492 si
1171 1465 1265 1492 vera
1290 1455 1352 1492 est
1376 1453 1534 1504 glossae
1560 1453 1785 1504 explicatio.

956 1580 1042 1624 809

327 1667 459 1708 Schol.
497 1667 622 1708 Arist.
661 1668 766 1707 Eccl.
801 1668 885 1707 356
932 1661 1330 1721 (Θρασύβουλος)
1375 1664 1589 1721 ἀντιλέγειν
1634 1664 1784 1719 μέλλων

209 1730 290 1776 τοῖς
321 1727 653 1779 Λακεδαιμονίων
689 1725 875 1779 πρέσβεσι
911 1725 1000 1779 περὶ
1031 1727 1219 1767 σπονδῶν
1250 1725 1509 1778 ἐληλυθόσιν,
1545 1721 1626 1766 εἶτα
1658 1726 1783 1780 δωρο-

208 1786 380 1839 δοκήσας
411 1785 620 1840 ἀχράδας
651 1786 963 1839 προσεποιήσατο
1001 1784 1299 1839 βεβρωκέναι
1335 1785 1414 1826 καὶ
1444 1783 1504 1839 μὴ
1538 1786 1782 1837 δύνασθαι

206 1845 373 1901 λέγειν.
423 1848 521 1886 haec
558 1860 607 1886 ex
643 1847 848 1886 comoedia
885 1847 1022 1898 aliqua
1059 1848 1247 1897 excerpta
1277 1859 1363 1886 esse
1395 1847 1574 1898 adparet.
1626 1847 1785 1887 scilicet

207 1903 349 1959 (schol.
382 1907 486 1946 Eccl.
515 1908 622 1960 355)
655 1904 780 1958 ἐπέχει
815 1904 900 1958 τὴν
936 1904 1137 1960 γαστέρα
1161 1903 1187 1958 ἡ
1214 1904 1354 1958 ἀχράς,
1386 1909 1427 1946 et
1457 1919 1506 1946 os
1543 1920 1702 1959 quoque
1734 1920 1782 1947 ea

211 1966 408 2019 adstringi
438 1964 542 2006 nihil
572 1967 683 2006 aliud
715 1970 778 2006 est
808 1979 929 2018 quam
960 1966 1069 2006 fictio
1099 1966 1298 2006 iocularis.

947 2094 1036 2137 810
1119 2094 1121 2096 ’

324 2181 441 2221 Philo
466 2181 551 2220 Iud.
578 2181 619 2220 ΙΙ
645 2182 730 2220 478
756 2179 951 2233 πάσχουσι
986 2178 1062 2234 γὰρ
1094 2178 1168 2220 οὐκ
1199 2179 1383 2221 ἐλάττονα
1419 2175 1477 2221 ὧν
1516 2179 1776 2234 διατιθέασιν,

203 2240 302 2295 ἅπερ
333 2239 408 2281 οὐκ
439 2240 544 2280 ἴσασι
577 2240 867 2292 παραπαίοντες
898 2240 941 2281 οἱ
959 2239 1028 2280 τὸν
1053 2235 1166 2280 οἶνον
1192 2239 1296 2293 οὐχ,
1321 2238 1374 2289 ὡς
1399 2239 1420 2281 ὅ
1445 2240 1617 2293 κωμικός
1637 2252 1777 2294 φησιν,

204 2299 280 2341 ἐπὶ
316 2303 444 2358 κακῷ
483 2306 574 2340 τῶν
609 2300 814 2352 πλησίον
852 2299 984 2340 αὐτῶν
1023 2297 1174 2355 (Mang.
1211 2297 1327 2355 αὐτὸ)
1364 2300 1511 2353 μόνον,
1548 2299 1665 2341 ἀλλὰ
1697 2300 1780 2341 καὶ

207 2358 283 2400 ἐπὶ
314 2362 373 2418 τῷ
404 2360 511 2417 ἰδίω
541 2360 702 2400 πίνειν
733 2358 1010 2412 ὑπομένοντες.

954 2488 1038 2532 811

323 2573 468 2614 Strabo
502 2576 574 2626 10,
605 2576 690 2615 448
733 2570 801 2627 (οἱ
834 2570 1068 2628 Ἐρετριεῖς)
1111 2576 1169 2630 τῷ
1212 2573 1456 2627 γράμματι
1497 2576 1556 2630 τῷ
1587 2590 1610 2626 ρ
1639 2576 1773 2615 πολλω

205 2632 516 2703 χρησάμενοι,
541 2632 616 2674 οὐκ
640 2632 715 2674 ἐπὶ
739 2632 857 2675 τέλει
882 2632 1008 2686 μόνον
1031 2639 1110 2674 τῶν
1135 2632 1335 2687 ρηματων,
1359 2632 1458 2674 ἀλλὰ
1475 2615 1542 2674 nal
1562 2632 1612 2673 ἐν
1631 2632 1781 2691 μέσω,

137 2746 147 2752 -
205 2687 529 2750 κεκωμωδηνται.

955 2774 1042 2818 812

324 2860 565 2900 Plutarchus
590 2860 690 2900 Mor.
716 2861 834 2900 602b
867 2855 930 2915 (ἐν
961 2855 1143 2917 Σερίφῳ)
1181 2858 1306 2912 φησὶν
1338 2858 1359 2900 ὁ
1390 2859 1562 2912 κωμικὸς
1591 2859 1639 2900 τὰ
1670 2866 1773 2902 σῦκα

208 2922 292 2967 ταῖς
318 2918 557 2971 σφενδόναις
582 2923 818 2974 τρυγᾶσθαι,
848 2918 915 2960 καὶ
939 2919 1069 2960 πάντα
1094 2918 1195 2973 ἔχειν
1222 2919 1326 2960 ὅσων
1353 2920 1418 2960 δεῖ
1442 2918 1515 2972 τὴν
1540 2925 1676 2974 νῆσον.
1728 2922 1779 2962 ad
