2014 3334
294 239 349 280 74
659 219 662 222 ’
831 253 835 255 -
924 241 1220 275 ΜΕΝΑΝΔΡΟΤ

1030 360 1118 402 254

504 442 644 485 ἐδεῖτο
676 447 834 498 χρῆσαι
864 443 944 497 τὴν
977 447 1162 497 σεαυτῆς
1191 441 1417 497 θυγατέρα

504 513 791 567 ἀντάλλαγον.

410 600 578 655 Bekker.
608 599 757 640 Aneod.
790 601 893 650 407,
933 601 986 638 18
1026 601 1067 638 et
1099 599 1241 638 Suidas
1286 597 1544 651 ἀντάλλαγον·
1585 600 1749 637 καλοῦσι
1784 594 1853 636 τὸν

293 657 379 698 ἀντὶ
411 657 542 710 ἑτέρου
574 656 833 711 ἠλλαγμένον·
866 657 953 710 οὐχὶ
983 655 1187 698 ἅνταλλον.
1241 656 1483 708 Μένανδρος
1513 655 1743 712 Κανηφόρῳ
1775 659 1853 696 κτλ.

292 720 340 757 cf.
376 721 441 757 16.
473 741 530 745 -
562 717 682 758 ἐδεῖτο
714 724 852 770 χρῆσαι
883 720 1044 767 roqabat
1074 722 1108 757 te
1136 721 1181 757 ut
1208 721 1383 757 ‘mutuam
1413 719 1538 757 dares.

503 916 526 959 ὃ
560 915 600 958 δ’
637 916 956 973 ἀποκρινεῖται,
988 914 1071 958 κᾶν
1103 915 1187 970 ἐγὼ
1219 914 1394 970 λέγοιμί
1415 924 1497 956 σοι.

409 1004 578 1042 Bekker.
605 1003 753 1041 Anecd.
780 1004 878 1053 429,
914 1004 965 1041 13
1007 1004 1047 1040 et
1079 1001 1221 1040 Suidas
1253 999 1464 1052 ἀπόκριναι
1495 1030 1504 1038 .
1530 996 1575 1039 .⁴.
1613 997 1855 1052 Μένανδρος

291 1061 520 1117 Κανηφόρῳ
552 1064 628 1100 κτλ.
678 1058 717 1111 ὃ]
752 1059 778 1099 ἃ
807 1061 845 1099 Α
876 1061 986 1100 Suid.
1036 1059 1277 1112 Μένανδρος
1309 1073 1385 1099 om.
1404 1060 1441 1098 A
1473 1062 1512 1098 et
1544 1073 1634 1098 cum
1665 1059 1721 1098 eis
1753 1072 1854 1109 quae

291 1123 512 1172 sequuntur
543 1120 572 1159 O
606 1120 712 1159 Suid.

1031 1234 1117 1277 256

501 1323 638 1374 γραῦς
668 1333 733 1367 τις
763 1319 1003 1372 κακολόγος
1035 1316 1083 1359 ἐκ
1115 1318 1245 1359 δυοῖν
1277 1315 1521 1368 Αἰξωνέων

407 1404 575 1443 Bekker.
607 1404 754 1443 Anecd.
789 1405 893 1454 354,
927 1407 946 1442 1
983 1402 1211 1456 βλάσφημοι
1243 1403 1285 1442 οἷ
1312 1403 1502 1451 Αἰξωνεῖς
1533 1407 1854 1455 κατηγοροῦνται.

289 1461 387 1513 φησὶ
417 1461 490 1514 γὰρ
518 1461 538 1502 ὃ
571 1462 739 1513 κωμικός
764 1466 840 1502 κτλ.
896 1463 1190 1513 Harpocration
1216 1464 1260 1511 9,
1289 1465 1310 1501 1
1354 1461 1693 1513 Αἰξωνῆςδῆμος
1724 1464 1855 1514 φυλῆς

288 1527 356 1573 τῆς
386 1522 644 1573 Κεκροπίδος.
717 1522 999 1579 ἐκωμῳδοῦντο
1039 1520 1081 1561 δὲ
1118 1520 1171 1569 ὡς
1214 1522 1461 1574 βλάσφημοι,
1505 1517 1576 1572 ἀφ’
1618 1516 1666 1560 οὗ
1703 1519 1770 1560 καὶ
1812 1520 1853 1560 τὸ

288 1586 417 1628 κακῶς
453 1579 577 1634 λέγειν
615 1582 900 1629 αἰξωνεύεσθαι
942 1581 1086 1635 ἔλεγον.
1148 1579 1439 1633 Μένανδρος
1482 1579 1530 1620 ἐν
1572 1579 1854 1637 Κανηφόρῳ.

289 1642 337 1680 cf.
376 1641 497 1679 etiam
534 1642 716 1691 Apostol.
752 1644 793 1692 1,
827 1644 893 1681 67.
933 1642 1040 1681 Suid.
1074 1640 1379 1691 αἰξωνεύεσθαι,
1418 1640 1620 1691 αἰξωνεία,
1660 1640 1853 1692 Αἰξωνῆς.

290 1700 392 1739 Plat.
419 1701 537 1739 Laeh.
567 1702 649 1739 197
666 1715 696 1740 c.
740 1701 922 1750 Bursian.
953 1701 1094 1752 Geogr.
1127 1714 1183 1752 gr.
1216 1701 1236 1738 I
1270 1701 1366 1739 360.
1402 1702 1437 1739 1.
1474 1702 1581 1739 reete
1613 1712 1773 1739 versum
1803 1701 1853 1739 ab

289 1759 603 1809 Harpocratione
636 1763 838 1800 servatum
870 1762 918 1799 ad
940 1760 1207 1809 Oanephorum
1237 1760 1396 1799 rettulit
1420 1760 1567 1811 Bergk.
1596 1760 1677 1797 Rel.
1710 1772 1741 1798 ο.
1766 1759 1854 1799 Att.

290 1820 395 1857 8411.
460 1815 682 1858 ‘mulierem
718 1821 830 1858 illam
874 1820 1294 1859 maledicentissimam
1333 1819 1430 1858 dicit
1471 1832 1552 1858 non
1591 1819 1762 1857 infacete
1806 1831 1854 1857 ex

288 1880 402 1928 patre
423 1881 540 1929 atque
561 1892 607 1917 ex
627 1882 754 1918 matre
775 1880 1077 1919 Aexonensibus
1104 1882 1232 1918 ortam
1258 1875 1371 1929 esse',
1399 1881 1447 1917 ut
1464 1879 1570 1918 cives
1591 1878 1854 1917 Athenienses

290 1938 327 1976 ei
358 1938 513 1976 demum
549 1942 675 1989 erant,
707 1940 775 1990 qui
806 1952 853 1978 ex
885 1940 1039 1978 duobus
1071 1939 1384 1978 Atheniensibus
1413 1938 1604 1989 prognati
1635 1940 1778 1977 essent.

980 2053 1164 2088 KAPINH

408 2126 464 2166 Cf.
503 2141 603 2178 quae
648 2130 699 2167 ad
740 2129 983 2179 Antiphanis
1028 2128 1217 2169 Carinam
1266 2129 1511 2168 adnotantur
1550 2127 1591 2166 II
1631 2129 1684 2167 56
1728 2130 1770 2167 et
1807 2126 1852 2167 Ο.

291 2185 477 2226 Ribbeck.
509 2186 618 2227 Gom.
650 2189 694 2227 R.
726 2183 793 2226 fr.2
825 2190 892 2228 53.
1894 2187 1902 2202 '

1028 2292 1113 2334 257

1000 2372 1034 2417 ὦ
1066 2376 1246 2430 μεγίστη
1277 2381 1366 2417 τῶν
1395 2378 1519 2416 θεῶν

501 2451 585 2486 νῦν
618 2441 714 2487 οὗσ’
751 2443 955 2500 ἀναίδει’,
989 2446 1030 2487 ει’
1058 2446 1169 2488 θεὸν
1200 2448 1352 2487 καλεῖν
1384 2455 1431 2487 σε
1465 2445 1544 2487 δεῖ.

501 2516 572 2557 δεῖ
600 2515 665 2558 δέ·
703 2517 752 2558 τὸ
785 2522 978 2573 κρατοῦν
1008 2517 1092 2573 γὰρ
1123 2522 1209 2558 νῦν
1239 2518 1459 2572 νομίζεται
1489 2517 1606 2567 θεός.

501 2585 571 2642 ἐφ’
609 2587 716 2630 ὅσον
748 2589 951 2642 βαδίζεις,
983 2586 1053 2643 ἐφ’
1090 2587 1198 2630 ὅσον
1228 2586 1349 2642 ἥξειν
1380 2603 1455 2643 μοι
1487 2588 1642 2638 δοκεῖς.

409 2672 601 2712 Stobaeus
634 2674 772 2713 Floril.
806 2676 872 2726 32,
907 2676 929 2713 7
982 2673 1230 2727 Μενάνδρου
1270 2675 1399 2713 Trina.
1438 2676 1478 2713 et
1509 2657 1555 2726 ἷῖἑ
1586 2674 1700 2712 Voss.
1732 2673 1854 2712 Hens.

289 2730 443 2785 Καρίνῃ
476 2733 563 2770 add.
596 2733 716 2773 Vind.
777 2748 813 2773 v.
848 2736 871 2773 3
904 2734 1100 2773 Artemid.
1133 2732 1310 2772 Onirocr.
1345 2736 1381 2783 2,
1416 2735 1469 2773 36
1503 2730 1636 2785 ὀρθῶς
1666 2737 1779 2772 τοῦτο
1810 2730 1852 2771 τὸ

289 2789 458 2830 παλαιὸν
495 2789 570 2842 ἔχει
601 2789 666 2831 ’τὸ
704 2798 874 2844 κρατοῦν
913 2792 1084 2844 δύναμιν
1121 2790 1194 2844 ἔχει
1232 2788 1347 2831 &soff
1395 2795 1435 2832 et
1468 2795 1522 2832 69
1563 2787 1642 2831 εἶτα
1681 2792 1853 2843 βασιλεῖς

290 2847 355 2887 καὶ
386 2846 586 2901 ἄρχονται·
623 2850 665 2890 τὸ
703 2857 873 2904 κρατοῦν
910 2851 983 2905 γὰρ
1021 2857 1101 2891 πᾶν
1134 2851 1167 2890 δ.
1207 2850 1283 2903 ἔχει
1313 2855 1366 2902 θ.,
1405 2852 1512 2902 quod
1541 2852 1775 2903 praeferunt
1806 2850 1851 2890 G.

291 2908 491 2961 Hirschig.
530 2910 632 2949 Ann.
672 2912 757 2950 eri‘s.
798 2914 851 2950 22
891 2914 932 2950 et
969 2911 1104 2951 Cobet.
1137 2910 1184 2950 V.
1217 2905 1261 2949 L²
1298 2913 1390 2950 119.
1422 2911 1472 2950 Ν.
1503 2912 1529 2951 1.
1562 2911 1629 2951 85.
1669 2911 1713 2949 at
1742 2912 1850 2949 reete
