2014 3334
807 819 1202 870 ΑΘΗΝΙΩΝ

330 941 542 980 Meinekl
569 942 668 981 489.
704 943 770 981 90.
815 937 1097 992 Ἀθηνικῶντα
1127 941 1278 980 rectius
1311 941 1390 980 dici
1423 941 1523 980 conl.
1557 941 1727 980 Boeckh.
1755 941 1797 981 C.

212 1001 242 1040 I.
273 1001 314 1040 Π
347 1002 450 1051 201,
499 1003 564 1052 16,
597 1001 666 1040 ubi
703 1002 795 1052 plus
837 1002 960 1040 semel
993 998 1223 1052 ’Ἀθηνικῶν
1258 1001 1473 1052 Θεοφάνου
1507 1001 1631 1040 Chius
1668 1002 1798 1041 nomi-

211 1064 351 1112 natur,
395 1061 437 1100 in
469 1061 698 1100 Zimmerm.
731 1061 898 1112 Ephem.
938 1063 1034 1111 phil.
1070 1063 1183 1101 1839
1229 1061 1438 1101 contendit
1476 1061 1521 1100 G.
1555 1062 1798 1101 Dindorfius.

211 1121 358 1160 similia
389 1124 483 1160 sunt
509 1117 768 1172 Ἀπελλικῶν,
806 1123 1015 1161 Κιλλικῶν.
1047 1122 1193 1172 prioris
1224 1122 1398 1161 nominis
1435 1134 1551 1160 casus
1583 1122 1797 1173 genetivus

212 1194 370 1231 semper
396 1177 703 1229 Ἀπελλικῶντος
729 1181 862 1221 Strab.
891 1184 958 1233 13,
992 1184 1075 1222 609
1093 1194 1148 1233 sq.
1199 1194 1334 1220 rerum
1368 1182 1539 1232 scriptor
1557 1177 1798 1232 Ἀθηνακῶν

211 1238 231 1280 ὁ
264 1240 311 1280 τὰ
343 1237 614 1296 Σαμοθρᾴκια
644 1240 804 1294 γράψας
836 1245 898 1281 es‘n
923 1242 1140 1281 Herodian.
1173 1241 1192 1280 I
1226 1243 1294 1293 30,
1329 1244 1366 1281 2.
1399 1242 1439 1280 II
1474 1243 1572 1291 915,
1608 1244 1674 1281 11.
1718 1255 1799 1282 non

210 1301 341 1340 minus
361 1297 566 1353 Ἀθηνίων
595 1311 716 1353 quam
742 1298 971 1353 Ἀθηνικῶν
1003 1305 1045 1341 et,
1071 1298 1312 1352 Ἀθηνακῶν
1343 1303 1540 1352 probatur
1564 1302 1613 1341 H.
1635 1303 1797 1341 Iacobio

210 1361 332 1400 Mein.
359 1361 395 1399 V
425 1375 506 1400 xxx.
559 1362 692 1401 Schol.
724 1362 911 1412 Aponon.
947 1365 983 1413 1,
1017 1364 1101 1401 917
1137 1359 1254 1413 (Lob.
1280 1362 1373 1412 Agl.
1404 1355 1554 1415 1220),
1586 1362 1656 1401 ubi
1689 1363 1797 1401 Lau-

208 1422 415 1461 rentianus
443 1417 658 1472 Ἀθηνίων.
702 1422 750 1461 cf.
784 1422 903 1461 etiam
939 1422 1078 1461 Lehrs.
1110 1422 1213 1460 Mus.
1246 1422 1371 1462 Rhen.
1404 1422 1445 1460 II
1478 1424 1578 1462 348.
1630 1421 1672 1461 O.
1692 1422 1796 1462 Keil.

210 1482 326 1520 Anal.
361 1483 458 1521 232.
491 1481 664 1521 Lobeck.
697 1482 855 1521 Pathol.
888 1483 988 1538 prol.
1023 1483 1120 1522 317.

825 1622 1175 1656 ΣΑΜΟΘΡΑΙΚΕΣ
1219 1606 1223 1610 ’

990 1710 1007 1750 1

424 1790 506 1832 οὐκ
539 1787 659 1833 οἶσθ’
697 1790 763 1833 ὅτι
795 1792 977 1834 πάντων
1007 1791 1035 1846 ἡ
1067 1792 1299 1848 μαγειρικὴ
1331 1790 1461 1848 τέχνη

423 1862 533 1918 πρὸς
564 1861 794 1918 εὐσέβειαν
825 1866 1007 1906 πλεῖστα
1038 1862 1333 1920 προενήνεχθ’
1371 1864 1503 1915 ὄλωςς

423 1937 472 1976 Β.
504 1937 712 1978 τοιοῦτόν
744 1934 836 1978 ἐστι
867 1941 1018 1988 τοῦτο;
1053 1939 1106 1978 Α.
1138 1935 1258 1978 πάνυ
1289 1952 1353 1991 γε,
1385 1936 1593 1992 βάρβαρε.

422 2013 503 2049 τοῦ
533 2007 795 2062 θηριώδους
826 2006 900 2051 καὶ
930 2009 1256 2064 παρασπόνδου
1287 2010 1390 2063 βίου

383 2090 402 2120 5
423 2078 536 2135 ἡμᾶς
567 2080 652 2136 γὰρ
685 2079 945 2123 ἀπολύσασα
976 2078 1050 2123 καὶ
1081 2086 1158 2136 τῆς
1191 2081 1436 2137 δυσχεροῦς

424 2150 771 2208 ἀλληλοφαγίας,
804 2151 934 2208 ἤγαγ’
971 2154 1034 2203 εἰς
1065 2152 1190 2204 τάξιν
1221 2153 1335 2206 τινά,

421 2221 496 2266 καὶ
526 2223 706 2267 τουτονὶ
738 2231 954 2281 περιῆψεν
987 2224 1040 2267 ὃν
1072 2223 1175 2267 νυνὶ
1207 2226 1309 2280 βίον

424 2297 576 2351 ζῶμεν.
608 2299 657 2339 Β.
683 2298 783 2339 τίνα
809 2298 996 2352 τρόπον;
1031 2301 1083 2340 Α.
1109 2298 1312 2353 πρόσεχε,
1338 2297 1459 2352 κάγώ
1487 2309 1558 2340 σοι
1584 2298 1753 2354 φράσω.

423 2366 756 2425 ἀλληλοφαγίας
787 2368 862 2412 καὶ
893 2376 1042 2412 κακῶν
1074 2370 1219 2412 ὄντων
1251 2377 1444 2425 συχνῶν,

360 2450 403 2482 10
423 2441 664 2496 γενόμενος
695 2442 937 2497 ἄνθρωπός
967 2457 1033 2492 τις
1065 2441 1147 2484 οὐκ
1179 2440 1412 2498 ἀβέλτερος

421 2512 568 2562 θύσας
600 2513 764 2569 ἱερεῖον
794 2521 968 2569 πρῶτος
1001 2514 1203 2569 ὤπτησεν
1235 2514 1376 2569 κρέας.

423 2582 482 2634 ὡς
514 2579 555 2626 δ’
589 2580 647 2639 ’ἦν
677 2586 727 2628 τὸ
759 2584 890 2641 κρέας
921 2586 1051 2641 ἥδιον
1084 2585 1331 2641 ἀνθρώπου
1362 2593 1519 2640 κρεῶν,

423 2654 587 2706 αὑτοὺς
617 2654 699 2712 μὲν
731 2657 814 2700 οὐκ
845 2657 1087 2713 ἐμασῶντο,
1120 2657 1173 2699 τὰ
1207 2654 1254 2698 δὲ
1287 2659 1543 2712 βοσκήματα

422 2726 614 2791 θυοντες
645 2728 815 2771 ὤπτων.
879 2729 938 2779 ὡς
970 2724 1010 2770 δ’
1047 2728 1160 2779 ἅπαξ
1191 2735 1268 2783 τῆς
1298 2727 1465 2783 ἡδονῆς

359 2809 402 2840 15
423 2797 654 2855 ἐμπειρίαν
683 2797 767 2842 τιν’
804 2802 980 2855 ἔλαβον,
1014 2800 1150 2856 ἀρχῆς
1181 2798 1437 2855 γενομένης,

422 2869 493 2913 ἐπὶ
524 2873 679 2913 πλεῖον
711 2868 849 2927 ηὖξον
879 2872 962 2927 τὴν
992 2872 1254 2928 μαγειρικὴν
1285 2870 1457 2927 τέχνην.

422 2942 533 2985 ὅθεν
565 2944 628 2986 ε”τι
659 2941 733 2985 καὶ
763 2950 850 2987 νῦν
881 2951 971 2987 τῶν
1001 2944 1220 3000 πρότερον
1252 2942 1524 2999 μεμνημένοι

280 3017 397 3046 Comici
416 3019 529 3053 graeci,
550 3019 596 3047 ed.
616 3020 669 3047 Th.
689 3020 785 3048 Koek.
805 3021 863 3047 111.
1453 3018 1498 3050 24
