2014 3334
0 2973 15 3037 xvv-r
0 2092 21 2961 qe-w—‚qu-n-W—WW—v-w
0 2053 1 2058 Α
0 1996 3 2006 “

717 253 921 289 ΑΔΗΛΩΝ
947 255 1210 291 ΔΡΑΜΑΤΩΝ
1669 257 1750 300 197

170 364 382 416 tragoedia.
431 364 593 416 quidem
643 365 856 407 convenire
907 366 1102 407 videatur.
1190 369 1239 408 cf.
1291 369 1412 409 etiam
1463 369 1750 410 Schneidewin.

170 423 314 465 Philol.
334 424 371 463 X
392 425 490 464 302.
541 424 741 465 Meinekio
773 426 934 466 videtur
963 427 1172 467 Menandri
1204 440 1289 468 esse
1321 429 1390 480 qui
1421 430 1611 470 continuo
1643 431 1752 482 apud

171 482 391 525 Stobaoum
422 484 604 535 sequitur
635 498 775 525 versus
813 483 834 525 ὁ
866 485 1007 539 χρόνος
1038 484 1194 539 ἁπάσης
1232 486 1334 528 ἐστὶν
1371 485 1491 542 ὀργῆς
1521 489 1751 543 φάρμακον,

169 543 246 585 hoc
275 545 413 585 autem
443 543 646 585 distichon
678 544 840 586 Critiae.

919 650 1006 693 679

383 733 426 776 εἰ
453 733 615 785 πάντες
646 732 930 790 ἐβοηθοῦμεν
961 733 1169 790 ἀλλήλοις
1200 735 1282 791 ἀεί,

383 803 532 856 οὐδεὶς
563 803 619 848 ἂν
651 804 714 849 ὢν
745 805 987 863 ἄνθρωπος
1019 805 1185 862 ἐδεήθη
1212 808 1358 864 τύχης.

287 890 484 932 Stobaeus
505 892 589 933 Ecl.
611 894 650 944 2,
677 887 792 947 8(7),
821 895 844 933 3
866 893 1066 934 Wachsm.
1089 893 1337 948 Μενάνδρου
1358 896 1389 934 F
1407 910 1508 949 mrg.
1571 900 1610 937 2.
1631 896 1748 950 τύχης

168 946 327 1006 Clerio.]
359 956 506 1005 ψυχῆς.
568 953 617 992 of.
650 953 748 993 542.

918 1046 1006 1089 680

382 1127 406 1171 ὁ
437 1125 519 1184 μὲν
551 1130 682 1184 λόγος
714 1140 798 1172 σου
830 1128 1050 1182 συνέσεως
1081 1133 1247 1187 πολλῆς
1277 1130 1415 1188 γέμει,

380 1201 434 1243 τὰ
466 1198 506 1244 δ’
543 1202 651 1259 ἔργα
683 1202 866 1245 σύνεσιν
898 1202 982 1246 οὐκ
1013 1204 1171 1259 ἔχοντα
1202 1205 1419 1260 φαίνεται.

287 1286 484 1328 Stobaeus
505 1288 589 1329 Ecl.
612 1291 650 1340 2,
673 1290 740 1341 15,
762 1291 816 1330 23
838 1289 1041 1331 Waehsm.
1061 1290 1323 1344 Μενάνδρου.
1367 1295 1404 1331 1.
1425 1302 1497 1332 σου
1518 1293 1607 1332 add.
1621 1292 1745 1333 Gaisf.

914 1407 998 1451 681

379 1489 403 1533 ὁ
435 1487 516 1546 μὲν
548 1491 680 1545 λόγος
712 1500 809 1546 σου,
842 1498 934 1547 παῖ,
967 1488 1061 1534 κατ’
1097 1491 1242 1549 ὀρθὸν
1274 1492 1494 1550 εὐδρομεϊ,

348 1562 428 1605 ’τὸ
461 1560 501 1605 δ’
539 1563 672 1619 ἔργον
704 1562 844 1618 ἄλλην
877 1559 1008 1619 οἷμον
1041 1562 1335 1621 ἐκπορεύεται.

283 1648 479 1689 Stobaeus
501 1649 583 1689 ΕοΙ.
607 1652 644 1700 2,
673 1650 739 1701 15,
767 1652 820 1690 26
849 1650 1052 1690 Wachsm.
1084 1651 1344 1704 Μενάνδρου.
1411 1655 1447 1692 1.
1479 1655 1559 1691 παῖ
1577 1651 1738 1692 Schnei-

164 1707 306 1748 dewin.
339 1708 449 1748 Coni.
482 1709 570 1749 crit.
605 1707 708 1760 115]
744 1707 810 1748 καὶ
841 1710 885 1750 L.
942 1715 1021 1758 πᾶς
1051 1711 1204 1752 Iacobs.
1236 1712 1347 1752 Lect.
1379 1712 1490 1752 Stob.
1526 1713 1622 1751 147.
1683 1711 1746 1751 κεί

163 1768 284 1808 Mein.
348 1771 385 1808 2.
414 1767 551 1822 ἐμπορ.
583 1769 826 1810 Schneidew.
894 1769 993 1810 εἷσπ.
1026 1771 1144 1811 Mein.
1195 1785 1272 1812 vox
1309 1766 1422 1823 οἶμος
1452 1773 1613 1823 praeter
1636 1773 1742 1811 hunc

163 1840 326 1868 versum
357 1829 464 1880 apud
495 1829 668 1870 comicos
699 1842 780 1869 non
810 1830 1027 1872 invenitur.

909 1947 997 1990 682

377 2029 402 2073 ὁ
433 2029 492 2086 μὴ
525 2037 710 2087 φρονῶν
741 2029 837 2087 μέν,
869 2031 1012 2074 πολλὰ
1044 2028 1085 2074 δ’
1122 2027 1193 2087 ἐφ’
1230 2030 1418 2074 ἑκάστου
1449 2034 1596 2074 λαλῶν

377 2102 606 2146 δείκνυσιν
637 2102 776 2146 αὑτοῦ
806 2103 885 2146 τὸν
915 2104 1082 2159 τρόπον
1113 2110 1206 2155 τοῖς
1238 2103 1441 2160 ῥήμασιν.

284 2188 481 2228 Stobaeus
502 2189 586 2229 Ecl.
607 2191 646 2238 2,
669 2191 735 2239 15,
758 2192 812 2230 28
834 2190 1036 2230 Wachsm.
1069 2190 1330 2244 Μενάνδρου.
1394 2192 1431 2229 2.
1458 2188 1581 2231 αὑτοῦ
1609 2190 1735 2242 Sarti]

162 2245 283 2288 αὐτὸν
313 2249 359 2288 L.
410 2247 545 2298 αὐτοῖς
575 2250 693 2289 Mein.

907 2344 993 2388 683

376 2427 492 2469 πολὺ
522 2427 723 2483 κρεῖττόν
756 2425 877 2470 ἐστιν
907 2427 957 2470 ἓν
987 2430 1132 2478 καλῶς
1156 2426 1459 2483 μεμαθηκέναι

375 2496 403 2552 ἢ
434 2497 577 2540 πολλὰ
608 2498 791 2554 φαύλως
824 2500 1174 2555 περιβεβλῆσθαι
1205 2498 1449 2555 πράγματα.

280 2583 478 2624 Sssobaeus
499 2584 580 2624 Ecl.
597 2586 635 2636 2,
656 2586 724 2635 31,
749 2586 800 2625 15
822 2585 1023 2625 Wachsm.
1050 2585 1309 2637 Μενάνδρου.
1372 2587 1409 2624 2.
1430 2585 1601 2624 fortasse
1626 2598 1733 2636 περι-

159 2643 400 2695 βεβῦσθαι
441 2642 702 2697 γράμματα.
788 2645 837 2685 cf.
879 2645 1042 2686 Lucian.
1081 2645 1183 2684 Gall.
1227 2648 1291 2684 11.
1372 2644 1522 2684 Cratin.
1559 2646 1663 2696 186,
1695 2647 1733 2684 4.

158 2703 374 2756 Hegesipp.
410 2707 446 2756 1,
479 2705 547 2744 26.

904 2797 991 2841 684

373 2878 482 2922 ὅταν
514 2877 644 2936 λέγῃς
674 2877 756 2935 μὲν
785 2879 942 2934 πολλά,
974 2878 1207 2936 μανθάνῃς
1239 2876 1287 2922 δὲ
1319 2881 1394 2935 μή,

372 2951 421 2994 τὸ
454 2950 536 2994 σὸν
567 2950 748 3003 διδάξας
777 2951 944 3007 τούμὸν
976 2951 1030 2994 οὐ
1062 2950 1222 3006 μαθὼν
1253 2951 1353 2994 ἔσει.
