2014 3334
767 244 937 279 AAHAA
963 244 1224 279 ΟΠΟΤΕΡΑΣ
1696 241 1783 284 497

948 354 1036 397 472

489 424 648 469 ἅπαντ’
685 424 832 469 ἐκεῖνα
863 421 984 482 μέστ’
1020 424 1077 468 ἂν
1106 422 1164 481 ἦν
1194 425 1456 484 τραγῳδίας.

323 513 525 555 Aristides
555 513 597 552 II
629 514 713 553 325
758 509 875 553 πάντ’
911 510 963 552 ἂν
994 511 1047 553 ἐκ.
1079 529 1118 565 μ.
1150 527 1205 566 τρ.
1237 507 1301 565 ἧν.

948 630 1036 672 473

490 700 546 744 οὐ
576 700 756 756 ταύτόν,
789 698 824 744 ὦ
853 697 966 756 'roim
994 698 1190 757 Ἰφικλῆς
1220 716 1267 744 τε
1298 700 1531 757 χήρακλῆς.

325 788 522 829 Aristides
554 788 595 828 II
630 790 716 828 390
747 786 827 828 ἔστι
859 785 901 827 δὲ
933 786 982 828 οὐ
1014 786 1172 840 ταύτόν,
1203 782 1235 827 ὦ
1263 784 1331 840 ’τ.,
1359 783 1431 839 Ἰφ.
1463 803 1502 828 τε
1533 786 1600 828 καὶ
1623 784 1709 840 ἹΙρ.
1732 811 1786 816 --

203 845 322 899 ‘quod
352 850 437 889 licet
466 850 572 895 Iovi,
603 861 682 888 non
714 850 800 899 lic—et
824 844 943 888 bovi'.

950 965 1041 1008 474

491 1041 668 1094 στηλῶν
699 1014 785 1094 γὰρ
818 1037 900 1096 ἔξω
933 1035 1006 1079 καὶ
1039 1037 1270 1092 Γαδείρων
1302 1033 1400 1079 ἔσθ’
1438 1035 1462 1079 ὁ
1494 1042 1613 1088 νοῦς.

323 1125 524 1165 Aristides
557 1125 598 1163 II
630 1127 714 1165 472
753 1129 839 1172 πῶς
876 1122 951 1164 οὐκ
990 1122 1154 1175 ἀληθῶς
1189 1122 1261 1172 ἔξω
1300 1125 1453 1175 στηλῶν
1489 1122 1558 1163 καὶ
1588 1126 1631 1165 Γ.
1670 1123 1791 1176 φήσει

203 1199 261 1233 τις
291 1183 604 1225 ἐπισκώπτων
636 1179 741 1224 εἷναί
769 1195 832 1224 σοι
862 1182 931 1224 τὸν
963 1188 1082 1235 νοῦν;

952 1300 1040 1343 475

491 1372 519 1428 ἡ
550 1375 680 1416 Μυῖα
713 1369 754 1415 δ’
790 1373 977 1416 ἔδακνεν
1010 1371 1148 1415 αὐτὸν
1180 1372 1282 1429 ἄχρι
1312 1376 1389 1428 τῆς
1419 1372 1615 1429 καρδίας.

323 1459 527 1499 Lucianus
558 1461 683 1500 Musc.
715 1473 798 1500 ene.
832 1462 885 1499 11
929 1457 1078 1513 ἐγένετο
1110 1457 1209 1498 κατὰ
1239 1457 1333 1506 τοὺς
1363 1458 1559 1507 παλαιοὺς
1590 1458 1657 1499 καὶ
1686 1459 1790 1513 γυνή

205 1535 263 1567 τις
294 1517 507 1572 ὁμώνυμος
538 1517 637 1575 αὐτῇ
671 1515 807 1575 (μυίᾳ)
838 1514 1036 1572 ποιήτρια,
1067 1518 1176 1559 πάνυ
1208 1517 1307 1570 καλὴ
1340 1517 1407 1558 καὶ
1439 1518 1563 1571 σοφή’
1595 1517 1660 1559 καὶ
1692 1517 1790 1572 ἄλλη

206 1578 339 1653 ἑταίρα
364 1584 445 1679 τιὲτέ
464 1576 648 1678 ’.ιῖἑτικῶν
673 1578 884 1632 ἐπιφανής,
903 1578 993 1632 περὶ
1017 1573 1066 1630 ἧς
1091 1577 1157 1618 καὶ
1183 1576 1204 1619 ὁ
1223 1576 1397 1630 κωμικὸς
1422 1577 1588 1631 ποιητὴς
1614 1578 1692 1631 ἔφη
1712 1583 1790 1620 κτλ.

209 1661 259 1667 -
295 1639 320 1679 δ
367 1653 392 1680 a
448 1669 458 1679 .
531 1653 608 1679 om.

951 1721 1039 1764 476

493 1790 618 1835 τουτὶ
649 1789 732 1849 μὲν
762 1792 1103 1850 ὑπομόχθηρον·
1137 1793 1246 1835 ἄλλο
1278 1808 1354 1848 μοι
1385 1791 1495 1847 λέγε.

327 1879 527 1919 Lucianus
559 1879 644 1920 Iov.
675 1882 779 1932 trag.
813 1882 867 1920 38
913 1878 1011 1919 κατὰ
1048 1878 1116 1919 τὸν
1154 1878 1329 1931 κωμικόν
1360 1882 1437 1919 κτλ.
1493 1893 1565 1919 cur
1602 1881 1791 1933 antiquae

207 1940 436 1980 comoediae
466 1939 657 1979 tribuerit
688 1940 910 1980 Meinekius
940 1940 1086 1979 neseio.

953 2057 1040 2099 477

494 2128 548 2170 τὰ
578 2135 668 2171 τῶν
698 2129 926 2171 πλεόντων
959 2126 1080 2171 ἐστὶν
1111 2125 1177 2171 ἐπ’
1216 2127 1330 2184 ἐμοί·
1362 2130 1466 2171 πλεῖ
1494 2124 1535 2171 δ’
1571 2130 1645 2171 ἔτι.

328 2214 530 2255 Lucianus
550 2215 655 2255 Dial.
677 2228 773 2254 mar.
797 2218 820 2254 2
843 2217 942 2255 extr.
974 2214 1020 2254 τὰ
1039 2220 1140 2268 γοῦν
1165 2220 1243 2255 τῶν
1261 2218 1324 2255 πλ.
1344 2212 1405 2255 ἐπ’
1435 2214 1526 2267 ἐμοί
1548 2214 1627 2255 ἐστι
1647 2218 1723 2255 κτλ.
1739 2239 1786 2244 —

210 2277 305 2314 sunt
335 2275 515 2326 Neptuni
545 2276 669 2316 verba
699 2275 990 2327 Polyphemum
1025 2276 1279 2316 consolantis.

960 2393 1047 2435 478

496 2464 709 2519 πείσθητί
736 2479 812 2519 μοι
844 2462 918 2506 καὶ
948 2467 1066 2519 πῖθι,
1098 2462 1172 2507 καὶ
1205 2460 1328 2521 ῥᾴων
1361 2465 1463 2506 ἔσει.

330 2549 533 2589 Lucianus
553 2550 770 2600 Lexiphan.
795 2553 861 2590 20.
893 2564 974 2590 non
993 2551 1196 2590 dubibabit
1221 2551 1268 2589 de
1301 2551 1453 2590 comica
1484 2551 1650 2602 origine,
1682 2552 1789 2602 quis-

212 2609 302 2661 quis
333 2610 625 2660 comparaverit
656 2610 872 2661 Philippid.
908 2613 974 2651 18.
1026 2611 1270 2661 Theopomp.
1303 2623 1402 2650 eom.
1436 2612 1504 2662 62,
1531 2613 1570 2650 5.

960 2727 1048 2770 479

500 2797 582 2840 οὐκ
613 2795 670 2840 ἂν
700 2799 948 2855 προσείμην
979 2798 1144 2842 καύτὸν
1176 2797 1341 2855 ἀνδρὸς
1373 2799 1600 2855 δεόμενον.

333 2884 534 2924 Lucianus
555 2884 795 2936 Pseudolog.
816 2887 869 2925 ‘28
892 2888 992 2925 extr.
1024 2883 1099 2925 οὐκ
1125 2883 1176 2925 ἂν
1201 2898 1282 2938 πᾳ,
1308 2884 1401 2937 ἔφη,
1426 2883 1554 2939 ἄνδρα
1579 2884 1646 2925 καὶ
1671 2884 1787 2926 αὐτὸι

213 2946 290 2983 κτλ.
323 2966 379 2971 -
411 2946 622 2984 aversatur
653 2944 797 2983 mulier
828 2945 961 2985 virum
993 2946 1207 2985 muliebria
1236 2946 1470 2997 patientem.

286 3016 402 3044 Comici
421 3017 534 3051 graeei,
553 3017 599 3044 od.
619 3017 675 3044 Th.
694 3017 792 3045 Kock.
811 3018 870 3045 ΠΙ.
1460 3017 1505 3048 32
