2014 3334
214 250 301 294 574
612 239 615 244 ’
867 250 1130 284 ΑΔΕΣΠΟΤΑ

885 358 983 400 973.
1016 357 1104 400 974

499 442 863 496 διαδοιδυκίζειν,
896 441 1193 483 διεδοιδύκισε

333 530 555 580 Hesychius
582 528 683 567 διαδ.
711 525 913 579 ὀρχεῖσθαι
939 525 1181 578 ἀσχημόνως.
1209 521 1577 580 (διεδοιδακακίζειν
1602 520 1705 580 cod.)
1732 527 1780 565 cf.

215 588 543 635 ἀναδοιδυκίζειν.
593 600 757 638 prorsus
784 588 833 626 ab
864 588 939 625 hac
965 587 1122 626 diversa
1147 588 1280 637 glossa
1300 586 1470 637 Hesych.
1504 583 1789 626 διεδοιδύκισε·’

219 647 407 700 διέτριψε·
434 647 506 698 τὴν
532 650 639 699 χεῖρα
665 646 905 699 στρογγύλην
932 641 1151 699 (ποιήσας).
1197 646 1328 696 Etym.
1354 660 1405 684 m.
1433 647 1529 687 273.
1556 647 1611 685 45
1639 645 1783 685 διεδοι-

217 708 380 759 δύκησε·
419 706 606 760 διέγραψε
637 711 682 760 τῇ
715 706 829 757 χειρί,
862 705 1102 758 στρογγύλην
1141 703 1266 756 αὐτὴν
1301 704 1469 755 ποιήσας
1513 702 1566 752 ὡς
1604 705 1781 744 δοίδυκα.

215 766 242 819 ἢ
269 766 478 818 διέτριψεν.
523 767 662 805 eadem
688 766 831 804 Suidas
858 779 934 804 om.
954 765 1107 804 duobus
1125 767 1248 815 postr.
1269 765 1486 804 vocabulis.
1524 765 1664 804 Zonar.
1685 766 1784 804 544.

956 881 1043 923 975

502 965 985 1020 διακυνοφθαλμίζεται

334 1052 561 1101 Hesychius
581 1048 896 1102 διυποβλέπεται,
917 1049 1103 1101 διανεύει,
1123 1047 1149 1101 ἢ
1170 1048 1343 1096 ἀναιδῶς
1362 1047 1606 1088 ἀνθίσταται.
1638 1050 1784 1088 Eusta-

217 1112 325 1150 thius
361 1113 464 1162 756,
498 1113 553 1150 60
586 1110 1070 1161 διακυνοφθαλμίζεσθαι,
1112 1108 1205 1160 ’ὅπερ
1238 1109 1358 1159 δηλοῖ
1388 1108 1485 1148 κατὰ
1516 1109 1658 1158 Αἴλιον
1690 1111 1787 1148 Διο-

218 1171 359 1210 νύσιον
390 1169 431 1209 τὸ
463 1167 761 1222 ὑποβλέπεσθαι
791 1167 857 1208 καὶ
895 1167 1130 1220 ὑφορᾶσθαι
1166 1167 1369 1219 ἀλλήλους.
1429 1169 1654 1220 Hesychius
1691 1183 1787 1207 κυν-

219 1230 521 1281 οφθαλμίζεται·
553 1227 725 1276 ἀναιδῶς
757 1227 935 1281 ε’μβλέπει
962 1226 1027 1281 (fr.
1058 1223 1203 1282 1058).
1255 1229 1423 1267 Bekker.
1454 1229 1603 1267 Anecd.
1635 1229 1704 1278 48,
1730 1229 1783 1267 31

219 1289 598 1340 κυνοφθαλμίζεται·
630 1287 804 1336 ἀναιδῶς
834 1287 899 1327 καὶ
932 1288 1076 1339 ἰταμῶς
1107 1285 1194 1343 ὁρᾷ,
1225 1286 1372 1340 τρόπον
1403 1287 1636 1340 ματρύλλου.

965 1404 1051 1447 976

508 1465 534 1506 δ
537 1465 822 1507 ιαλωπεκίσαι

341 1552 509 1591 Bekker.
548 1551 698 1590 Anecd.
727 1552 798 1601 10,
834 1552 886 1589 15
920 1547 1186 1601 ἀλωπεκῆσαι·
1219 1548 1511 1600 ἐξαπατήσαντα
1549 1549 1572 1587 δ
1580 1548 1788 1599 ιαδρᾶναι.

223 1612 474 1651 scribendum
512 1613 599 1650 erat
635 1612 683 1648 ut
720 1622 840 1660 supra
878 1609 1042 1648 factum.
1092 1610 1140 1647 cf.
1173 1609 1481 1663 διαπερδικίσαι,
1516 1607 1789 1660 ἐκπερδικίσαι.

967 1725 1052 1767 977

509 1786 537 1827 δ
539 1785 812 1841 ιαπυδαρίζει

346 1871 659 1923 διαναβάλλεται,
688 1871 1012 1923 διαναρρίπτεται.
1051 1871 1287 1921 Hesychius,
1329 1870 1598 1922 διαπυδαρίζει
1621 1868 1789 1920 Musun]

226 1931 526 1983 διαπονδαρίζει.
589 1929 864 1982 ἀπεπυδάρισα
896 1931 1020 1969 Arist.
1053 1930 1125 1980 Eq.
1154 1932 1249 1969 697.

961 2047 1047 2088 978

512 2106 772 2172 διασιλλοῦν
804 2132 869 2168 καὶ
901 2130 1188 2172 διασιλλῶσαι

344 2218 513 2256 Bekker.
533 2218 680 2256 Anecd.
703 2219 770 2267 36,
796 2219 845 2256 19
875 2216 1055 2267 σημαίνει
1080 2214 1121 2254 τὸ
1143 2216 1327 2267 διασῦραι
1351 2213 1417 2254 καὶ
1435 2217 1629 2266 χλευάσαι.
1667 2214 1790 2253 σίλλοι

226 2276 299 2330 γὰρ
331 2274 483 2332 ᾄσματα
515 2276 758 2328 χλευαστικά,
788 2279 835 2315 ut
867 2275 1044 2314 Timonis
1077 2275 1256 2314 Phliasii.
1306 2275 1527 2325 Hesychius
1559 2273 1789 2324 διεσίλληνε·

228 2336 460 2388 διεχλεύασε.
494 2336 770 2375 διασιλλαίνειν
791 2338 851 2375 est
870 2336 1033 2374 Lucian.
1053 2335 1219 2385 Lexiph.
1240 2336 1306 2374 24.
1346 2336 1504 2373 σιλλοῦν
1518 2334 1707 2384 Archipp.
1723 2335 1790 2384 52,

228 2397 308 2434 alia
339 2399 474 2435 tamen
506 2396 806 2447 significatione.

969 2475 1056 2516 979

513 2534 782 2590 διελάφυξας

349 2609 607 2663 διεφόρησας,
639 2608 856 2660 ἀνήλωσας.
907 2609 1140 2659 Hesychius.
1186 2607 1240 2646 cf.
1259 2606 1396 2646 Arist.
1427 2607 1531 2646 Nub.
1558 2609 1626 2646 52.

965 2724 1052 2766 980

515 2785 819 2839 διεπιθήκισεν

349 2871 518 2910 Bekker.
550 2871 699 2909 Anecd.
727 2871 826 2920 238,
855 2872 906 2909 13
959 2868 1234 2919 διαπιθηκίσαι
1271 2866 1349 2907 ε’στὶ
1384 2867 1426 2908 τὸ
1458 2866 1673 2916 διαπαίξαι,
1710 2864 1788 2905 ἀπὸ

231 2936 308 2970 τῶν
339 2929 538 2981 πιθήκων.
587 2927 896 2981 (διαπιθηκῆσαι
927 2924 1041 2982 cod.)
1092 2928 1139 2967 cf.
1168 2928 1296 2968 Arist.
1329 2928 1448 2979 Vesp.
1477 2929 1602 2967 1290.
