2014 3334
239 217 324 260 556
629 218 632 223 ’
890 219 1151 253 ΑΔΕΣΠΟΤΑ

239 332 301 369 est
327 343 351 368 a
369 330 607 381 Phrynicho,
632 332 680 368 ub
704 326 920 382 ἄνθρωπος
953 333 993 368 e‘n
1017 329 1120 382 γυνή
1146 330 1379 381 saepissime
1404 330 1446 368 in
1465 330 1611 382 glossis
1637 331 1808 381 exempli
1866 329 1870 333 ’

240 402 359 428 causa
391 402 479 427 cum
507 389 714 429 adiectivis
740 390 1049 441 coniungunizur,
1080 390 1251 429 conicias
1276 391 1436 440 poeizam
1462 390 1637 440 aliquem
1662 389 1807 429 dixisse

239 451 398 500 φιλοπρ.
430 445 548 502 ἄνθρ.

524 610 902 667 ἀνωφρυασμένος
934 612 1172 667 ἄνθρωπος

355 698 527 737 Bekker.
567 699 715 737 Anecd.
755 700 830 746 25,
869 701 892 737 5
946 698 1127 749 σημαίνει
1168 696 1236 737 τὸν
1279 696 1604 749 ἀποσεμνύνοντας
1649 696 1807 738 ἑαυτόν·

236 762 406 796 τοιοῦτοι
443 757 517 811 γάρ
555 757 653 797 εἰσιν
687 757 729 797 οἵ
764 762 905 797 τοῦτον
941 756 1009 796 τὸν
1040 757 1186 810 τρόπον
1218 757 1467 809 διακείμενοι,
1500 756 1552 805 ὡς
1583 756 1650 805 τὰς
1681 755 1808 811 ὀφρῦς

240 815 470 856 ἀνατείνειν.
1656 819 1671 822 “

980 886 1065 928 843

521 945 718 987 ἄπλυτον
749 944 940 999 πώγωνα

356 1031 525 1069 Bekkcr.
558 1030 706 1070 Anecd.
740 1032 784 1081 4,
821 1033 872 1069 14
906 1030 941 1069 εἰ
969 1029 1103 1078 θέλοις
1141 1029 1377 1082 ἀνεπαχθῶς
1414 1031 1575 1081 σκῶψαί
1609 1045 1696 1070 τινα
1725 1027 1807 1070 πω-

237 1090 398 1142 γωνίαν.
450 1092 492 1128 at
522 1103 651 1141 neque
671 1089 880 1143 πωγωνίας
912 1092 973 1129 est
992 1091 1060 1141 qui
1078 1092 1239 1129 inlotam
1258 1085 1465 1144 (ἄλουτον)
1491 1091 1657 1130 barbam
1675 1092 1809 1142 gestat

238 1162 367 1199 neque
399 1150 549 1189 inlotae
582 1150 728 1188 barbae
760 1150 963 1189 cavillatio
995 1147 1226 1201 ἀνεπαχθὴς
1259 1150 1338 1189 dici
1362 1152 1507 1200 pobest.
1547 1150 1684 1200 itaque
1716 1151 1807 1189 fort.

237 1209 352 1247 scrib.
385 1206 594 1248 ἄπλατον
624 1207 798 1262 πώγωνα
830 1203 1007 1262 (πώγων’
1043 1204 1163 1263 ἄπλ.).
1199 1210 1260 1248 cf.
1295 1211 1391 1248 620.
1701 1204 1703 1206 ’

916 1325 1014 1367 844.
1048 1325 1134 1368 845

523 1407 881 1463 ἀποκναισθῆναι
913 1413 972 1465 τῷ
1005 1407 1176 1462 γέλωτι,
1209 1407 1456 1450 ἀπολέσθαι
1487 1411 1683 1462 γελῶντα

358 1494 527 1533 Bekker.
558 1493 708 1534 Anecd.
742 1497 809 1546 28,
843 1497 895 1534 32
933 1491 1154 1534 ἀπολέσθαι
1190 1496 1378 1546 γελῶντα·
1412 1491 1587 1545 Ὅμηρος
1615 1491 1714 1549 γέλῳ
1745 1492 1807 1532 ἕκ-

235 1557 379 1593 θανον.
429 1553 471 1592 οἱ
497 1552 663 1604 κωμικοὶ
694 1552 1017 1606 ἀποκναισθῆναι
1048 1556 1100 1609 τῷ
1126 1569 1160 1606 γ.
1194 1554 1365 1592 alterum
1401 1566 1558 1604 quoque
1584 1566 1631 1592 ex
1656 1553 1804 1592 comico

239 1615 469 1663 excerptum
501 1613 685 1652 arbitror.

978 1693 1064 1736 846

523 1752 739 1808 ἀπόλεμος
769 1754 929 1810 χρόνος

356 1839 526 1878 Bekker.
558 1839 706 1878 Anecd.
742 1841 808 1890 12,
843 1842 864 1878 7
911 1837 952 1878 τὸ
997 1836 1195 1890 εἰρηνικὸν
1231 1836 1299 1877 καὶ
1341 1835 1513 1889 εὔνομον
1548 1841 1618 1889 τῆς
1658 1836 1807 1888 διαίτης

239 1898 431 1949 σημαίνει.
462 1899 555 1939 fort.
569 1899 815 1938 matrimonii
829 1899 1010 1950 quietum
1024 1901 1183 1949 tempus
1204 1898 1376 1938 comicus
1391 1897 1538 1948 aliquis
1554 1897 1806 1948 significavit.

974 2015 1057 2057 847

522 2073 740 2129 ἀπομύξαι
771 2074 937 2129 λύχνον

356 2160 525 2200 Bekker.
556 2159 704 2199 Anecd.
738 2162 806 2212 21,
842 2163 861 2199 1
897 2161 1009 2199 nulla
1039 2161 1196 2199 adiecta
1227 2159 1569 2210 interpretabione.

983 2276 1068 2318 848

523 2358 842 2401 ἀπωλεσίοικον
874 2358 1101 2414 μειράκιον

356 2446 525 2485 Bckker.
545 2446 694 2486 Anecd.
717 2448 784 2496 25,
814 2448 863 2485 15
897 2443 938 2492 τὸ
971 2443 1186 2484 ἀκόλαστον
1217 2441 1283 2483 καὶ
1313 2441 1513 2494 ἀπολλύον
1545 2439 1596 2482 δι’
1633 2441 1805 2482 ἀσωτίαν

241 2503 308 2544 τὸν
341 2505 444 2545 ἴδιον
477 2501 600 2546 οἷκον.
649 2503 762 2544 ἀπολ.
794 2505 878 2544 cod.
927 2505 976 2544 cf.
1007 2502 1228 2554 ἀπώμοτος,
1258 2501 1529 2555 πανώλεθρος,
1555 2501 1806 2556 ῥινώλεθρος.

236 2565 330 2603 ibid.
359 2567 462 2616 318,
491 2568 514 2604 9
543 2562 774 2604 ὠλεσίοικοι·
814 2563 856 2604 οἱ
889 2561 1032 2603 ἄσωτοι
1069 2561 1147 2602 ’ὑπὸ
1170 2558 1373 2601 ,Ἀττικῶν
1436 2563 1486 2601 ad
1518 2562 1801 2613 Aristophanis

237 2625 489 2663 Dactalenses
526 2625 755 2664 coniectura
794 2636 958 2674 prorsus
996 2623 1149 2662 incerta
1185 2622 1384 2661 referebat
1422 2622 1665 2661 Fritzschius
1703 2622 1802 2660 Dae-

241 2684 309 2722 tal.
347 2685 414 2722 78.
464 2685 513 2723 cf.
542 2686 668 2723 1200.

971 2723 1061 2793 '849

517 2809 690 2867 Ἀργεία
722 2810 841 2867 φορά

362 2897 587 2948 Hesychius
618 2894 671 2944 ὡς
697 2896 928 2948 φιλοδίκους
954 2894 1019 2936 καὶ
1045 2894 1296 2946 συκοφάντας
1315 2891 1514 2949 Ἀργείους
1533 2893 1804 2950 κωμῳδοῦσιν.
