2014 3334
279 241 366 283 602
637 224 654 246 ”
924 242 1184 276 ΑΔΕΣΠΟΤΑ

1004 350 1024 391 1
1034 350 1054 391 1
1062 349 1118 391 85

563 409 846 464 φαρυγίνδην

397 492 450 541 ὡς
491 492 738 545 ἀριστίνδην,
786 493 1028 541 σκώπτοντες
1067 493 1140 544 τὴν
1182 494 1485 547 γαστριμαργίαν
1527 499 1605 533 τῶν
1647 499 1840 545 χορευτῶν

274 551 438 592 Ἀττικοὶ
468 551 658 606 λέγουσιν.
709 554 974 605 Etymologic.
994 568 1045 592 m.
1067 555 1163 604 788,
1188 555 1257 593 38.
1309 553 1475 593 Photius
1507 556 1548 592 et
1578 553 1720 592 Suidas
1750 548 1841 605 (ubi

278 626 485 663 perperam
518 607 824 666 φαλαγγίνόην).

1005 693 1024 734 1
1034 693 1054 734 1
1062 692 1117 735 86

563 752 756 806 φάσακες

399 837 655 888 συκοφάνται.
696 838 933 888 Hesychius.
966 838 1192 877 comoediae
1213 838 1358 877 tribuit
1377 837 1601 876 Passovius.
1640 838 1689 876 cf.
1709 836 1842 886 φάσις,

283 896 496 948 Φασιανός,
529 898 685 937 similia.
736 896 937 947 φαύσακες
968 898 1032 936 vol
1063 896 1241 947 φαύακες
1262 897 1378 936 Mein.
1398 897 1541 935 Philol.
1560 897 1638 934 XII
1660 898 1756 935 628.
1800 899 1843 935 at

280 955 454 1007 φάσακες
485 959 591 996 recte
624 957 782 996 videtur
815 957 1007 1008 scriptum
1039 969 1136 996 esse.

1004 1073 1023 1113 1
1036 1072 1114 1114 187

564 1132 871 1186 φειδαλφιτεῖν

397 1218 564 1257 Bekker.
598 1218 745 1257 Aneod.
779 1219 846 1269 69,
879 1219 932 1257 32
965 1216 1007 1257 τὸ
1048 1216 1258 1268 φείδεσθαι
1294 1222 1372 1255 τῶν
1409 1214 1603 1267 ἀλφίτων,
1641 1211 1727 1256 οἷον
1757 1230 1844 1268 τρο-

279 1282 359 1328 φῆς
396 1275 460 1316 καὶ
504 1277 647 1316 σιτίων.
703 1276 990 1328 φειδαλφιστήν
1034 1277 1117 1316 cod.
1160 1298 1206 1303 —
1254 1276 1480 1327 Hesychius
1524 1276 1844 1328 φειδαλφιτῆσαι·

280 1335 477 1387 φειδωλὸν
507 1335 596 1388 περὶ
626 1335 672 1375 τὰ
703 1333 847 1386 ἄλφιτα
877 1334 1076 1389 γενέσθαι.
1106 1332 1281 1376 ,³00mici
1313 1330 1498 1386 poetae‘P'
1531 1336 1582 1374 M.
1604 1335 1795 1375 Schmidt.

894 1448 907 1471 Χ
1009 1452 1120 1494 1188

564 1511 915 1567 φθειροκομίδης

399 1588 579 1637 φθειρῶν
598 1583 739 1639 γέμων.
764 1585 999 1636 Hesychius.
1028 1580 1256 1625 ‘comicus?'
1282 1585 1334 1623 M.
1355 1585 1548 1635 Schmidt,
1573 1583 1843 1636 φθειροκομή-

279 1659 347 1696 της
372 1658 607 1696 proponens.
656 1646 749 1684 fort.
769 1644 1096 1697 φθειροκοπίδης,
1122 1646 1171 1683 ad
1193 1644 1419 1697 analogiam
1437 1649 1514 1683 τῶν
1530 1640 1843 1697 Ἑρμοκοπιδῶν.

1007 1761 1027 1802 1
1037 1760 1118 1803 189

564 1824 905 1877 φθειροκτονεῖν

399 1907 567 1946 Bekker.
587 1906 736 1946 Anecd.
758 1908 824 1958 71,
859 1908 911 1946 15
945 1904 987 1946 τὸ
1013 1905 1104 1953 τοὺς
1129 1909 1301 1959 φθεῖρας
1327 1885 1504 1945 κτείνειν.
1542 1908 1727 1958 φθεροκτ.
1760 1905 1844 1944 cod.

1011 2023 1124 2065 1190

530 2101 536 2103 *
566 2083 772 2136 φίλει-νος

399 2156 570 2195 Bekker.
602 2157 750 2195 Anecd.
784 2158 851 2208 70,
884 2159 936 2195 21
981 2153 1001 2195 ὃ
1033 2159 1160 2207 φιλῶν
1191 2155 1301 2204 ἔτνος
1330 2138 1491 2195 ἔσθίειν.

1007 2272 1118 2315 1191

567 2336 882 2386 φορμοκοιτεῖν

402 2417 569 2455 Bekker.
601 2416 749 2456 Aneod.
784 2419 850 2466 70,
884 2419 907 2457 5
952 2415 993 2457 τὸ
1031 2415 1094 2456 ἐπὶ
1131 2420 1289 2468 φορμοῦ
1325 2415 1550 2455 καθεύδειν.
1612 2413 1764 2467 φορμὸς
1803 2412 1846 2454 δέ

282 2475 361 2515 ἐστι
399 2474 550 2529 πλέγμα
589 2490 624 2515 τι
665 2474 707 2515 ἐκ
746 2475 862 2526 φλέω.
921 2476 1090 2516 τάττεται
1129 2474 1193 2515 ἐπὶ
1231 2478 1403 2526 λυπρῶς·
1424 2473 1490 2514 καὶ
1532 2480 1662 2522 κακῶς
1700 2489 1844 2525 κοιμω-

283 2534 427 2587 μένων,
459 2534 532 2575 οὐκ
557 2534 724 2587 ἐχόντων
749 2535 989 2586 κνάφαλλον.
1040 2537 1188 2576 comico
1207 2538 1348 2586 poetae
1369 2534 1573 2573 tribuebat
1603 2534 1722 2573 Mein.
1742 2534 1782 2572 ΙΙ
1805 2535 1842 2574 5.

210 2645 219 2653 .
284 2596 330 2634 cf.
365 2595 545 2634 Chionid.
580 2598 615 2634 1.
665 2597 824 2645 poterat
863 2609 909 2635 ea
947 2608 1043 2635 voce
1081 2596 1241 2635 austera
1277 2594 1508 2645 cynicorum
1547 2593 1649 2643 vita,
1686 2595 1845 2643 poterat

284 2654 405 2693 etiam
423 2655 666 2694 Phormionis
704 2655 896 2694 severitas
932 2650 997 2709 (ut
1025 2655 1067 2694 in
1098 2654 1306 2705 Eupolidis
1333 2646 1581 2706 Taxiarchis)
1613 2651 1841 2704 significari.

1012 2771 1032 2811 1
1043 2769 1123 2812 192

568 2829 832 2884 χαλκιὸίζειν

403 2915 642 2956 Plutarchus
673 2915 859 2955 Proverb.
890 2918 926 2967 1,
965 2916 1020 2954 84
1065 2912 1128 2954 ἐπὶ
1152 2918 1247 2953 τῶν
1290 2910 1632 2967 γλισχρευομένων.
1690 2911 1731 2951 οἵ
1769 2909 1844 2965 γὰρ
