2014 3334
687 241 804 276 ΘΑΙΣ
862 242 1276 277 ΘΕΟΦΟΡΟΤΜΕΝΗ
1709 242 1766 284 63

933 352 1022 394 220

383 411 522 470 ’Ἁρης
551 411 772 469 τύραννος

301 494 364 614 {gx
394 504 473 539 τῶν
509 496 711 551 Τιμοθέου
732 494 957 552 Περσῶν).
1019 495 1249 550 .μέμνηται
1279 498 1424 572 ταύτης
1444 496 1690 551 Μένανδρος
1723 497 1766 538 ἐν

183 559 288 599 Θαΐα
327 559 447 598 Θαΐδι
458 554 593 613 Μ111..)
623 559 759 599 Miller
772 560 979 611 Melanges
1000 560 1100 598 363.
1126 559 1272 598 Macar.
1290 561 1328 609 2,
1344 560 1397 598 39
1411 555 1533 611 ’Ἀρης
1553 558 1766 611 τύραννος·

182 617 247 660 ἐπὶ
290 625 368 659 τῶν
412 617 507 671 μετὰ
550 619 641 671 βίας
680 634 716 658 τι
747 616 1106 672 διαπραττομένων.
1170 618 1280 658 Suid.
1314 620 1354 657 eb
1384 618 1560 670 Hesych.
1581 615 1704 670 ’Ἀρης
1735 633 1766 659 τ.

180 680 356 719 Timoth.
394 679 442 720 fr.
477 682 502 719 8
538 679 687 731 Bergk.
719 680 826 718 Plut.
867 679 986 731 Ages.
1022 680 1076 718 14
1114 681 1275 726 πολλοῖς
1312 675 1423 734 ἐπῄει
1460 677 1506 717 τὰ
1541 683 1612 718 τοῦ
1648 681 1766 730 Τιμο-

178 737 280 780 θέου
318 736 462 793 λέγειν·
511 736 636 792 ’Ἀρης
674 738 887 790 τύραννος·
937 737 1084 791 χρυσὸν
1123 735 1166 777 δὲ
1196 735 1337 785 Ελλὰς
1375 737 1424 778 οὐ
1464 736 1654 778 δέδοικεν.
1717 740 1765 779 of.

181 800 288 840 Plut.
322 799 499 839 Demetr.
533 801 603 840 42.

933 880 1017 922 221

467 965 743 1021 πτωχότερος
770 965 961 1019 κίγκλου

297 1051 491 1104 παροιμία
533 1043 559 1108 ᾖ
603 1049 787 1104 κέχρηται
829 1048 1075 1103 Μένανδρος
1123 1050 1254 1090 Θαῖδι.
1335 1050 1504 1089 Photius
1542 1052 1583 1089 et
1622 1049 1766 1088 Suidas

180 1106 389 1225 ἓκύγκλος).
438 1112 584 1151 Miller.
620 1112 827 1163 Melanges
862 1113 947 1151 354
991 1109 1231 1163 πτωχότερος
1263 1110 1470 1163 λεβηρίδος
1509 1107 1535 1162 ὴ
1573 1109 1764 1149 κινδάλου

199 1184 262 1211 scr
304 1167 500 1226 κίγκλου).
551 1169 744 1224 μέμνηται
780 1170 925 1223 ταύτης
957 1169 1203 1223 Μένανδρος
1241 1169 1284 1210 ἕν
1320 1168 1547 1223 Θ[ηβ]α”ί“δι.
1592 1167 1655 1209 ε’πι
1686 1175 1765 1209 τῶν

178 1231 287 1271 πάνυ
319 1231 502 1283 πενήτων
533 1230 601 1272 καὶ
632 1230 820 1272 ἀσθενῶν
853 1231 1003 1284 είρηται
1033 1246 1059 1282 η
1092 1231 1296 1284 παροιμία.
1358 1231 1408 1270 cf.
1434 1231 1619 1281 Apostol.
1636 1232 1674 1281 9,
1697 1232 1765 1269 82.

182 1293 249 1344 10,
282 1293 454 1344 49.,15,
487 1294 514 1332 4
548 1295 589 1332 et
623 1293 830 1344 Aristoph.
861 1293 910 1333 fr.
945 1294 1012 1332 29.
1046 1293 1114 1332 35.

932 1421 1019 1463 222

467 1479 683 1537 μέταυλος

300 1566 404 1608 ἐστὶν
434 1583 460 1620 η
495 1566 654 1621 ῥυπαρὰ
685 1565 877 1621 λεγομένη
907 1566 1028 1626 αυλη,
1061 1563 1110 1607 οὗ
1141 1565 1302 1620 ὄρνιθες
1333 1561 1438 1619 ησαν
1470 1597 1479 1606 .
1512 1597 1521 1606 .
1555 1565 1766 1606 .Μέναν-

179 1628 272 1682 δρος
307 1628 438 1668 Θαΐδι.
500 1629 799 1680 Harpocration
834 1618 932 1680 127'‚
965 1629 1034 1668 25.
1085 1629 1134 1668 cf.
1167 1625 1378 1678 Aristoph.
1410 1628 1460 1667 fr.
1494 1629 1593 1668 371.

299 1689 518 1729 Praeterea
549 1690 599 1729 of.
631 1691 732 1729 407.

761 1792 1176 1827 ΘΕΟΦΟΡΟΤΜΕΝΗ

299 1870 330 1910 Ι.
351 1883 383 1910 e.
415 1871 556 1910 Puella
586 1871 761 1919 fatidica.
811 1869 994 1920 Alciphr.
1017 1871 1054 1919 2,
1077 1870 1102 1907 4
1130 1870 1230 1908 extr.
1255 1868 1514 1921 μαντεύσαιτο
1545 1864 1571 1919 ’ἡ
1609 1867 1765 1921 Φρυγία

177 1929 224 1970 τὰ
256 1928 512 1983 συμφέροντα
542 1933 726 1983 κρεῖσσον
756 1934 838 1981 τῆς
870 1927 1276 1981 θεοφορουμένης
1308 1940 1393 1968 σου
1426 1927 1582 1981 κόρης.
1634 1929 1765 1967 Sehol.

178 1991 317 2042 Eurip.
350 1990 544 2030 Androm.
581 1992 663 2030 103
697 1985 766 2043 (ex
796 1990 950 2029 emend.
992 1989 1583 2040 Fritzsch.Toeppel.P1-ogr.
1616 1989 1763 2028 Neobr.

180 2051 293 2091 1857
322 2065 359 2102 p.
383 2049 457 2101 13)
490 2050 669 2122 μονῳδία
701 2048 779 2089 ε’στὶ
810 2047 852 2089 τὸ
886 2045 938 2089 δι’
974 2047 1062 2097 ἑνὸς
1094 2048 1314 2102 προσώπου
1346 2053 1611 2101 θρηνοῦντος.
1668 2047 1764 2087 ὥστε

177 2108 220 2150 τὸ
244 2106 485 2158 Ἀσιάτιδος
508 2106 595 2164 γῆς’
630 2108 679 2150 οὐ
706 2109 885 2184 μονωδία
917 2108 1020 2149 ἐστίν
1052 2139 1061 2149 .
1088 2139 1098 2149 .
1125 2139 1134 2148 .
1167 2107 1262 2149 οὐδὲ
1293 2108 1340 2148 τὰ
1372 2108 1414 2148 ἐν
1451 2106 1764 2163 Θεοφορουμένη

179 2165 258 2226 (sic
290 2170 396 2223 Vat„
426 2167 790 2227 θεοφορουμένῳ
777 2185 803 2222 η
835 2166 997 2222 Venet.)
1029 2165 1223 2226 ᾀδόμενα·
1256 2168 1306 2209 οὐ
1337 2172 1488 2222 θρηνεῖ
1512 2168 1599 2222 γάρ.
1661 2181 1763 2219 quae

178 2231 230 2270 ad
253 2231 463 2271 Menandri
489 2231 671 2276 fabulam
695 2231 887 2271 videntur
914 2230 1129 2282 pertinere.
1180 2229 1433 2283 Θεοφόρητος
1464 2231 1544 2269 fuit
1569 2226 1765 2268 Alexidis.

930 2360 1018 2402 223

395 2448 439 2487 εἴ
465 2459 532 2495 τις
563 2443 832 2500 προσελθών
864 2458 940 2499 μοι
971 2446 1095 2486 θεῶν
1127 2442 1249 2498 λέγοι
1274 2440 1499 2500 “Κράτων,

394 2515 506 2559 ἐπὰν
537 2515 785 2572 ἀποθάνῃς,
818 2511 953 2566 αὗθις
987 2514 1030 2567 ἐξ
1063 2514 1199 2572 ἀρχῆς
1230 2516 1337 2558 ἔσει·

394 2590 486 2631 ἔσει
517 2585 557 2630 δ’
595 2588 619 2630 ὅ
650 2603 693 2630 τι
725 2586 781 2630 ἂν
812 2588 968 2644 βούλῃ,
1001 2588 1138 2643 κύων,
1170 2589 1411 2645 πρόβατον,
1442 2586 1618 2643 τράγος,

395 2661 652 2718 ἄνθρωπος,
683 2659 835 2710 ἵππος·
868 2657 937 2710 δὶς
968 2661 1129 2715 βιῶναι
1160 2660 1244 2715 γάρ
1278 2669 1325 2701 σε
1359 2659 1444 2700 δεῖ·

354 2744 375 2776 5
396 2732 665 2790 εἱμαρμένον
696 2729 817 2774 τοῦτ’
855 2731 990 2786 ἐστίν,
1025 2731 1048 2774 ὅ
1080 2747 1122 2774 τι
1153 2731 1308 2787 βούλει
1340 2728 1380 2772 δ’
1413 2727 1543 2772 §stov-²

396 2805 568 2848 ἅπαντα
599 2806 783 2859 μᾶλλον,
815 2802 955 2854 εὐθὺς
987 2804 1127 2846 εἰπεῖν
1159 2802 1215 2846 ἂν
1248 2803 1380 2856 δοκῶ,

395 2877 514 2919 ποίει
545 2891 598 2931 με
629 2874 746 2930 πλὴν
778 2875 1039 2932 ἄνθρωπον·
1073 2874 1235 2925 ἀδίκως
1266 2874 1444 2929 εὐτυχεῖ

394 2954 538 2998 κακῶς
568 2963 615 2990 τε
646 2946 826 3003 πράττει
856 2952 989 2989 τοῦτο
1021 2947 1071 2989 τὸ
1105 2949 1216 3005 ζῷον
1249 2947 1400 3002 μόνον.
1420 3006 1430 3014 ¹
