2014 3334
545 250 951 286 ΠΑΡΑΚΑΤΛΘΗΚΗ
1000 252 1408 288 ΠΕΡΙΚΕῙΡΟΜΕΝΗ
1684 252 1732 293 11
1745 251 1765 293 1

927 374 1015 416 386
1091 420 1092 423 ¹

397 458 489 502 ἔστι
521 460 666 515 κρίσις
697 458 866 513 ἄδικος,
899 457 959 508 ὡς
990 458 1120 513 ἔοικε,
1153 458 1236 501 κάν
1267 463 1404 510 θεοῖς.

301 545 483 585 Iustinus
515 545 633 586 Mart.
666 546 727 585 De
759 558 866 584 mon.
900 545 997 585 4010
1030 540 1136 600 (142
1172 541 1289 599 Otto)
1321 544 1567 598 Μένανδρος
1599 576 1608 585 .
1641 576 1650 585 .
1684 576 1693 585 .
1726 545 1768 586 ἐν

181 604 514 662 Παρακαταθήκῃ
548 608 627 645 κτλ.

932 686 1019 730 387

685 772 791 821 τοὺς
823 771 950 826 ὄφεις
980 773 1126 821 καλῶς
1156 768 1210 824 γε’
1238 786 1312 826 μοι

426 842 662 899 ἠγόρασας.

301 930 528 981 Hesychius
560 927 690 981 ὄφεις·
722 928 769 969 τὰ
801 928 1060 982 δρακοντώδη
1092 928 1284 982 γινόμενα
1314 927 1468 981 ψέλλια.
1525 927 1770 983 Μένανδρος

182 989 514 1046 Παρακαταθήκῃ
546 993 624 1030 κτλ.
685 991 834 1030 Moeris
865 991 963 1042 ⁶205,
998 992 1051 1030 26
1087 990 1212 1029 Bekk.
1247 987 1360 1041 ὄφεις
1387 986 1554 1029 Ἀττικοὶ
1583 989 1630 1029 τὰ
1661 990 1768 1043 παρὰ

181 1053 263 1098 τοῖς
288 1047 454 1102 ’Έλλησι
491 1048 621 1102 ψέλια.
683 1051 784 1090 Poll.
819 1052 858 1101 5,
892 1053 944 1090 99
985 1048 1031 1089 τὰ
1068 1048 1158 1102 περὶ
1189 1049 1282 1098 τοὺς
1319 1049 1499 1103 καρποὺς
1529 1050 1768 1104 περικάρπια

181 1108 249 1150 καὶ
273 1140 283 1150 .
310 1140 320 1150 .
345 1140 355 1150 .
381 1108 496 1162 ὄφεις
527 1109 594 1151 καὶ
624 1108 755 1163 ψέλια.
806 1111 855 1151 cf.
888 1110 1065 1151 Nicostr.
1100 1112 1168 1151 33.

934 1228 1021 1271 388

471 1312 801 1356 συνακολούθει
833 1307 935 1367 μεθ’
971 1311 1108 1368 ἡμῶν.

300 1400 472 1439 Bekker.
505 1400 656 1439 Aneod.
689 1401 787 1450 368,
821 1401 846 1439 3
880 1397 1123 1439 ἀκολουθεῖν
1153 1395 1235 1451 μετ’
1278 1398 1420 1438 αὐτοῦ·
1460 1398 1564 1439 οὕτω
1603 1400 1766 1439 συντάσ-

181 1470 323 1500 σουσιν
356 1459 399 1499 οἵ
421 1456 598 1500 Ἀττικοὶ
635 1458 722 1499 ἀντὶ
754 1464 824 1499 τοῦ
856 1457 1101 1500 ἀκολουθεῖν
1133 1458 1240 1516 αὐτῷ
1274 1489 1282 1498 .
1315 1490 1324 1499 .
1358 1489 1366 1498 .
1399 1457 1645 1512 Μένανδρος
1678 1492 1685 1499 .
1719 1491 1727 1499 .
1761 1491 1769 1499 .

180 1518 258 1560 κάν
288 1522 335 1577 τῇ
368 1519 702 1577 Παρακαταθήκῃ
733 1522 812 1560 κτλ.

904 1624 910 1631 ’
927 1613 1014 1657 389

467 1686 620 1744 θύραν
651 1685 768 1739 ἔξελε

301 1773 541 1814 Ammonius
564 1776 616 1814 71
648 1773 762 1827 θύρα
793 1772 860 1813 καὶ
885 1774 1040 1827 θυραία
1073 1771 1264 1827 διαφέρει.
1318 1773 1429 1826 θύρα
1461 1771 1532 1825 μὲν
1558 1773 1633 1828 γάρ
1666 1773 1769 1814 ἐστιν

181 1830 206 1885 ἡ
239 1831 278 1881 ἐξ
316 1831 439 1886 ἀρχῆς
476 1832 683 1887 γενομένη.
746 1832 990 1887 Μένανδρος
1029 1833 1072 1874 ἐν
1110 1833 1444 1890 Παρακαταθήκῃ
1476 1837 1555 1874 κτλ.
1619 1835 1770 1886 θυραία

182 1891 225 1933 δὲ
264 1893 307 1933 τὸ
347 1892 490 1946 μέλλον
529 1893 630 1947 πρὸς
673 1892 848 1946 ἐκκοπὴν
888 1894 1021 1947 θύρας
1063 1891 1241 1947 μέγεθος.
1306 1895 1474 1934 Photius
1515 1895 1685 1947 θυραία·
1727 1894 1768 1934 τὸ

181 1951 353 2008 ἅνονγμα
383 1959 453 2007 τῆς
484 1954 627 2008 θύρας.
690 1952 944 2009 Μένανδρος.
1005 1955 1052 1995 cf.
1086 1955 1258 1995 Lobeok.
1291 1955 1468 2006 Paralip.
1503 1957 1600 1995 309.

934 2083 1022 2126 390

301 2170 598 2222 Harpocration
642 2170 749 2224 ὅρος·
783 2170 910 2218 οὕτως
953 2169 1123 2211 ἐκάλουν
1156 2170 1198 2211 οἱ
1220 2167 1384 2211 Ἀττικοὶ
1422 2169 1468 2210 τὰ
1500 2169 1644 2211 ἐπόντα
1683 2174 1768 2218 ταῖς

181 2229 461 2284 ὑποκειμέναις
493 2230 636 2279 οἰκίαις
665 2230 733 2271 καὶ
771 2231 928 2284 χωρίοις
958 2231 1181 2285 γράμματα,
1213 2229 1239 2270 ἃ
1271 2229 1416 2283 ἐδήλου
1448 2229 1506 2271 ὅτι
1537 2229 1768 2271 ὑπόκεινται

183 2291 366 2347 δανειστῇ
398 2322 408 2332 .
440 2322 450 2331 .
482 2322 495 2340 .,
523 2290 587 2331 καὶ
615 2289 859 2344 Μένανδρος
885 2291 1229 2347 Παρακαταθήκῃ.
1292 2292 1481 2331 similiher
1512 2292 1626 2330 nulla
1653 2292 1765 2331 Men-

183 2353 299 2392 andri
323 2353 525 2392 mentione
557 2353 666 2392 facta
687 2352 854 2392 Photius
875 2355 917 2392 eb
938 2352 1095 2401 Suidas,
1129 2366 1174 2391 ao
1201 2352 1402 2403 copiosius
1424 2352 1593 2392 Bekker.
1615 2352 1765 2391 Aneod.

185 2414 284 2464 285,
307 2414 372 2462 12.
415 2412 559 2452 Pollux
581 2415 620 2464 9,
641 2415 664 2452 9
686 2411 728 2452 τὸ
749 2411 956 2465 ὑπόχρεων
975 2412 1120 2465 χωρίον
1141 2409 1373 2464 ὡρισμένον,
1399 2409 1466 2450 καὶ
1484 2408 1510 2462 ἡ
1532 2410 1764 2462 ἐνεστηκυῖα

184 2471 326 2524 στήλη
358 2471 460 2526 ὄρος.
525 2475 562 2522 3,
590 2474 644 2512 85
679 2471 798 2525 ὅρους
829 2471 1033 2513 ἐνεστάναι
1058 2472 1203 2528 χωρίῳ·
1236 2472 1374 2519 λίθος
1408 2467 1443 2510 δ’
1479 2465 1531 2523 ἦν
1563 2469 1588 2522 ἢ
1622 2471 1766 2522 στήλη

183 2547 240 2580 τις
271 2532 450 2584 δηλοῦσα
475 2530 527 2580 ὡς
553 2531 657 2572 ἔστιν
688 2531 894 2586 ὑπόχρεων
919 2531 962 2572 τὸ
994 2533 1149 2585 χωρίον.
1206 2533 1255 2571 cf.
1274 2531 1446 2583 Hesych.
1480 2530 1582 2583 ὅρος.
1622 2532 1764 2570 Meier-

184 2592 364 2633 Schoem.
395 2593 507 2633 Proc.
542 2594 628 2633 Att.
662 2595 762 2634 506.
812 2594 1019 2634 Demosth.
1054 2595 1124 2642 31,
1160 2595 1196 2633 1.
1230 2594 1266 2632 3.
1301 2593 1341 2630 4.
1386 2593 1455 2639 41,
1489 2593 1526 2631 6.

771 2709 1177 2743 ΠΕΡΙΚΕΙΡΟΜΕΝΗ

304 2785 503 2836 Agathias
522 2785 687 2825 Anthol.
707 2785 792 2826 Pal.
813 2787 853 2837 5,
881 2786 965 2825 218
998 2783 1067 2824 τὸν
1099 2782 1274 2836 σοβαρὸν
1305 2779 1591 2834 Πολέμωνα,
1622 2780 1692 2822 τὸν
1723 2781 1766 2822 ἐν

183 2842 381 2901 θυμέλῃσι
412 2844 710 2898 Μενάνδρου
741 2845 968 2898 κείραντα
1005 2842 1221 2898 γλυκεροὺς
1259 2848 1340 2895 τῆς
1381 2841 1557 2895 ἀλόχου
1589 2842 1764 2882 πλοκά-

185 2919 303 2956 μους
334 2902 543 2958 ὅπλότερος
568 2903 766 2957 Πολέμων
798 2905 993 2958 μιμήσατο
1021 2936 1029 2944 .
1057 2936 1064 2942 .
1093 2933 1102 2943 .
1128 2900 1212 2943 ἀλλ’
1249 2899 1374 2954 ἔμπης
1405 2901 1554 2942 τελέθει
1574 2902 1766 2942 Μισού-

185 2979 346 3017 μενος,
378 2963 502 3018 αὐτὰρ
534 2964 654 3019 ἔγωγε
680 2965 949 3016 Δύσκολος,
982 2963 1055 3016 οὐχ
1086 2961 1215 3016 ὁρόων
1240 2961 1312 3014 τὴν
1340 2960 1764 3015 Περικειρομένην.
