2014 3334
752 250 959 286 ΔΔΗΛΩΝ
983 251 1246 286 ΔΡΑΜΑΤΩΝ
1698 250 1782 294 157

322 362 360 401 2.
393 357 452 402 ‘ut
480 363 524 402 εἴη
554 364 710 404 mendo
739 364 907 404 solemus
942 376 1023 403 non
1053 364 1157 403 made
1186 365 1238 403 sit
1274 364 1344 404 sed
1375 365 1489 414 quale
1518 367 1570 404 sit
1600 366 1782 416 spectare

196 417 484 473 potissimum'.
547 421 686 464 Cobet.
717 428 860 464 τοῦτον
895 421 965 463 τὸν
1007 422 1155 476 τρόπον
1199 421 1272 474 ὡς,
1315 426 1364 463 ut
1407 424 1658 476 antiquiores
1699 426 1783 464 fere

198 478 342 534 ὥσπερ.
404 482 453 522 ef.
484 482 694 524 Heindorf.
732 485 838 525 Plat.
869 483 1020 524 Phaed.
1053 485 1108 523 86
1125 496 1160 522 a.
1210 483 1383 523 Lobeck.
1421 485 1572 536 Phryn.
1610 486 1709 525 426.
1745 487 1783 526 7.

197 541 239 581 4.
269 540 487 582 Herodian.
519 542 540 581 I
571 545 673 595 311,
705 546 760 585 29
799 542 847 584 τὰ
879 542 935 591 εἰς
965 540 1024 595 W]
1063 542 1282 596 δισύλλαβα
1321 543 1536 596 βαρύνεται
1564 576 1573 584 .
1594 575 1602 584 .
1624 574 1633 584 .
1661 544 1784 597 τήθη,

198 599 327 653 τίτθη.
375 602 425 641 ef.
456 602 555 643 Lob.
593 604 742 656 Phryn.
778 606 876 644 134.
959 606 996 644 7.
1036 599 1130 643 ‘non
1172 603 1288 642 decet
1331 606 1515 654 spectare
1559 618 1660 656 quae
1703 618 1784 644 ιιοιι

197 660 319 701 utilia
355 664 468 714 sunt,
507 664 722 716 neglegere
763 662 837 717 (μὴ
877 659 1072 716 ἐξετάσαι)
1115 677 1211 704 vero
1253 676 1385 703 mores
1425 667 1498 704 cet.
1507 681 1518 715 3
1561 677 1630 704 nec
1669 665 1784 705 decet

198 723 414 772 argentum
433 725 619 763 accurate
639 725 880 775 examinare,
910 737 1076 764 uxorem
1095 736 1192 763 vero
1217 723 1379 763 incaute
1400 719 1472 776 (μὴ
1494 720 1782 778 δοκιμάσαντα)

198 782 240 820 et
269 781 495 822 inconsulte
528 780 699 824 ducere'.
735 785 874 836 Eurip.
907 785 969 823 El.
1000 785 1112 824 1097
1149 778 1308 838 (Mein.)
1343 782 1447 831 ὅστις
1479 781 1522 823 δὲ
1552 787 1726 824 πλοῦτον
1756 782 1783 837 ἢ

197 837 400 894 εὐγένειαν
436 841 596 883 εἰσιδὼν
631 848 754 897 γαμεῖ
777 843 978 899 πονηράν,
1015 842 1147 896 μωρός
1186 842 1274 883 ἐστι.
1357 845 1396 883 8.
1426 844 1599 884 Bekker.
1632 844 1782 885 Aneed.

201 901 300 951 238,
321 903 375 942 18
409 901 667 956 δοκιμαστής·
699 902 720 944 ὀ
747 904 919 979 δικάζων
944 919 1010 943 και
1043 902 1150 952 ἱστὰς
1181 901 1250 943 τὸν
1277 902 1457 955 σταθμὸν
1482 902 1550 943 καὶ
1575 902 1616 943 τὸ
1643 903 1784 957 μέτρον

195 965 277 1000 τῶν
307 957 454 1013 ὠνίων,
486 962 523 1002 εἰ
550 962 630 1004 εστι
660 963 760 1004 καλὰ
791 963 858 1004 καὶ
889 963 1056 1017 εμμετρα
1081 961 1149 1003 καὶ
1179 962 1471 1017 ἀκακούργητα.
1533 964 1630 1003 ibid.
1661 967 1729 1016 89,
1758 967 1780 1004 7

197 1019 459 1074 δοκιμαστήν’
505 1022 580 1063 οὐκ
622 1023 975 1079 ἀργυρογνώμονα.
1045 1023 1289 1075 δοκιμαστην
1329 1025 1481 1064 rectius
1525 1024 1604 1063 dici
1649 1028 1784 1064 monet

197 1093 319 1132 quam
355 1079 708 1137 ἀργυρογνώμονα.
762 1083 904 1137 [Plan]
938 1085 998 1124 De
1030 1085 1124 1125 viris.
1157 1086 1242 1124 378
1258 1084 1284 1123 d
1320 1082 1410 1136 περὶ
1447 1083 1490 1123 τὸ
1521 1084 1686 1137 χρυσίον
1717 1083 1784 1124 καὶ

195 1138 240 1180 τὸ
283 1138 475 1195 ἀργύριον
518 1142 618 1184 εἰσὶν
661 1142 760 1197 ἡμῖν
804 1144 1040 1197 δοκιμασταί
1059 1175 1069 1184 .
1090 1176 1098 1183 .
1120 1176 1128 1184 .
1150 1144 1259 1191 τίνας
1304 1137 1380 1184 οὖν
1423 1143 1589 1192 τούτους
1632 1147 1783 1193 καλεῖς;

196 1198 572 1255 ἀργυρογνώμονας.
604 1227 652 1232 —-
683 1207 855 1246 fortasse
889 1205 1143 1245 scribendum
1174 1200 1275 1244 ἐσθ’
1312 1201 1332 1243 ὅ
1366 1203 1615 1255 δοκιμαστὴς.

946 1321 1034 1364 533

413 1402 572 1446 ἀπολεῖ
599 1420 652 1460 με
686 1405 735 1447 τὸ
767 1405 908 1459 γένος.
971 1404 1030 1460 μὴ
1064 1402 1175 1459 λέγ’,
1209 1405 1251 1446 εἰ
1280 1407 1426 1460 φιλεῖς
1457 1404 1545 1460 ἐμέ,

411 1480 561 1531 μῆτερ,
596 1473 666 1532 ἐφ’
705 1475 872 1535 ἑκάστῳ
905 1477 955 1519 τὸ
987 1475 1129 1531 γένος.
1192 1471 1260 1527 οἷς
1292 1475 1347 1519 ἄν
1379 1482 1431 1533 τῇ
1464 1477 1598 1532 φύσει

413 1546 589 1601 ἀγαθὸν
620 1547 795 1606 ὑπάρχῃ
829 1546 970 1605 μηδὲν
1003 1549 1170 1591 οἰκεῖον
1201 1550 1388 1605 προσόν,

366 1618 372 1621 “
411 1617 554 1662 ἐκεῖσε
584 1621 961 1677 καταφεύγουσιν,
994 1621 1057 1672 εἰς
1087 1621 1141 1663 τὰ
1173 1622 1379 1676 μνήματα

372 1702 392 1731 ὁ
413 1688 487 1733 καὶ
518 1692 568 1734 τὸ
600 1691 744 1748 γένος,
776 1693 1051 1749 ἀριθμοῦσίν
1082 1708 1128 1735 τε
1159 1694 1265 1743 τοὺς
1296 1693 1502 1743 πάππους
1534 1692 1652 1735 ὅσοι·

414 1760 550 1806 οὐδὲν
582 1764 622 1806 δ’
658 1766 810 1821 ἔχουσι
842 1768 1012 1819 πλεῖον,
1045 1760 1143 1807 οὐδ’
1180 1763 1294 1821 ἐρεῖς
1326 1764 1412 1823 ὅτςο

413 1834 496 1878 οὐκ
528 1834 614 1878 εἰσὶ
646 1836 833 1880 πάπποι·
877 1844 970 1887 πῶς
1000 1837 1085 1893 γὰρ
1118 1834 1313 1891 ἐγένοντ’
1351 1836 1407 1878 ἄν
1438 1850 1563 1885 ποτε;

413 1908 461 1948 οἳ
487 1907 547 1962 μὴ
580 1906 727 1962 λέγειν
760 1907 802 1950 δ’
839 1910 991 1964 ἔχουσι
1021 1908 1210 1959 τούτους
1242 1908 1317 1950 διά
1347 1923 1447 1950 τινα

410 1979 552 2022 τόπου
583 1981 832 2036 μεταβολὴν
863 1979 890 2036 ἢ
924 1982 1070 2036 φίλων
1102 1979 1304 2036 ἐρημίαν,

354 2061 397 2092 10
417 2052 465 2092 τί
490 2058 582 2095 τῶν
613 2054 838 2107 λεγόντων
869 2051 958 2095 εἰσὶ
990 2051 1348 2109 δυσγενέστεροι;

413 2121 461 2173 ὃς
492 2122 548 2166 ἂν
579 2120 630 2167 εὗ
662 2125 858 2180 γεγονὼς
890 2118 916 2181 ᾗ
948 2130 1001 2180 τῇ
1034 2124 1169 2179 φύσει
1201 2125 1312 2181 πρὸς
1342 2123 1531 2178 τάγαθά,

413 2192 497 2237 κᾶν
529 2196 705 2246 Αἰθίοψ
736 2189 779 2252 ᾖ,
811 2201 962 2252 μῆτερ,
996 2194 1117 2238 ἐστὶν
1149 2195 1344 2250 εὐγενής.

414 2266 603 2322 Σκύθης
632 2280 717 2318 τις·
751 2268 956 2325 ὄλεθρος·
996 2267 1020 2310 ὁ
1054 2265 1094 2310 δ’
1128 2265 1389 2325 Ἀνάχαρσις
1421 2266 1475 2309 οὐ
1507 2267 1713 2322 Σκύθης;

317 2352 518 2393 Stobaeus
550 2354 690 2394 Floril.
714 2356 783 2406 86,
805 2357 829 2395 6
859 2351 1105 2407 Ἐπιχάρμου
1125 2355 1175 2394 A.
1196 2339 1199 2341 ’
1220 2357 1263 2393 at
1294 2356 1402 2394 recte
1434 2368 1470 2394 v.
1501 2355 1644 2393 1—10
1676 2354 1781 2393 idem

196 2414 271 2465 87,
303 2414 330 2452 4
374 2412 623 2466 Μενάνδρου
655 2414 694 2453 Α
725 2415 840 2455 Voss.
872 2415 993 2455 Heus.
1033 2410 1302 2468 (utrubique).
1408 2418 1444 2454 1.
1482 2417 1609 2465 φιλεῖς
1651 2414 1690 2453 τί
1732 2429 1779 2465 με

194 2472 400 2513 Herwerd.
436 2472 530 2513 obs.
563 2474 650 2514 crit.
685 2477 754 2515 92.
786 2477 829 2514 at
859 2475 908 2515 ef.
941 2475 1064 2515 Arist.
1097 2475 1203 2514 Nub.
1237 2476 1304 2514 83.
1374 2476 1413 2515 2.
1445 2472 1582 2526 μῆτερ]
1615 2472 1710 2525 μήτε
1743 2476 1777 2513 Α

196 2533 266 2573 86.
314 2537 360 2588 τῇ
400 2532 521 2583 φύσει
551 2533 719 2575 AVoss.
746 2533 822 2586 87]
867 2534 987 2586 φύσει
1018 2535 1183 2574 AVoss.
1218 2536 1285 2573 86.
1374 2536 1411 2574 3.
1443 2532 1600 2588 ὑπάρχῃ
1631 2534 1668 2572 Α
1702 2533 1776 2584 87]

194 2589 358 2645 ὑπάρχει
391 2593 507 2634 Voss.
538 2596 580 2633 eb
609 2593 648 2633 A
680 2596 749 2635 86.
829 2593 1040 2644 4.·ἐκεῖσε]
1075 2593 1113 2642 ἐς
1144 2599 1259 2634 τοῦτο
1286 2594 1320 2631 Β
1354 2595 1408 2634 86
1443 2596 1484 2632 ef,
1514 2592 1680 2632 AVoss.
1709 2595 1777 2633 87.

194 2651 395 2703 μνήματα]
435 2652 610 2704 κτήματα
642 2653 808 2694 AVoss.
837 2656 905 2694 86.
1005 2656 1044 2694 5.
1085 2653 1169 2694 ὅσοι
1207 2667 1283 2692 οιιι.
1315 2653 1482 2692 AVoss.
1510 2654 1578 2692 86.
1638 2651 1710 2691 ὅσα
1742 2654 1776 2691 Β

196 2713 264 2752 86.
337 2714 375 2752 6.
408 2708 445 2751 δ’
481 2726 559 2753 οιιι.
592 2713 706 2754 Voss.
739 2716 807 2754 87.
859 2712 1004 2754 οὐδένα
1050 2710 1086 2752 δ’
1135 2712 1236 2765 ἔχοις
1281 2712 1381 2751 ἰδεῖν
1426 2709 1514 2751 οὐδ’
1562 2711 1686 2751 εἰπεῖν
1720 2715 1774 2752 86

196 2765 381 2825 (excepto
413 2773 446 2811 B
479 2775 521 2811 et
550 2771 636 2825 ἐρεῖ
661 2768 808 2828 Voss).
909 2777 948 2814 7.
979 2771 1160 2826 ἐγένοντο
1194 2786 1270 2812 οιιι.
1302 2769 1352 2810 ἄν
1384 2772 1552 2811 AVoss.
1580 2773 1647 2811 86.
1737 2775 1774 2811 8.

196 2831 237 2870 οἳ
257 2830 443 2881 Salmas]
471 2831 516 2871 εἰ.
567 2832 733 2881 τούτους
754 2833 828 2884 87]
855 2838 969 2873 τοῦτο
991 2835 1059 2872 86.
1125 2835 1190 2872 10.
1217 2830 1428 2884 λεγόντων]
1462 2830 1631 2883 ἐχόντων
1656 2832 1776 2871 Mein.

198 2890 401 2930 Stob.111
433 2905 574 2931 xxvm.
613 2891 910 2964 δυσμενέστεροι
943 2888 996 2932 Al
1030 2894 1252 2931 86.11
1299 2889 1351 2938 ὡς
1395 2907 1445 2930 αι
1490 2885 1534 2930 εὗ
1575 2890 1776 2943 γερόνῶση

196 2945 364 3002 ἐρημίαν
389 2949 457 3004 (ex
478 2946 524 3005 9)
548 2956 594 3006 τῇ
621 2951 740 3002 φύσει
763 2967 805 2992 π.
824 2968 855 2992 τ.
875 2954 923 2992 Α.
986 2962 1308 3004 οσανευγεροωση
1334 2956 1379 3005 τῇ
1406 2951 1525 3002 φύσει
1549 2965 1590 2990 π.
1609 2966 1639 2990 τ.
1662 2951 1774 2990 Voss.
