2014 3334
258 253 345 295 390
627 260 630 265 ’
921 250 1085 291 ΞΕΝΩΝ
1111 273 1153 278 -

880 387 1206 462 ΞΕΝῼΝ

867 503 1037 542 Meinek.
1069 504 1088 541 Ι
1121 504 1218 543 500.

801 582 1007 616 ΑΔΗΛΟΤ
1031 582 1288 616 ΔΡΑΜΑΤΟΣ

1031 655 1054 697 1

547 724 706 776 πάντες
737 728 944 780 τελῶναι,
975 725 1136 776 πάντες
1166 723 1280 768 εἰσὶν
1311 725 1512 783 ἅρπαγες.

546 797 684 839 κακὸν
713 795 838 847 τέλος
867 794 1041 851 γένοιτο
1072 803 1166 848 τοῖς
1192 792 1434 853 Ὠρωπίοις.

382 881 683 934 [Dicaearchus]
708 885 744 932 1,
779 886 800 922 7
834 884 877 921 in
897 883 938 922 C.
969 883 1149 924 Mueller.
1182 882 1326 935 Geogr.
1357 884 1450 922 min.
1482 884 1501 921 I
1535 886 1615 923 101
1650 885 1828 923 τελωνῶν

263 939 325 996 (ἐν
357 938 547 998 Ὠρωπῷ)
579 940 873 994 ἀνυπέρβλητος
917 942 1120 990 πλεονεξία
1151 940 1194 981 ἐκ
1229 945 1384 982 πολλῶν
1421 942 1573 995 χρόνων
1609 941 1828 998 ἀνεπιθέτῳ

263 1008 307 1057 τῇ
339 1001 512 1057 πονηρίᾳ
543 1000 868 1053 συντεθραμμένη
902 1032 910 1041 .
942 1031 952 1041 .
984 1031 993 1040 .
1025 1001 1068 1041 οῖ
1094 1001 1214 1053 στίχοι
1253 999 1432 1050 Ξένωνος
1462 1005 1540 1042 κτλ.
1600 1016 1639 1042 v.
1673 1004 1695 1041 1
1729 1005 1770 1041 et
1802 1004 1826 1040 2

264 1062 780 1162 gansffneniiigvidentur.
813 1082 867 1088 —
901 1061 950 1102 cf.
975 1061 1161 1101 Bursian.
1217 1061 1359 1112 Geogr.
1384 1076 1444 1114 gr.
1468 1062 1489 1101 I
1516 1063 1612 1105 220.
1656 1061 1828 1101 Boeckh.

301 1134 355 1161 ec.
425 1123 472 1160 tt.
555 1148 564 1158 .
585 1123 651 1160 42.

784 1353 1313 1404 ΠΟΛΙΟΧΟΣ

876 1450 1047 1489 Meinek.
1071 1450 1093 1488 I
1124 1450 1221 1489 498.

834 1528 1264 1563 ΚΟΡΙΝΘΙΑΣΤΗΣ

388 1605 446 1644 Cf.
478 1618 580 1656 quae
613 1605 663 1644 ad
693 1604 912 1644 Philetaeri
941 1604 1121 1644 fabulam
1156 1604 1428 1656 cognominem
1461 1604 1714 1645 adnotantur.

1037 1721 1061 1763 1

525 1825 533 1834 .
567 1825 576 1834 .
610 1791 728 1842 ὅπως
759 1802 807 1834 σε
838 1793 978 1834 πείσει
1010 1788 1121 1846 μηδὲ
1153 1785 1228 1845 εἷς,
1259 1791 1370 1848 πρὸς
1399 1797 1489 1834 τῶν
1519 1795 1655 1846 θεῶν,

482 1865 587 1914 τοὺς
617 1865 795 1918 βόακας,
827 1863 882 1904 ἄν
912 1859 1009 1905 ποτ’
1045 1863 1172 1918 ἔλθῃ,
1204 1862 1542 1918 λευκομαινίδας
1571 1866 1734 1905 καλεῖν.

293 1999 301 2004 ‚
390 1949 623 1989 Athenaeus
658 1951 694 2000 7,
727 1951 841 1989 3130
884 1948 1101 1988 καλοῦνταί
1133 1962 1234 1996 τινες
1265 1943 1479 2002 (μαινίδες)
1522 1947 1590 1988 καὶ
1630 1951 1836 2000 λευκομαι-

271 2009 391 2060 νίδες,
421 2006 470 2056 ἃς
500 2007 600 2049 ἔνιοι
630 2008 779 2061 βόακας
810 2005 1059 2060 ὀνομάζουσι.
1119 2008 1315 2061 Πολίοχος
1344 2009 1616 2063 Κορινθιαστῇ
1646 2011 1726 2048 κτλ.
1802 2012 1836 2049 1.

271 2069 397 2108 πείσει
427 2068 563 2108 Cobet.
595 2068 645 2108 N.
676 2069 702 2108 1.
736 2066 839 2119 617]
872 2067 998 2124 πείσῃ.
1079 2069 1117 2107 2.
1148 2066 1248 2123 ἔλθῃ
1279 2070 1325 2107 uss
1356 2069 1464 2107 ceriso
1497 2070 1748 2119 corruptum,
1778 2068 1839 2107 ita

271 2142 350 2168 non
382 2128 637 2241 {mendefftum
669 2130 730 2167 est
761 2128 812 2167 ab
842 2127 1047 2167 Herwerd.
1080 2126 1197 2167 Anal.
1229 2127 1317 2166 crit.
1349 2128 1418 2167 33.
1469 2128 1610 2166 Mnem.
1635 2140 1722 2167 nov.
1755 2127 1838 2166 1111

275 2190 357 2227 307
405 2186 529 2244 ἕσθῃς
551 2218 559 2227 .

812 2289 1017 2323 ΑΔΗΛΟΤ
1041 2289 1298 2324 ΔΡΑΜΑΤΟΣ

1045 2362 1072 2403 2

1056 2430 1337 2488 μεμαγμένην

560 2505 720 2560 μικρὰν
751 2507 970 2560 μελαγχρῆ
1003 2505 1141 2559 μᾶζαν
1171 2501 1460 2560 ἠχυρωμένην

561 2574 763 2631 ἑκάτερος
793 2575 918 2632 ἡμῶν
950 2572 1037 2631 εἶχε
1069 2572 1138 2625 δὶς
1168 2580 1243 2631 τῆς
1275 2573 1437 2631 ἡμέρας

561 2645 632 2690 καὶ
665 2652 777 2690 σῦκα
808 2646 926 2702 βαιά,
957 2643 1031 2690 καὶ
1061 2645 1201 2701 μύκης
1230 2659 1296 2696 τις
1327 2642 1460 2688 ἐνίοτ’
1493 2645 1549 2688 ἂν

522 2731 541 2761 5
563 2718 749 2773 ὠπτᾶτο,
780 2716 854 2761 καὶ
884 2718 1060 2774 κοχλίας
1090 2715 1332 2772 γενομένου
1363 2717 1586 2767 ψακαδίου

562 2788 761 2844 ἠγρεύετ’
798 2790 867 2835 ἄν,
898 2787 972 2832 καὶ
1002 2788 1168 2844 λάχανα
1200 2794 1288 2830 τῶν
1320 2787 1611 2844 αὐτοχθόνων

563 2862 735 2916 θλαστή
765 2859 803 2903 τ’
841 2859 958 2915 ἐλάα,
990 2857 1062 2902 καὶ
1093 2866 1210 2902 πιεῖν
1242 2859 1444 2916 οἰνάριον
1473 2855 1531 2914 ἦν

563 2931 824 2988 ἀμφίβολον.
