2014 3334
729 244 931 279 ΒοιςεΤιΣ
980 246 1208 280 ΓΕΩΡΓΟΣ
1709 246 1765 289 29

945 415 1003 457 94

397 498 420 541 ὁ
455 494 496 541 δ’
531 498 752 554 ἠδικηκὼς
785 498 905 549 ὅστις
937 496 1035 541 ἔσθ’
1073 495 1203 549 οὗτός
1235 514 1339 542 ποτε

397 571 480 625 τὴν
511 569 729 627 ὑμετέραν
760 572 933 624 πενίαν,
966 571 1250 626 κακοδαίμων
1282 569 1402 626 ἔσθ’,
1435 571 1502 614 ὅτι

395 638 516 685 τοῦτ’
551 642 777 698 ἠδίκηκεν,
811 638 866 685 οὗ
897 642 1034 698 τυχὸν
1065 644 1378 698 μεταλήψεται.

398 715 439 757 εἰ
467 713 541 758 καὶ
574 710 738 771 σφόδρ’
774 714 958 771 εὐπορεῖ
986 714 1092 771 γάρ,
1126 714 1344 770 ἀβεβαίως
1374 721 1542 772 τρυφᾷ·

351 799 371 828 5
398 787 448 829 τὸ
479 792 557 841 τῆς
587 787 722 842 τύχης
753 787 838 843 γὰρ
871 786 1012 843 ῥεῦμα
1044 788 1300 842 μεταπίπτει
1331 787 1453 843 ταχύ.

301 885 499 925 Stobaeus
525 886 662 925 Floril.
693 887 791 938 105,
824 888 879 926 28
913 885 1163 939 Μενάνδρου
1190 888 1359 942 Γεωργῷ
1379 887 1427 925 Α.
1477 900 1515 926 v.
1537 888 1561 926 5
1589 886 1764 937 Etymol.

181 959 232 985 m.
268 947 364 996 685,
398 947 453 986 38
486 944 731 998 Μένανδρός
763 957 863 998 φησι
894 949 972 986 κτλ.
1035 947 1165 986 Sehol.
1200 946 1408 1004 S9phoclis
1442 945 1538 986 Oed.
1567 947 1611 984 T.
1640 949 1764 986 1191.

181 1005 356 1045 Cramer.
394 1006 545 1045 Anecd.
584 1005 656 1045 Ox.
696 1007 863 1058 1333,
903 1009 970 1046 32.
1046 1007 1178 1046 Schol.
1212 1007 1309 1047 Ven.
1353 1007 1469 1046 Hom.
1508 1007 1554 1046 Il.
1595 1008 1639 1055 4,
1680 1009 1762 1046 396

181 1062 282 1119 (IIII
317 1067 426 1164 {83⁷
467 1068 522 1106 30
559 1060 710 1120 Dind.).
787 1068 826 1106 2.
863 1063 1056 1119 ἡμετέραν
1089 1067 1204 1106 Voss.
1281 1069 1319 1107 3.
1356 1065 1486 1119 τυχὼν
1523 1067 1573 1105 Ν.
1643 1068 1680 1105 4.
1721 1060 1764 1106 εὖ

181 1139 287 1168 ποιει
357 1139 409 1165 rs.

944 1243 1002 1286 95

398 1321 529 1376 οὗτος
560 1326 793 1383 κράτιστός
823 1325 912 1370 ἐστ’
949 1326 1083 1383 ἀνήρ,
1118 1323 1151 1369 ὦ
1186 1329 1229 1369 Γ
1224 1329 1367 1383 οργία,

398 1398 518 1449 ὅστις
550 1398 803 1442 ἀδικεῖσθαι
835 1397 1004 1442 πλεῖστ’
1042 1397 1236 1441 ἐπίστατ’
1273 1399 1517 1456 ἐγκρατῶς”

396 1470 445 1512 τὸ
479 1467 519 1512 δ’
558 1470 790 1526 ὀξύθυμον
821 1476 953 1513 τοῦτο
985 1468 1059 1513 καὶ
1092 1472 1194 1513 λίαν
1225 1471 1386 1526 πικρὸν

398 1540 540 1597 δεῖγμ’
578 1540 700 1584 ἐστὶν
733 1542 873 1592 εὐθὺς
904 1548 1011 1584 πᾶσι
1043 1544 1347 1598 μικροψυχίας.

296 1640 420 1681 Orion
434 1641 748 1693 Antholognom.
762 1644 799 1693 7,
815 1643 838 1680 9
867 1630 938 1680 τοῦ
964 1639 1103 1692 αὐτοῦ,
1123 1642 1271 1680 lemma
1290 1640 1333 1680 ἐκ
1352 1647 1422 1681 τοῦ
1442 1643 1643 1695 Γεωργοῦ,
1664 1643 1764 1681 falso

182 1701 430 1753 adscriptum
460 1702 512 1740 ad
546 1704 583 1753 7,
617 1703 642 1741 8
676 1702 782 1752 quod
814 1703 876 1740 est
906 1701 954 1741 fr.
975 1701 1080 1740 Men.
1105 1703 1201 1753 179,
1233 1702 1410 1753 pertinet
1441 1703 1491 1741 ad
1526 1705 1564 1753 7,
1598 1704 1635 1742 9.
1667 1716 1704 1742 v.
1727 1704 1764 1743 1.

183 1764 206 1801 2
241 1762 440 1801 Sssobaeus
471 1761 578 1802 Flor.
612 1762 651 1812 5,
686 1763 707 1800 1
750 1760 999 1813 Μενάνδρου
1032 1762 1226 1815 Γεωργῶν
1258 1762 1307 1801 Α.
1375 1776 1412 1802 v.
1439 1764 1477 1802 3.
1505 1764 1532 1801 4
1566 1761 1763 1801 Stobaeus

181 1822 289 1862 Flor.
323 1816 398 1873 20,
425 1824 478 1860 22
513 1826 584 1861 τοῦ
616 1819 741 1861 αὐτοῦ
781 1816 1070 1876 (Μενάνδρου)
1103 1822 1152 1861 A.
1197 1843 1252 1848 —-—
1299 1824 1337 1861 2.
1377 1820 1575 1861 ἐπίσταται
1612 1822 1765 1874 βροτῶν

185 1881 295 1921 Stob.
328 1880 558 1921 ἀδικεῖσθαι
589 1877 775 1921 ‘iniurias
805 1877 936 1930 ferre'.
997 1882 1117 1921 Mein.

944 2010 1001 2053 96

398 2095 538 2151 ἀγρὸν
570 2092 886 2149 εὐσεβέστερον
917 2101 1133 2150 γεωργεῖν
1166 2093 1331 2137 οὐδένα

397 2163 539 2222 οἶμαι·
583 2165 711 2223 φέρει
740 2166 826 2222 γὰρ
858 2165 940 2208 ὅσα
971 2170 1098 2216 θεοῖς
1130 2167 1249 2222 ἄνθη
1281 2166 1406 2221 καλά,

396 2240 560 2298 κιττόν,
594 2238 791 2294 δάφνην
823 2238 984 2292 κριθὰς
1016 2236 1056 2280 δ’
1095 2237 1172 2281 ἐὰν
1205 2240 1386 2295 σπείρω,
1418 2238 1537 2280 πάνυ

399 2310 569 2360 δίκαιος
602 2309 666 2352 ὢν
698 2307 889 2365 ἀπέδωχ’
927 2309 1034 2360 ὅσας
1066 2308 1122 2351 ἂν
1153 2310 1398 2365 καταβάλω.

303 2408 500 2448 Stobaeus
524 2408 663 2447 Floril.
697 2409 765 2458 57,
798 2409 822 2447 5
857 2406 1106 2460 Μενάνδρου
1134 2409 1319 2461 Γεωργοῦ
1346 2408 1394 2446 A.
1454 2407 1595 2446 Pollux
1619 2409 1653 2455 l,
1678 2407 1761 2445 227

188 2466 426 2521 Μένανδρος
471 2468 627 2507 δίκαιον
669 2465 812 2523 γῄδιον
854 2470 971 2507 καλεῖ
1007 2466 1050 2507 τὸ
1097 2465 1222 2519 μηδὲν
1265 2465 1387 2507 πλέον
1430 2472 1501 2506 τοῦ
1546 2463 1764 2517 σπέρματος

184 2526 364 2581 ἕκφέρον.
407 2528 630 2575 Quintilian
652 2530 719 2579 12,
744 2530 810 2578 10,
844 2529 898 2567 25
931 2530 967 2567 si
998 2529 1098 2576 quod
1117 2559 1126 2567 .
1148 2559 1156 2567 .
1177 2559 1186 2568 .
1206 2529 1365 2567 uberius
1394 2528 1611 2566 invenerint
1639 2527 1764 2565 solum

183 2590 454 2637 fertilioremve
471 2591 642 2637 seyetem,
655 2591 864 2637 neqaturos
878 2581 1103 2642 (existimo)
1117 2587 1290 2627 Atticam
1310 2599 1400 2631 esse,
1421 2587 1521 2635 quod
1532 2587 1627 2635 plus
1646 2598 1762 2634 quam

185 2651 372 2698 acceperit
402 2650 560 2688 seminis
581 2649 742 2695 reddat5
773 2649 867 2696 quia
885 2649 985 2686 hanc
1005 2650 1086 2687 eius
1106 2651 1232 2686 terrae
1255 2648 1373 2695 fidem
1391 2647 1613 2685 Menander
1636 2646 1762 2684 eludit.

186 2710 224 2748 2.
243 2705 297 2756 ὡς
316 2711 429 2756 θεοῖς
449 2708 561 2748 Grot.
612 2709 652 2747 3.
672 2705 742 2746 ἐὰν
762 2706 892 2757 Grot]
917 2705 967 2746 ἂν
988 2707 1072 2746 ΑΒ.
1124 2709 1162 2746 4.
1191 2707 1343 2753 δίκαιος
1369 2703 1425 2744 ὢν
1452 2706 1583 2744 Zedel.
1610 2704 1761 2756 Magaz.

184 2768 211 2807 f.
243 2767 378 2807 Schul.
415 2768 457 2807 ΙΙ
496 2766 600 2818 359]
642 2767 815 2814 δικαίως.
877 2763 1050 2806 ἀπέδωκ’
1093 2767 1259 2806 codices.
1323 2765 1417 2812 ὅσας
1454 2765 1620 2805 Porson.
1658 2765 1763 2815 App.

185 2827 312 2879 Toup.
332 2826 438 2878 435]
473 2826 630 2866 ὅσα.-
654 2827 828 2878 praeivit
859 2827 1153 2878 quodammodo
1186 2826 1364 2875 Xonoph.
1392 2825 1536 2876 Oyrop.
1564 2827 1602 2875 8,
1635 2826 1673 2875 3,
1707 2825 1761 2863 38

185 2886 324 2940 μικρὸν
355 2885 518 2943 γῄδιον,
555 2885 605 2926 οὐ
637 2884 770 2938 μέντοι
805 2885 985 2938 πονηρόν
1015 2900 1079 2939 γε,
1116 2884 1215 2925 ἀλλὰ
1246 2885 1407 2924 πάντων
1439 2884 1703 2924 δικαιότατον·
1742 2882 1764 2921 ὅ

185 2961 221 2986 τι
250 2946 325 3000 γὰρ
357 2947 474 2999 λάβοι
505 2944 658 2999 σπέρμα
689 2949 817 2993 καλῶς
849 2944 916 2985 καὶ
948 2946 1109 2993 δικαίως
1140 2944 1346 2984 ἀπεδίδου.
1408 2946 1458 2983 ef.
1489 2945 1537 2982 fr.
1571 2946 1669 2983 899.
