2014 3334
298 227 386 269 614
616 222 619 227 ’
942 228 1203 262 ΑΔΕΣΠοΤΑ

299 353 388 379 nov.
416 340 515 377 VIII
541 341 646 391 435,
676 340 789 378 nulla
820 340 1069 379 necessitate.
1125 341 1174 378 ad
1207 339 1416 390 Eupolidis
1447 338 1630 378 Civitates
1666 339 1864 379 referebat

302 400 436 448 Mein„
459 395 531 437 '‘si
568 399 707 438 comici
745 395 831 438 cst?
889 399 1043 450 tragico
1082 399 1267 437 tribuunt
1304 398 1449 449 Bergk.
1482 393 1707 449 P.1yr.211
1737 399 1862 439 1076.
1929 444 1931 448 ,

303 459 457 497 Nauck.
483 458 615 509 adesp.
645 459 742 498 324.
792 459 963 497 fortasse
995 458 1148 497 Cratini
1180 460 1241 498 est
1274 471 1321 497 ex
1351 458 1548 507 Seriphiis.

1028 573 1140 616 1239

585 654 749 710 γλυκεῖ’
787 656 937 713 ὀπώρα
969 657 1167 712 φύλακος
1198 655 1509 707 ἐκλελοιπότος.

421 744 664 782 Plutarchus
703 743 802 782 Mor.
830 745 948 782 752a
984 741 1052 790 τὰς
1091 741 1218 795 ὀφρῦς
1257 743 1356 795 αἴρει
1392 740 1458 782 καὶ
1494 745 1730 792 φιλοσοφεῖν
1767 754 1867 794 φησι

302 801 369 841 καὶ
401 805 606 854 σωφρονεῖ
631 801 702 849 ἔξω
735 800 800 841 διὰ
831 800 899 841 τὸν
923 801 1067 854 νόμον·
1099 798 1179 842 εἶτα
1205 802 1358 854 νύκτωρ
1382 801 1448 841 καὶ
1472 798 1567 840 καθ’
1596 799 1763 853 ἡσυχίαν
1788 805 1865 841 κτλ.

303 863 353 901 cf.
374 862 605 914 Diogenian.
627 864 665 912 3,
687 863 740 901 95
763 857 899 914 (Vind.
921 864 958 912 2,
981 856 1067 915 17).
1111 862 1275 913 Gregor.
1296 862 1414 914 prr.
1432 865 1468 913 1,
1489 864 1542 901 98
1566 858 1708 911 (Mosq.
1725 864 1762 911 2,
1777 857 1866 914 52).

304 922 458 961 Suidas.
491 943 540 948 -—-
571 918 606 960 ‘e
634 921 842 972 tragoedia
873 921 1098 961 derivatum
1131 934 1216 961 esse
1247 922 1452 972 probabile
1485 915 1572 960 est?
1622 921 1773 960 Nauck.
1800 920 1864 960 Tr.

302 995 360 1032 gr.
387 983 433 1020 fr.
461 982 594 1032 adesp.
622 983 719 1021 331.
769 981 866 1019 mihi
897 981 1032 1031 potius
1065 981 1292 1021 comoediae
1325 981 1485 1021 videtur
1516 979 1662 1019 deberi.

1031 1097 1145 1139 1240

589 1175 719 1230 οὗτος
751 1177 791 1221 δ’
829 1178 1002 1221 ἐκείνου
1034 1180 1239 1235 φθόγγος
1271 1177 1566 1235 ἐξωλέστερος.

422 1267 662 1305 Plutarchus
700 1266 799 1304 Μοι.
836 1267 947 1305 1076
981 1279 1002 1304 e
1034 1262 1055 1304 6
1082 1261 1118 1304 δ’
1155 1258 1239 1304 αυτ’
1275 1263 1329 1304 ἐκ.
1361 1267 1437 1303 κτλ.
1493 1261 1553 1303 ὅδ’
1594 1260 1680 1304 αὖτ’
1715 1265 1869 1304 Nauck.

305 1327 368 1365 '112
395 1327 527 1376 g1.f·.1
555 1326 687 1376 adesp.
716 1327 813 1378 345,
846 1326 915 1377 qui
945 1325 1176 1377 tragoediae
1206 1337 1368 1364 versum
1398 1324 1588 1364 vindicat.
1629 1338 1711 1364 non
1738 1325 1868 1364 minus

305 1386 532 1445 comoediae
565 1386 701 1424 deberi
731 1388 877 1437 potest,
909 1386 1064 1424 mutato
1096 1387 1232 1424 tamen
1262 1381 1283 1424 6
1316 1380 1352 1423 δ’
1385 1377 1486 1433 αὖτ’,
1517 1397 1607 1423 cum
1639 1378 1731 1424 αὖτε
1762 1384 1868 1435 apud

306 1446 477 1485 comicos
499 1443 756 1484 rarissimum
788 1445 840 1484 sit
870 1457 942 1483 nec
974 1444 1155 1483 codicum
1185 1444 1262 1483 fide
1295 1443 1393 1483 satis
1424 1437 1643 1483 firmatum.

1034 1560 1143 1603 1241

591 1642 672 1686 οὐκ
703 1644 823 1686 ἔστιν
856 1642 1002 1686 αὐτῶν
1035 1642 1196 1699 μέτρον
1228 1641 1252 1685 ὁ
1283 1648 1363 1685 τοῦ
1395 1644 1496 1697 βίου
1527 1643 1696 1698 χρόνος.

423 1731 665 1770 Plutarchus
702 1731 800 1771 Mor.
833 1733 975 1770 10980
1015 1736 1093 1769 τῶν
1126 1727 1168 1769 δὲ
1204 1728 1302 1782 πρὸς
1340 1727 1396 1768 τὸ·
1422 1726 1725 1779 καλὸνὸρμῶν.
1747 1758 1755 1766 .
1777 1725 1871 1767 ,οὐκ

305 1789 407 1829 ἔστιν
438 1793 514 1829 κτλ.
563 1791 773 1829 Menandri
811 1803 896 1829 esse
930 1790 1099 1829 coniecit
1130 1789 1474 1839 wyttenbachius,
1511 1788 1756 1838 tragicorum
1789 1787 1868 1826 fra-

305 1850 477 1901 gmentis
505 1845 658 1904 (adesp.
685 1844 791 1904 347)
817 1850 988 1889 inseruit
1011 1849 1231 1901 Nauckius,
1261 1849 1478 1888 concedens
1503 1850 1638 1887 tamen
1662 1846 1871 1886 Menandri

307 1922 392 1949 esse
423 1922 549 1960 posse.

1034 1977 1147 2019 1242

592 2060 833 2111 ἀκόλαστος
865 2061 993 2116 ὄχλος
1024 2060 1209 2115 ναυτική
1241 2056 1279 2102 τ’
1316 2058 1468 2110 ἀταξία

425 2148 502 2187 Dio
549 2148 753 2198 Chrysost.
789 2150 861 2197 32,
896 2149 979 2187 695
1000 2148 1046 2186 R.
1090 2152 1179 2186 τῶν
1224 2150 1443 2198 κωμικῶν
1479 2144 1557 2196 ἔφη
1594 2158 1651 2191 τις
1693 2141 1757 2182 ἐπὶ
1792 2145 1872 2190 τοῖς

306 2206 498 2254 τοιούτοις
524 2210 600 2246 κτλ.
651 2210 693 2246 at
724 2207 862 2257 Eurip.
895 2208 990 2246 Hec.
1018 2208 1101 2246 607
1136 2204 1198 2245 ἀκ.
1234 2228 1282 2233 —-
1318 2204 1495 2258 ἀναρχία.
1548 2205 1718 2244 fortasse
1750 2203 1870 2242 comi-

307 2281 374 2306 cus
407 2280 454 2305 ex
481 2267 671 2317 Euripide
703 2267 986 2306 transtulerat:
1018 2266 1125 2316 apud
1156 2266 1325 2304 comicos
1357 2266 1465 2315 ipsos
1498 2264 1602 2303 enim
1629 2263 1739 2314 prior
1763 2261 1871 2302 vocis

310 2324 421 2378 ὄχλος
454 2327 611 2377 syllaba
641 2326 806 2376 produci
838 2340 919 2365 non
949 2327 1110 2376 poterat
1141 2320 1237 2379 (ὄχλ.
1270 2320 1407 2378 ἀκόλ.).

947 2440 1236 2484 1243—1248

593 2523 765 2580 λιμένες
795 2528 1044 2574 ποθοῦντες
1074 2529 1157 2588 τῆς
1179 2523 1348 2573 πόλεως
1378 2522 1455 2572 τὰς
1486 2521 1677 2576 ἀγκάλας

426 2612 626 2651 Aristides
645 2611 666 2650 I
685 2613 770 2650 426
798 2611 932 2650 Dindf.
959 2605 989 2649 ὦ
1009 2612 1041 2650 λ.
1061 2623 1100 2650 π.
1121 2607 1188 2657 τὰς
1212 2614 1280 2660 τῆς
1306 2607 1492 2659 φιλτάτης
1515 2606 1665 2655 πόλεως
1689 2604 1870 2660 ἀγκάλας.

310 2673 522 2723 Smyrnam
555 2671 651 2710 dicit
681 2673 812 2709 telrae
844 2672 956 2709 motu
989 2682 1178 2709 eversam.
1228 2670 1312 2708 437
1340 2666 1406 2707 καὶ
1438 2666 1486 2718 δὴ
1519 2665 1668 2719 λιμένες
1698 2680 1737 2706 τε
1761 2665 1872 2716 κομί-

312 2732 442 2778 ζονται
478 2730 545 2778 τὰς
581 2735 649 2782 τῆς
686 2729 872 2780 φιλτάτης
895 2743 934 2768 π
963 2727 1049 2782 ἆγκ.
1084 2749 1135 2756 -
1169 2740 1259 2767 cum
1297 2729 1385 2766 tota
1420 2727 1492 2766 illa
1522 2726 1712 2766 Aristidis
1745 2725 1871 2765 oratio

313 2791 495 2830 altiorem
527 2803 622 2840 prae
656 2802 696 2828 se
728 2791 832 2828 ferat
863 2789 1066 2840 spiritum,
1103 2787 1228 2838 ipsius
1259 2787 1382 2826 verba
1413 2787 1511 2826 haec
1543 2798 1628 2826 esse
1659 2781 1871 2835 crederem,

312 2850 389 2888 nisi
427 2850 549 2888 etiam
580 2849 622 2888 in
658 2850 849 2899 proximis
881 2849 1094 2887 manifesta
1125 2847 1365 2897 adparerent
1397 2858 1585 2886 versuum
1616 2843 1796 2894 vestigia.
1840 2837 1871 2882 ὦ

314 2914 423 2948 ναῶν
448 2907 513 2947 καὶ
537 2907 757 2960 περιβόλων
782 2907 944 2960 χάριτες,
974 2910 1050 2947 ποῖ
1066 2920 1169 2947 ποτε·
1183 2911 1256 2959 γῆς
1281 2904 1409 2954 ἐ’;δυτε
1441 2899 1472 2945 ὦ
1497 2903 1638 2965 κόσμοι
1667 2902 1873 2956 παραλίας,

1910 0 1988 47 ‘⁴3³³
