2014 3334
255 232 342 274 426
804 198 808 200 ¹
902 230 1164 264 ΑΔΕΣΠΟΤΑ

258 344 447 399 Σικελικῷ
478 342 697 415 σμυραίνας
727 345 1149 395 πολυπραγμονοῦντες
1179 338 1246 379 καὶ
1275 338 1343 387 τὰς
1374 337 1535 392 ἐγχέλεις
1566 337 1635 386 τὰς
1654 340 1816 379 Μαιαν-

190 451 194 458 *
259 403 393 475 δρίους
424 400 490 441 καὶ
519 401 611 449 τοὺς
642 400 684 441 ἐν
714 400 847 457 Μήλῳ
879 399 1042 474 ἐρίφους
1071 398 1138 439 καὶ
1167 398 1259 447 τους
1289 398 1332 439 ἐν
1355 399 1524 455 Σκιάθῳ
1554 401 1723 450 κεστρεῖς
1750 396 1816 438 καὶ

257 461 325 509 τὰς
344 461 573 533 Πελωρίδας
602 460 743 514 κόγχας
774 459 840 500 καὶ
875 458 922 499 τὰ
952 458 1102 511 ὄστρεια
1132 457 1179 498 τὰ
1193 455 1409 511 Ἀβυδηνά,
1441 457 1488 498 οὐ
1513 457 1819 510 παραλείποντες

259 519 301 560 δὲ
331 520 399 568 τὰς
430 519 472 559 ἐν
491 520 656 575 Λιπάρα
686 520 869 572 μαινίδας
900 516 994 559 οὐδὲ
1018 516 1090 569 τὴν
1114 517 1312 572 γογγύλην
1341 516 1414 569 τὴν
1437 516 1701 568 Μαντινικήν,
1731 512 1816 557 ἀλλ’

258 578 351 620 οὐδὲ
381 578 428 619 τὰ
458 579 564 632 παρὰ
595 583 676 627 τοῖς
701 576 919 630 Ἀσκραίοις
958 581 1112 629 τεῦτλα,
1154 575 1290 626 κτένας
1325 592 1363 618 τε
1399 576 1626 629 ἐκζητοῦσιν
1661 577 1818 628 Μηθυ-
1870 613 1874 616 ,

258 639 427 691 μναίους
458 637 525 678 καὶ
555 638 705 690 ψήττας
731 635 903 686 Ἀττικὰς
932 636 998 677 καὶ
1027 636 1096 685 τὰς
1114 637 1324 688 Δαφνίους
1347 637 1479 689 κίχλας
1498 635 1756 684 Χελιδονίους
1778 648 1818 675 τε

257 698 431 750 ἰσχάδας,
458 695 509 737 δι’
538 696 586 746 ἃς
616 698 670 746 εἰς
693 694 864 737 Ἑλλάδα
893 697 1166 744 πεντακοσίαις
1195 695 1278 748 ἅμα
1307 696 1494 749 μυριάσιν
1519 693 1540 735 ὅ
1565 695 1818 746 κακοδαίμων

255 755 443 798 ἐστέλλετο
463 755 632 810 Πέρσης.
686 755 813 809 ὄρνεις
838 755 901 796 ἐπὶ
925 755 1077 804 τούτοις
1109 761 1382 796 συνωνοῦνται
1406 755 1499 803 τοὺς
1523 753 1601 794 ἀπὸ
1630 754 1816 805 Φάσιδος,
1889 763 1891 765 ’

256 816 419 870 ἀτταγᾶς
438 817 695 870 Αἰγυπτίους,
726 817 881 868 Μῆδον
911 821 1054 855 ταῶνα.
1114 820 1235 855 ταῦτα
1265 819 1346 863 τοῖς
1376 812 1600 866 ἡδύσμασιν
1637 812 1819 862 ἐξαλλάσ-
1888 812 1890 814 “

256 888 389 923 σοντες
415 876 457 916 οἵ
482 876 759 929 γαστρίμαργοι
789 879 869 923 τοῖς
900 873 1018 927 ὄψοις
1043 873 1330 927 ἐπικεχήνασιν,
1362 874 1435 914 ὅσα
1463 889 1503 914 τε
1527 872 1639 926 χθὼν
1669 872 1818 913 πόντου
1856 910 1859 912 ,

256 951 294 975 τε
326 933 453 987 βένθη
479 934 544 975 καὶ
569 933 683 988 ἀέρος
708 932 922 987 ἀμέτρητον
953 929 1068 986 εὖρος
1099 932 1272 987 ἐκτρέφει
1299 939 1344 989 τῇ
1372 932 1501 973 αὑτῶν
1527 931 1820 985 ἐκποριζόμενοι

256 995 477 1050 λαιμαργία.
527 995 707 1034 codicum
726 995 956 1045 varietates,
982 994 1171 1045 quoniam
1189 1007 1260 1033 nos
1282 1006 1362 1032 non
1381 993 1627 1033 Clementem
1652 992 1819 1043 edimus,

257 1056 306 1094 cf.
326 1055 431 1105 apud
451 1054 712 1094 Dindorfium.
735 1076 783 1082 —
808 1055 905 1093 haec
925 1067 972 1093 ex
990 1053 1209 1093 vetustiore
1234 1053 1368 1104 aliquo
1393 1052 1586 1103 scriptore
1607 1052 1819 1103 desumpta

258 1126 343 1153 esse
375 1114 456 1152 iam
485 1114 673 1153 Potterus
705 1114 939 1163 coniecerat,
976 1126 1023 1152 ex
1054 1113 1259 1152 comoedia
1289 1112 1470 1152 derivata
1498 1111 1627 1152 videri
1663 1111 1820 1151 monuit

257 1174 302 1212 L.
334 1173 663 1212 Friedlaenderus
694 1173 735 1211 in
765 1173 850 1212 Ind.
881 1168 1460 1224 Regiomont.hib.1869s70‚
1490 1184 1570 1211 non
1601 1183 1818 1221 congruere

261 1246 348 1272 cum
380 1232 509 1271 indice
535 1233 784 1272 Varroniano
817 1232 923 1282 apud
943 1231 1043 1271 Gell.
1065 1226 1177 1285 6(7)‚
1199 1233 1269 1282 16,
1298 1244 1425 1282 neque
1457 1243 1547 1270 cum
1576 1230 1819 1280 Antiphanis

257 1294 303 1330 fn
340 1293 421 1331 193
455 1287 538 1345 (vel
572 1287 689 1359 236),
719 1305 846 1343 neque
879 1304 971 1330 cum
1000 1292 1263 1330 Archestrato
1295 1287 1459 1343 (Athen.
1493 1293 1532 1343 3,
1565 1283 1673 1342 92d)
1711 1291 1819 1329 recte

258 1351 589 1390 animadvertens.
644 1351 686 1389 in
722 1351 926 1390 trimetros
964 1351 1174 1402 redigebat
1203 1350 1393 1389 Lehrsius
1419 1346 1500 1401 (ap.
1521 1322 1710 1401 Friedl.),
1740 1362 1820 1388 non

258 1410 390 1450 omnia
420 1410 629 1449 feliciterw
663 1424 802 1450 verum
839 1423 918 1449 non
949 1423 996 1448 ex
1033 1423 1112 1448 una
1142 1409 1291 1461 fabula,
1330 1409 1398 1448 sed
1430 1422 1477 1448 ex
1507 1408 1692 1459 pluribus
1723 1409 1819 1448 haec

258 1471 424 1508 consuta
453 1470 621 1520 ideoque
647 1470 814 1508 inritum
839 1482 925 1508 esse
950 1469 1143 1519 pristinae
1169 1469 1320 1507 formae
1345 1468 1616 1507 restituendae
1641 1468 1819 1507 laborem

248 1529 339 1570 ralia
369 1529 564 1579 quaedam
594 1529 782 1568 videntur
811 1529 1042 1568 testimonia
1073 1529 1223 1567 docere.
1278 1527 1425 1566 Athen.
1452 1530 1490 1577 1,
1516 1529 1572 1566 4ο
1608 1525 1746 1567 πολλοὶ
1777 1524 1819 1566 δὲ

257 1586 323 1626 καὶ
354 1585 464 1627 ἄλλοι
490 1586 556 1626 διὰ
586 1586 774 1639 στόματος
799 1582 903 1639 εἶχον
928 1585 996 1634 τὰς
1020 1585 1063 1626 ἐν
1087 1589 1140 1642 τῷ
1159 1589 1352 1642 Σικελικῷ
1383 1586 1591 1639 μυραίνας,
1621 1584 1691 1633 τὰς
1715 1588 1819 1626 πλω-

257 1645 325 1693 τὰς
361 1645 541 1699 ἐγχέλεις,
577 1652 655 1686 τῶν
686 1648 927 1698 Παχυνικῶν
963 1645 1132 1686 θύννων
1162 1645 1230 1693 τὰς
1266 1643 1462 1698 ητριαίας,
1492 1644 1584 1693 τοὺς
1615 1643 1658 1685 ἐν
1688 1644 1820 1701 Μηλῳ

256 1704 439 1758 ἐρίφους,
481 1705 573 1753 τοὺς
614 1704 657 1745 ἐν
699 1706 898 1761 Συμαίθῳ
936 1701 1128 1761 (Σκιάθῳ
1167 1701 1347 1758 Gesner.)
1391 1702 1587 1757 κεστρέας
1635 1703 1702 1744 καὶ
1742 1710 1821 1744 τῶν

259 1763 413 1813 ἀδόξων
444 1760 508 1818 (ut
539 1766 771 1805 mendosum
801 1768 916 1804 notat
947 1760 996 1819 O)
1035 1762 1077 1804 δὲ
1113 1763 1182 1812 τὰς
1218 1764 1448 1817 Πελωρίδας
1484 1763 1643 1818 κόγχας,
1680 1763 1748 1812 τὰς
1779 1762 1822 1804 ἐκ

259 1824 444 1877 Λιπάρας
474 1824 675 1876 μαινίδας,
715 1823 787 1875 την
818 1822 1075 1874 Μαντινικὴν
1112 1824 1343 1877 γογγυλίδα,
1374 1822 1442 1871 τὰς
1472 1822 1514 1863 ἐκ
1548 1823 1693 1876 Θηβῶν
1724 1824 1821 1875 βου-

259 1883 399 1931 νιάδας
428 1882 495 1923 καὶ
524 1882 570 1922 τὰ
600 1880 693 1936 παρ’
729 1880 950 1936 Ἀσκραίοις
986 1886 1132 1923 τεῦτλα.
1194 1884 1336 1923 Pollux
1369 1885 1407 1933 6,
1440 1885 1493 1923 63
1533 1881 1660 1922 ἰστέον
1691 1880 1734 1922 δὲ
1765 1882 1822 1923 ὅτι

258 1942 364 1994 παρὰ
404 1946 484 1990 τοῖς
522 1946 703 1990 παλαιοῖς
740 1941 979 1994 εὐδοκίμουν
1019 1942 1191 1997 μύραινα
1231 1941 1274 1982 ἐκ
1313 1946 1502 1994 πορθμοῦ
1541 1940 1608 1982 καὶ
1649 1941 1823 1995 μύραινα

263 2002 498 2053 Ταρτησσία,
529 2001 595 2041 καὶ
625 2002 780 2050 θύννος
814 2002 956 2054 Τύριος
984 2001 1051 2042 καὶ
1081 2001 1261 2055 κεστρεὺς
1291 2000 1334 2041 ἐκ
1364 2001 1551 2041 Σκιάθου
1587 2000 1654 2041 καὶ
1684 2000 1822 2055 ἔριφος

259 2060 301 2100 ἐκ
331 2060 495 2112 Μήλου,
527 2060 593 2100 καὶ
622 2061 758 2115 κόγχαι
788 2061 1025 2113 Πελωριναί,
1056 2060 1154 2101 ὅθεν
1186 2061 1279 2109 ἴσως
1310 2060 1376 2100 καὶ
1406 2061 1451 2100 αἱ
1477 2066 1554 2100 νῦν
1583 2060 1823 2113 καλούμεναι

262 2121 480 2172 Πελωρίδες
511 2118 819 2172 ὠνομάσθησαν,
850 2123 1007 2160 τεῦτλον
1039 2119 1077 2169 ἐξ
1101 2118 1270 2173 ’Ἀσκρης
1290 2116 1395 2174 (sic),
1427 2120 1602 2172 μαινίδες
1627 2119 1669 2160 ἐκ
1687 2120 1821 2160 Λιπά-

260 2195 344 2231 ρας,
374 2179 562 2232 γογγύλαι
593 2178 635 2219 ἐκ
666 2180 925 2231 Μαντινείας,
956 2182 1228 2231 Μηθυμναῖοι
1258 2178 1401 2230 κτένες,
1431 2178 1568 2233 γαλεὸς
1598 2178 1641 2220 ἐκ
1664 2176 1821 2232 Ῥόδου,

258 2244 403 2290 ψῆτται
440 2237 479 2286 ἐξ
506 2235 747 2290 Ἐλευσῖνος,
779 2238 907 2290 ἀφύαι
936 2239 1175 2291 Φαληρικαί,
1205 2239 1352 2292 τρίγλαι
1377 2239 1617 2290 Αἰξωνικαί,
1648 2237 1822 2293 ἐγχέλυες

260 2296 302 2337 ἐκ
320 2298 510 2345 Βοιωτίας
541 2298 586 2337 αἱ
599 2298 808 2354 Κωπᾷδες,
840 2296 893 2346 ὡς
924 2297 966 2338 ἐκ
983 2298 1167 2345 Σικελίας
1198 2298 1243 2337 αἱ
1268 2299 1428 2349 πλωταί,
1459 2297 1526 2337 καὶ
1560 2299 1688 2338 Θασία
1717 2298 1821 2351 ἅλμη

259 2356 324 2396 καὶ
359 2357 500 2396 Θάσιαι
531 2356 747 2410 ῥαφανῐδες
777 2356 842 2397 καὶ
872 2356 988 2409 τυρὸς
1018 2357 1202 2405 Κύθνιός
1232 2372 1270 2397 τε
1300 2356 1367 2397 καὶ
1390 2357 1607 2408 Σικελικός,
1636 2356 1704 2397 καὶ
1733 2357 1822 2406 ἅλες

264 2418 509 2469 Τραγασαῖοι.
560 2417 662 2456 addo
692 2418 876 2457 vinorum
907 2417 1079 2457 indicem
1110 2417 1217 2468 apud
1243 2416 1487 2459 Clementem
1506 2417 1623 2457 Paed.
1646 2419 1683 2465 2,
1706 2420 1744 2468 2,
1765 2419 1822 2457 30

260 2475 468 2526 πλαδώσης
499 2473 660 2528 ὀρέξεως
682 2507 691 2515 .
713 2506 721 2515 .
745 2476 789 2515 αἰ
817 2475 1035 2516 διαπόντιοι
1066 2475 1251 2529 οἰνηγίαι,
1281 2475 1620 2530 παραφρονούσης
1649 2475 1716 2516 καὶ
1744 2474 1821 2529 πρὸ

260 2540 328 2585 τῆς
358 2532 485 2585 μέθης
514 2533 604 2586 περὶ
633 2534 700 2582 τὰς
732 2533 947 2587 ἐπιθυμίας
975 2541 1044 2587 τῆς
1074 2541 1218 2587 ψυχῆς.
1271 2534 1415 2583 Θάσιός
1442 2550 1482 2575 τε
1511 2534 1585 2589 γὰρ
1617 2533 1638 2575 ὅ
1669 2534 1822 2587 εὐώδης

259 2591 325 2632 καὶ
356 2591 376 2632 ὁ
408 2591 579 2640 εὔπνους
610 2592 782 2646 Λέσβιος
812 2593 878 2633 καὶ
907 2594 1018 2647 Κρής
1053 2608 1109 2642 τις
1139 2593 1284 2647 γλυκὺς
1321 2593 1386 2634 καὶ
1415 2594 1692 2647 Συρακούσιος
1721 2592 1822 2646 ἡδὺς

260 2650 326 2690 καὶ
357 2652 587 2704 Μενδήσιός
617 2668 674 2700 τις
707 2653 920 2706 Αἰγύπτιος
950 2652 1016 2693 καὶ
1047 2652 1068 2693 ὁ
1098 2653 1292 2705 νησιώτης
1322 2654 1473 2702 Νάξιος
1503 2652 1568 2693 καὶ
1599 2652 1822 2705 ἀνθοσμίας

261 2726 316 2757 τις
353 2708 467 2758 ἄλλος
508 2717 577 2763 τῆς
610 2709 764 2752 Ἰταλῶν
806 2718 898 2766 γῆς,
939 2711 1064 2753 πολλὰ
1105 2718 1226 2752 ταῦτα
1268 2710 1460 2764 ὀνόματα,
1503 2712 1681 2765 σώφρονι
1723 2724 1821 2764 συμ-

261 2769 358 2824 πότῃ
391 2766 498 2818 οἶνος
528 2767 593 2818 εἷς.
653 2786 725 2811 nec
756 2773 926 2823 denique
956 2773 1228 2824 neglegendus
1262 2772 1462 2812 Lucianus
1495 2773 1638 2824 Navig.
1671 2774 1724 2811 23
1756 2771 1820 2811 τά·

263 2843 367 2880 ριχος
407 2827 478 2879 μὲν
516 2828 554 2877 ἐξ
587 2827 775 2882 Ἰβηρίας,
813 2827 921 2878 οἶνος
958 2829 1000 2871 δὲ
1031 2829 1070 2879 ἐξ
1097 2827 1276 2881 Ἰταλίας,
1317 2830 1448 2871 ἔλαιον
1485 2830 1525 2879 ἐξ
1551 2828 1720 2884 Ἰβηρίας
1755 2829 1822 2870 καὶ

263 2892 395 2938 τοῦτο,
432 2886 515 2939 μέλι
553 2886 594 2928 δὲ
636 2887 823 2942 ἡμέτερον
860 2887 1055 2943 (fortasse
1091 2887 1320 2944 ἡμεδαπὸν)
1357 2890 1400 2931 τὸ
1437 2888 1593 2943 ἄπυρον
1626 2888 1697 2929 ’καὶ
1737 2887 1821 2941 ὄψα
1885 2932 1890 2936 .
