2014 3334
282 246 369 287 564
640 219 643 224 ὅ
720 262 722 265 -
933 249 1196 282 ΑΔΕΣΠΟΤΑ

565 439 838 495 ῥινώλεθρος
869 439 982 494 ὀσμή
1023 380 1108 423 899

399 525 570 564 Bekker.
604 507 753 564 Anecd.
787 527 854 576 61,
889 527 941 564 25
976 523 1037 564 ἐπὶ
1070 525 1277 573 δυσώδους
1307 502 1434 579 ἐρεῖς..

628 694 630 696 ,
1024 653 1112 695 900

567 711 784 768 σαπέρδαι
816 715 983 769 σαπροί

400 799 529 838 Varro
558 798 640 838 Sat.
660 799 833 850 Menipp.
854 801 921 848 56,
947 801 970 838 2
998 813 1034 849 p.
1060 801 1139 838 161
1175 790 1330 838 Oehler.
1379 813 1508 840 omnes
1538 803 1713 841 videmur
1741 804 1851 842 nobis

282 871 360 897 esse
391 860 489 903 belli,
520 860 658 908 festivi,
690 860 879 908 saperdae
909 871 995 898 cum
1030 861 1152 898 simus
1189 859 1341 910 σαπροί.
1392 860 1490 899 duas
1526 874 1643 900 voces
1685 874 1850 912 graecas

282 931 326 956 ac
358 919 529 957 forfiasse
561 920 690 957 totam
723 919 962 958 sententiam
994 931 1041 956 ex
1072 919 1273 958 comoedia
1307 920 1464 958 videtur
1496 920 1708 960 derivasse.

1028 1046 1111 1089 901

568 1130 838 1185 σαπρότερος
865 1131 1029 1185 τρυγός

400 1216 599 1255 Macarius
634 1219 670 1266 7,
704 1218 771 1256 58.
822 1217 870 1255 cf.
902 1216 1028 1255 Arist.
1060 1216 1169 1255 Plut.
1203 1218 1329 1255 1086.

1021 1333 1111 1375 902

568 1394 771 1448 Σκυρίαν
804 1393 932 1447 δίκην

402 1475 665 1529 ὀνομάζουσιν
703 1478 745 1517 οἱ
778 1478 1176 1535 κωμῳδοδιδάσκαλοι
1213 1477 1285 1529 τὴν
1324 1482 1522 1530 τραχεῖαν,
1562 1477 1615 1530 ἣν
1653 1479 1695 1519 οἵ
1727 1495 1851 1533 φυγο-

285 1537 489 1587 δικοῢντες
520 1536 756 1589 ἐσκήπτοντο
796 1538 850 1585 εἰς
881 1541 1043 1590 Σκῦρον
1074 1536 1101 1589 ἢ
1132 1538 1188 1585 εἰς
1213 1541 1384 1590 Λῆμνον
1421 1533 1654 1590 ἀποδημεῖν.
1710 1540 1853 1578 Pollux

284 1599 323 1649 8,
357 1599 424 1636 81.
474 1598 523 1636 cf.
554 1610 654 1648 quae
687 1598 738 1636 ad
769 1598 976 1637 Menandri
1006 1598 1176 1637 Imbrios
1207 1599 1496 1637 adnotavimus.

569 1785 782 1840 σπάθημα
813 1792 992 1842 φρενῶν
1026 1726 1113 1768 903

402 1870 470 1910 τὸν
495 1869 597 1924 ἄγαν
623 1870 831 1925 φρόνιμον.
880 1872 1058 1911 Photius.
1089 1872 1261 1923 Hesych.
1286 1871 1498 1922 σπάθημα·
1530 1871 1736 1924 πύκνωμα.
1771 1871 1849 1912 ἀπὸ

285 1936 360 1970 τῶν
390 1934 474 1978 ταῖς
505 1931 680 1978 σπάθαις
710 1931 1037 1999 navax90v6vvmv
1061 1930 1108 1970 τὰ
1132 1930 1230 1982 ὕφη.
1276 1929 1450 1997 φρενῶν
1471 1931 1665 1983 σπάθημα
1692 1946 1712 1971 e
1732 1935 1851 1982 pocta

283 1987 480 2030 scaenico'
511 1992 564 2030 M.
597 1991 789 2042 Schmidss,
822 1992 971 2031 comico
1003 1992 1154 2042 opinor.

1026 2119 1114 2160 904

570 2202 929 2258 στραγγαλιώδης
960 2202 1199 2257 ἄνθρωπος

402 2289 570 2327 Bckker.
601 2288 749 2328 Anecd.
784 2290 858 2338 63,
891 2290 944 2327 22
996 2286 1017 2327 ὃ
1056 2286 1128 2339 οὐχ
1165 2285 1335 2338 ἁπλοῦς,
1373 2283 1456 2326 ἀλλ’
1497 2286 1851 2343 ἐπιτεταραγμὲνος.

1022 2415 1109 2457 905

569 2477 727 2530 συκίνη
761 2475 951 2531 μάχαιρα
1100 2491 1108 2494 ·

405 2561 661 2612 συκοφαντία.
690 2561 869 2601 Photius.
902 2559 1173 2612 συκοφάντρια
1189 2559 1428 2610 Hesychius.
1477 2560 1719 2611 συκοφάντις
1741 2561 1851 2601 Suid.

285 2624 422 2660 contra
441 2622 588 2660 Macar.
612 2624 648 2671 7,
669 2623 723 2660 82
757 2619 821 2661 ἐπὶ
850 2626 928 2660 τῶν
959 2619 1255 2660 ἀσθενεστάτων
1285 2617 1352 2658 καὶ
1383 2617 1559 2659 εὐτελῶν.
1597 2621 1645 2660 cf.
1667 2621 1849 2671 Apostol.

288 2683 354 2732 15,
387 2683 453 2720 81.

1028 2760 1114 2802 906

570 2847 884 2899 συλλογιμαῖος
915 2844 1109 2900 φορυτός

403 2931 572 2969 Bekker,
605 2931 754 2970 Anecd.
788 2932 855 2978 63,
890 2932 942 2968 12
975 2928 1043 2969 ἐπί
1068 2933 1173 2976 τινος
1205 2927 1370 2976 οὐδενὸς
1399 2927 1512 2976 ἀξίου
1544 2927 1777 2981 ἀνθρώπου.
