2014 3334
0 1803 7 1962 v-v--v—

753 238 920 273 AAHAA
946 238 1207 273 οΠοΤΕΡΑΣ
1677 235 1761 278 601

919 372 939 414 1
949 371 971 414 1
978 371 1034 415 74

472 429 758 487 ὑπεγάστριζε

304 515 348 557 τὸ
379 515 579 570 ἕχόρταζεν
610 514 636 569 ἡ
669 516 869 574 κωμῳδία.
919 517 1064 557 Pollux
1095 519 1135 569 2,
1170 518 1265 556 168.

917 657 1032 701 1175

471 717 754 775 ὑπερακήκοα

306 805 473 845 Bekker.
508 805 656 844 Anecd.
690 806 766 866 69,
793 806 848 845 24
881 799 969 845 οἷον
999 802 1130 857 ἄκρως
1160 802 1326 856 ἀκήκοα.

821 958 935 1001 1176
948 981 999 988 -
1017 959 1036 1000 1
1047 958 1129 1000 179

467 1038 855 1098 Ὗπερευρύβατος,
879 1039 1324 1099 ’Μερθεμιστοκλῆς,
1349 1039 1703 1097 Ἵπερπερικλῆς,

465 1111 825 1170 Ὑπερσωκράτης

304 1200 475 1240 Bokker.
507 1199 658 1240 Anecd.
691 1201 759 1251 67,
793 1202 849 1240 20
885 1196 1286 1253 οΥπερθεμιστοκλῆς“
1329 1198 1539 1251 καινοτάτη
1573 1195 1599 1250 ἡ
1632 1198 1762 1250 φωνή.

186 1259 369 1312 σημαίνει
399 1255 487 1300 οἷον
517 1257 618 1311 ὑπὲρ
647 1257 907 1311 Θεμιστοκλέα
937 1265 983 1315 τῇ
1016 1259 1150 1315 σοφία.
1201 1258 1340 1311 ὅμοιον
1358 1255 1666 1312 Ὑπερπερικλῆς
1696 1257 1763 1298 καὶ

177 1315 517 1373 ’Τπερσωκρᾶτηςπ
567 1318 665 1360 ἀλλὰ
695 1317 793 1359 κάπὶ
822 1319 1060 1360 τούναντίου
1084 1316 1433 1373 ’Τπερευρύβατος
1464 1317 1486 1359 ὅ
1504 1316 1763 1371 ὑπερβάλλων

185 1377 427 1433 Εὐρύβατον
463 1379 688 1431 (Aristoph.
724 1381 772 1420 fr.
809 1376 914 1434 184)
951 1379 1136 1436 πονηρία.
1198 1377 1543 1433 ὑπερευρύβαντος
1582 1379 1668 1419 cod.
1709 1400 1758 1406 -—

185 1440 303 1480 indic.
335 1440 556 1480 Nauekius.

916 1543 938 1586 1
946 1542 968 1585 1
974 1543 1032 1587 80

470 1602 710 1659 ὑπερμαζεῖ

304 1689 570 1742 Etymologic.
601 1704 653 1729 m.
684 1689 833 1729 Minori
864 1685 1095 1743 (Melanges
1134 1687 1245 1745 293)
1288 1689 1571 1743 ὑπερπλουτεῖ,
1615 1692 1762 1746 τρυφᾷ,

187 1751 361 1804 στρηνιᾷ.
399 1749 501 1800 μᾶζα
519 1748 594 1802 γὰρ
613 1745 640 1800 ἡ
659 1748 800 1802 τροφή.
849 1751 984 1801 Εὴγῐη.
1004 1765 1055 1790 m.
1076 1752 1175 1801 573,
1197 1753 1251 1790 22
1284 1751 1403 1801 μᾶζα·
1435 1748 1461 1802 ἡ
1481 1749 1623 1803 τροφή.
1664 1749 1762 1790 ὅθεν

185 1807 253 1848 καὶ
277 1807 494 1864 ὑπερμαζᾷ,
518 1807 560 1848 τὸ
580 1807 827 1866 ὑπερτρυφᾷ,
851 1812 1026 1862 πλουτεῖ,
1052 1812 1227 1867 στρηνιᾷ.
1270 1809 1496 1867 ὑπερμαζᾷς
1516 1812 1578 1850 est
1597 1810 1761 1850 Lucian.

186 1868 333 1921 Navig.
368 1870 420 1909 15
454 1863 522 1922 (cf.
555 1869 696 1908 Thom.
727 1869 833 1922 Mag.
867 1871 965 1920 373,
998 1872 1022 1910 3
1057 1866 1135 1924 R.)

918 1999 939 2041 1
948 1998 1001 2042 18
1009 1999 1029 2041 1

471 2056 781 2114 ὑπεροψωνεῖν

304 2143 477 2183 Bekker.
502 2143 657 2195 *Aneod.
691 2145 759 2195 67,
791 2146 847 2184 32
891 2142 934 2184 τὸ
966 2143 1227 2198 ἀγοράζοντός
1262 2159 1370 2193 τινος
1409 2142 1516 2196 ὄψον
1552 2141 1684 2197 ἕτερον
1715 2150 1760 2200 τῇ

185 2208 276 2259 τιμῇ
307 2201 604 2256 ὑπερβάλλοντα
633 2201 836 2244 ὠνεῖσθαι.
884 2203 1102 2256 ὑποψόνην
1134 2205 1220 2245 οοᾶ.

917 2334 939 2376 1
950 2333 1033 2377 182

471 2391 815 2448 ὑπομηλαφῆσαι

305 2480 554 2530 ψηλαφῆσαι.
604 2479 843 2530 Hesychius.
881 2480 1031 2520 comice
1070 2480 1208 2519 fictum
1239 2492 1311 2530 pro
1350 2479 1486 2531 κρύφα
1517 2484 1594 2519 τῶν
1625 2478 1762 2530 μήλων

188 2532 234 2589 (i.
267 2550 300 2576 e.
331 2534 507 2591 μαστῶν)
538 2537 745 2579 ἅπτεσθαι.

838 2644 965 2687 1183.
1002 2644 1114 2687 1184

473 2699 757 2782 φαγέσιορον,
789 2733 1089 2783 φαγεσωρῖτιν

307 2811 450 2850 Pollux
483 2813 527 2862 6,
558 2813 614 2852 42
659 2810 894 2867 φαγέσωρον
930 2811 997 2852 τὸν
1029 2810 1229 2865 ἄπληστον
1266 2813 1308 2853 οἷ
1342 2811 1506 2864 κωμικοὶ
1544 2810 1761 2866 ὠνόμαζον,

188 2868 263 2970 καί
290 2868 362 2943 τὴν
399 2876 469 2911 τοῦ
506 2871 687 2912 τοιούτου
723 2871 890 2927 γαστέρα
927 2876 1198 2927 φαγεσωρῐτιν.
1248 2873 1421 2924 Hesych.
1454 2870 1761 2927 φαγέσωρ[ι]ον·

186 2942 239 2970 πο
263 2945 434 2984 υφαγον.
