2014 3334
546 249 960 285 ΑΜΦΙΣΒΗΤΗΣΙΜΔ
984 249 1069 285 ΚΑΙ
1094 250 1416 285 ΠΑΡΕΓΓΡΑΦΑ
1682 249 1770 291 619

931 358 1043 403 1269

485 427 512 485 ἡ
546 429 788 486 συκάμινος
819 431 1048 489 συκαμίνῳ
1081 430 1301 487 ρύπτεται.

320 515 502 568 Append.
534 529 643 567 prov.
670 519 715 566 3,
745 518 798 557 13
841 514 940 569 πρὸς
976 515 1082 567 τοὺς·
1105 515 1149 558 έν
1186 515 1342 566 ἑαυτοῖς
1378 515 1425 557 τὰ
1463 514 1641 569 ὠφέλιμα
1677 520 1771 570 λαμ-

199 573 397 630 βάνοντας
431 573 473 624 ἐξ
516 573 678 617 ἑαυτῶν.
732 577 912 617 maculae
956 589 1003 617 ex
1046 590 1157 618 moro
1202 580 1360 618 maturo
1404 579 1631 618 contractae
1677 591 1770 618 suco

199 634 340 676 viridis
370 635 471 675 mori
503 635 706 676 eluuntur.
756 636 858 677 Plin.
882 636 932 677 N.
957 637 996 677 h.
1026 638 1091 687 15,
1122 638 1175 678 97
1209 639 1359 687 linqunt
1396 649 1540 677 manus
1569 650 1659 678 suco
1690 650 1771 678 ma-

201 698 292 736 tura
320 689 483 750 (mora),
513 696 645 736 eluunt
676 697 826 737 acerba.
877 696 989 750 origo
1020 697 1222 749 proverbii
1256 696 1378 737 dubia.
1409 699 1483 736 est.

930 813 1045 856 1270

485 884 647 940 μάταια
678 883 815 927 τᾶλλα
844 885 964 942 παρὰ
995 885 1211 942 Κρότωνά
1242 883 1283 940 γ’
1314 885 1460 929 ἄστεα.

319 970 501 1011 Mantiss.
533 984 644 1021 prov.
673 973 718 1022 2,
745 974 769 1011 2
802 970 860 1011 ὅτι
892 969 1072 1024 διέφερεν
1097 969 1118 1011 ὁ
1144 970 1310 1024 Κρότων
1340 977 1419 1012 τῶν
1444 970 1508 1013 ἐπὶ
1534 968 1675 1028 Ἰταλίᾳ
1699 971 1770 1013 πό-

201 1033 301 1071 λεων
339 1029 419 1082 [έν]
458 1028 603 1086 ἀνδρίᾳ
638 1028 705 1070 καὶ
742 1036 787 1086 τῇ
819 1033 935 1087 λοιπῇ
972 1029 1218 1088 εὐδαιμονίᾳ.
1281 1031 1411 1071 Schol.
1444 1032 1610 1071 Theocr.
1643 1035 1682 1082 4,
1715 1034 1770 1073 33

200 1090 264 1131 his
296 1090 410 1130 addit
440 1088 538 1131 ὅθεν
568 1088 635 1130 καὶ
666 1090 722 1138 εἰς
752 1090 968 1143 παροιμίαν
998 1089 1132 1132 ἐλθεῖν
1163 1094 1241 1131 κτλ.
1301 1090 1513 1144 Κρότωνος
1544 1091 1636 1131 Vat.
1664 1094 1703 1131 4.
1733 1094 1772 1143 5,

200 1150 306 1190 unde
337 1150 575 1190 Duebnerus
606 1148 715 1203 παρὰ
745 1147 925 1203 Κρότων’
961 1148 1036 1191 ἔστ’
1071 1148 1200 1191 ἄστεα.
1265 1163 1350 1191 esse
1381 1153 1517 1203 potest
1547 1152 1772 1191 comoediae

201 1223 249 1250 ox
280 1222 417 1250 earum
447 1222 614 1250 numero
646 1223 749 1262 quae
781 1211 831 1250 ad
862 1210 1172 1263 Pythagoristas
1211 1211 1479 1262 pertinebant.
1541 1212 1771 1261 scrupulum

199 1269 314 1310 inicit
349 1283 425 1310 vox
461 1266 595 1310 ἄστεαε
634 1270 742 1321 apud
773 1271 944 1311 comicos
975 1273 1083 1311 certe
1113 1275 1243 1323 neque
1275 1267 1393 1310 ἄστεα
1423 1284 1552 1322 neque
1584 1267 1682 1323 ἄστη
1711 1270 1769 1310 in-

201 1342 329 1370 venm
361 1342 537 1369 memlm.

930 1387 1042 1430 1271

484 1458 645 1514 βαρύς,
676 1459 818 1515 βαρὺς
848 1458 1076 1514 σύνοικος,
1109 1455 1144 1502 ὦ
1177 1459 1323 1515 φίλοι,
1355 1459 1506 1516 βαρύς.

318 1539 504 1595 Apollon.
542 1544 655 1596 Synt.
685 1548 728 1594 1,
755 1547 779 1584 2
806 1540 865 1599 (p.
891 1547 937 1597 4,
966 1547 1019 1586 18
1046 1540 1194 1599 Bekk.)
1233 1544 1277 1585 ἐν
1314 1541 1374 1594 οἷς
1411 1543 1472 1594 δὶς
1508 1543 1551 1585 τὸ
1584 1545 1679 1586 αὐτό
1703 1577 1711 1586 .
1733 1578 1741 1586 .
1762 1576 1772 1586 .

201 1602 299 1644 ἀλλὰ
329 1602 396 1644 καὶ
426 1602 542 1653 λέξις·
581 1600 719 1644 εΜιῖ>σ’
753 1601 837 1658 ἄγε,
871 1606 1007 1645 Μῶσα
1038 1601 1177 1659 λίγεια’
1210 1602 1351 1658 εβαρὺς
1382 1604 1468 1645 σύν.
1499 1601 1594 1645 κτλ.’
1646 1606 1770 1646 Walz.

201 1664 317 1704 Rhet.
342 1663 402 1703 VI
428 1665 511 1705 338
547 1659 620 1718 (de
659 1665 890 1715 epanalepsi
931 1663 1092 1718 agitur)
1128 1663 1196 1705 καὶ
1233 1662 1377 1713 ἄλλως·
1414 1664 1540 1718 βαρὺς
1577 1664 1664 1705 σύν.
1691 1668 1773 1706 ὃιτλ.

201 1723 300 1764 VIII
328 1725 413 1764 516
445 1720 471 1775 ἡ
504 1721 547 1763 δὲ
585 1722 774 1772 ἕπίζευξις
810 1723 852 1764 τὸ
890 1723 987 1764 αὐτὸ
1023 1724 1291 1777 παρονομάζει
1329 1722 1610 1776 συνημμένως,
1647 1722 1700 1773 ὡς
1730 1724 1772 1764 τό

200 1782 339 1837 βαρύς,
364 1782 489 1836 βαρὺς
514 1782 710 1831 σύνοικος.
732 1805 783 1811 -
807 1784 957 1824 comico
983 1787 1125 1835 poetae
1150 1785 1296 1824 tribuit
1314 1784 1433 1824 Mein.
1460 1785 1520 1824 ed.
1546 1785 1638 1824 min.
1658 1798 1771 1833 xxm,

200 1843 306 1882 inter
331 1843 577 1894 tragicorum
602 1844 832 1895 fragmenta.
850 1839 1004 1898 (adesp.
1026 1838 1102 1898 22)
1123 1844 1179 1885 sic
1197 1846 1245 1884 ut
1264 1856 1387 1895 supra
1406 1844 1604 1895 scriptum
1623 1845 1774 1896 recepit

201 1902 418 1943 Nauckius.

930 1960 1045 2004 1272

487 2030 571 2074 οὐκ
601 2027 687 2075 οἷδ’
723 2030 843 2083 ὅπως
872 2032 935 2083 εἰς
965 2027 1120 2076 τούσδ’
1156 2030 1352 2088 ἐμπίπτω
1384 2032 1555 2087 λόγους.

322 2117 447 2157 Walz.
479 2118 596 2158 Rhet.
627 2131 685 2170 gr.
712 2117 813 2157 VIII
839 2120 942 2171 674,
970 2120 994 2159 6
1028 2116 1309 2171 έπιδιόρθωσις
1326 2149 1334 2157 .
1362 2149 1370 2158 .
1398 2149 1407 2159 .
1427 2117 1570 2158 ταύτὸν
1600 2124 1645 2174 τῇ
1677 2133 1774 2171 προ-

202 2175 431 2230 διορθώσει,
462 2175 642 2232 διαφέρει
673 2174 716 2217 δὲ
745 2177 803 2218 ὅτι
827 2175 901 2229 τὴν
925 2183 997 2219 τοῦ
1022 2177 1143 2232 λόγου
1167 2178 1388 2229 θεραπείαν
1411 2177 1577 2230 ὕστερον
1600 2178 1775 2230 τίθησιν,

201 2235 256 2286 ὡς
285 2235 328 2277 τό
356 2239 435 2277 κτλ.
484 2238 518 2277 si
543 2237 823 2290 corrigendum
850 2240 912 2278 est
937 2237 992 2287 εἰς
1015 2234 1152 2279 τούσδ’
1182 2236 1391 2279 ἐνέπιπτον
1426 2234 1651 2291 (ἐνέπεσον)
1681 2237 1775 2286 τοὺς

202 2300 250 2348 λ.,
279 2297 506 2337 comoediae
537 2300 618 2350 est,
658 2297 720 2337 sin
751 2297 806 2346 εἰς
837 2295 971 2339 τούσδ’
1008 2296 1234 2350 ἕπεμπίπτω
1267 2293 1368 2352 (ἐγὼ
1397 2293 1609 2352 ’μπίπτω),
1639 2301 1776 2349 potest

201 2357 432 2409 tragoediae
464 2370 561 2398 esse.
933 2415 1047 2458 1273

487 2482 676 2541 πένητος
707 2484 872 2543 ἀνδρὸς
903 2482 1038 2529 οὐδὲν
1066 2484 1346 2542 ὀλβιώτερον.

324 2559 476 2599 Socrat.
506 2559 633 2610 Epist.
663 2562 731 2613 22,
759 2563 780 2600 l
815 2554 868 2612 ἧν
898 2559 1013 2614 λόγος
1044 2559 1102 2600 ὅτι
1135 2557 1303 2611 πένητος
1335 2557 1625 2611 πλουσιώτερον
1657 2556 1777 2599 οὐδὲν

207 2617 280 2669 εἴη.
329 2618 387 2658 sic
411 2621 459 2658 ut
484 2632 607 2670 supra.
630 2620 784 2660 sactum
810 2622 872 2660 est
898 2620 1060 2671 scripsit
1085 2620 1225 2660 comici
1255 2631 1340 2660 esse
1366 2619 1599 2662 existimans
1623 2619 1777 2658 Nauck.

205 2678 408 2731 Melanges
439 2680 678 2731 greco-rom.
704 2679 740 2717 V
768 2681 865 2720 240.
895 2681 932 2720 1.

1020 2795 1048 2838 4

489 2862 611 2918 οἶνός
642 2865 687 2923 μ’
723 2796 1127 2923 ἔπεισέδδιιῗῖόνων
1156 2864 1409 2922 ὑπέρτατος.

322 2940 448 2982 Walz.
467 2940 584 2981 Rhet.
603 2954 663 2995 gr.
682 2941 782 2981 VIII
804 2944 900 2983 739.
929 2943 1027 2982 786.
1053 2943 1137 2982 812
1165 2943 1207 2981 et
1225 2941 1406 2983 Boisson.
1433 2940 1585 2982 Anecd.
1605 2941 1668 2981 111
1689 2942 1774 2982 293
