2014 3334
307 232 393 273 612
626 223 629 227 ’
955 231 1215 265 ΑΔΕΣΠΟΤΑ

425 342 606 381 Clemens
632 343 744 381 Alex.
778 343 895 382 Paed.
925 345 962 392 2,
991 344 1028 392 2,
1054 344 1107 380 22
1137 338 1198 395 (οἱ
1224 338 1496 397 πρεσβύτεροι)
1535 342 1607 394 τὴν
1639 343 1759 394 ζάλην
1788 349 1867 384 τῶν

307 401 536 452 ἐπιθυμιῶν
566 400 639 452 τὴν
670 416 818 454 καταιγ.
852 400 895 440 ἐκ
919 417 958 452 μ.
983 400 1017 453 ῥ’.
1043 417 1086 451 φ.
1122 423 1170 428 -
1207 402 1350 453 tragici
1381 415 1431 441 an
1462 403 1602 442 comici
1634 404 1686 442 sit
1711 403 1866 443 dubito:

307 465 413 501 certe
446 462 619 500 comicus
652 461 945 511 quodammodo
976 460 1284 516 παρατραγῳδεῖ.

1034 577 1144 619 1228

591 645 625 690 ὦ
657 651 854 702 γλῶσσα,
887 645 1066 703 μέτριον
1098 651 1143 689 εἴ
1168 663 1209 689 τι
1240 649 1461 703 κομπάσαι
1492 647 1658 703 θέλεις,

591 719 742 770 ἔξειπε.

425 796 663 834 Plutarchus
702 794 802 834 Mor.
838 795 919 833 707
930 794 955 831 f.
1017 796 1150 843 potest
1192 806 1277 832 esse
1318 795 1547 845 tragoediae
1585 795 1868 845 fragmentum,

307 857 375 894 sed
407 855 542 906 potius
574 854 735 893 videtur
765 854 932 903 parodia
963 866 1102 892 versus
1133 853 1294 904 tragici:
1330 856 1376 892 ut
1406 868 1485 893 non
1515 855 1783 893 necessarium
1815 854 1869 893 sit

306 915 478 954 scribere
509 916 667 967 γλῶττα.

1032 970 1144 1012 1229

1370 1030 1481 1071 κακὰ

587 1100 727 1143 ἕλκων
758 1096 828 1154 ἐφ’
865 1099 1001 1142 αὑτὸν
1033 1100 1143 1142 ὥστε
1174 1102 1344 1150 καικίας
1374 1099 1522 1154 νέφος.

422 1176 659 1215 Aristoteles
685 1176 848 1214 Meteor.
877 1177 914 1223 2,
943 1176 965 1213 6
994 1169 1133 1228 (364b
1163 1171 1238 1227 13)
1265 1172 1286 1213 ὅ
1315 1174 1470 1221 καικίας
1502 1173 1576 1213 οὐκ
1607 1173 1779 1226 αἴθριος,
1811 1173 1869 1214 ὅτι

305 1235 549 1287 ἀνακάμπτει
589 1234 643 1282 εἰς
684 1233 822 1273 αὑτόν·
864 1233 962 1273 ὅθεν
1002 1232 1068 1272 καὶ
1107 1231 1254 1286 λέγεται
1296 1233 1486 1285 παροιμία
1526 1232 1648 1273 ἕλκων
1688 1236 1764 1273 κτλ.
1818 1235 1867 1274 cf.

303 1296 472 1335 Aristot.
505 1295 636 1333 Probl.
664 1297 732 1345 26,
760 1296 812 1333 29
842 1289 980 1347 (943a
1006 1289 1093 1346 33).
1144 1294 1405 1344 Theophrast.
1437 1294 1486 1332 fr.
1516 1295 1554 1342 5,
1583 1296 1619 1343 7,
1645 1295 1712 1333 37.
1763 1294 1866 1333 Plut.

303 1356 402 1394 Mor.
429 1357 544 1394 8230
570 1349 708 1406 (88e).
759 1354 992 1405 Diogenian.
1020 1355 1059 1401 4,
1088 1354 1154 1392 66.
1206 1353 1333 1392 Schol.
1359 1353 1482 1392 Arist.
1508 1353 1580 1403 Eq.
1608 1354 1706 1392 437.
1767 1353 1866 1392 Gell.

306 1418 343 1466 2,
360 1417 428 1467 22,
441 1416 478 1453 4.
511 1414 668 1464 Apulei.
701 1414 759 1452 De
779 1413 913 1453 mund.
931 1414 985 1451 14
1001 1407 1220 1464 (congessit
1233 1413 1386 1451 Nauck.
1413 1413 1477 1451 Tr.
1491 1426 1551 1462 gr.
1562 1413 1610 1450 fr.
1628 1412 1761 1462 adesp.
1777 1409 1867 1464 50).

308 1496 357 1501 ——
374 1472 477 1513 κακὰ
491 1474 578 1512 add.
594 1473 724 1512 Schol.
738 1472 957 1523 Aristoph.,
976 1470 1099 1510 κακὸν
1119 1467 1203 1525 (vel
1216 1468 1337 1524 κακὰ)
1351 1472 1509 1521 Apulei.
1554 1469 1682 1524 ὥσπερ
1696 1471 1867 1511 Aristot.

305 1534 448 1583 Probl.,
480 1530 533 1580 ὣς
565 1532 677 1582 Gell„
713 1529 766 1579 ὡς
791 1530 812 1571 ὃ
837 1532 1070 1582 Diogenian.
1120 1528 1224 1581 νέφη
1264 1531 1459 1581 Theophr.
1491 1531 1598 1569 Plut.
1625 1552 1680 1563 --.
1707 1527 1867 1581 ‘tragici

305 1606 390 1632 esse
427 1605 588 1632 versum
623 1592 750 1631 nolim
785 1586 1024 1630 adfirmare?
1056 1591 1208 1629 Nauck.
1271 1591 1305 1629 si
1335 1590 1474 1629 comici
1505 1592 1578 1638 est,
1614 1590 1727 1630 scrib.
1755 1587 1808 1637 ὥς
1834 1587 1867 1629 ὅ.

589 1778 707 1835 ὀρῶν
739 1779 905 1821 ἔνοικοι
935 1777 1143 1833 ναμάτων
1174 1773 1212 1819 τ’
1248 1776 1477 1820 ἐπίσκοποι

590 1850 782 1906 Νύμφαι

423 1926 623 1965 Aristides
647 1925 667 1963 I
695 1927 750 1964 10
776 1925 910 1963 Dindf.
959 1922 1093 1971 Πᾶνές
1123 1938 1161 1963 τε
1187 1921 1243 1976 ὀρ.
1269 1922 1323 1962 ἕν.
1372 1922 1438 1963 καὶ
1468 1923 1640 1974 Νύμφαι
1664 1938 1700 1962 ν.
1725 1921 1784 1962 ἐπ.
1814 1945 1863 1951 -

304 1989 438 2036 potest
462 1985 694 2036 tragoediae
721 1997 806 2023 esse
831 1985 1113 2035 fragmentum,
1140 1984 1208 2023 sed
1227 1984 1350 2022 etiam
1370 1983 1594 2022 comoediae
1613 1996 1866 2038 παρατραγῳ-

306 2045 466 2097 δούσης,
498 2045 561 2084 cui
592 2057 735 2083 nomen
765 2049 873 2095 νᾶμα
902 2057 982 2082 non
1015 2056 1179 2094 prorsus
1211 2043 1449 2082 inusitatum
1481 2044 1552 2081 est.

1033 2148 1144 2190 1231

591 2220 614 2263 ὁ
647 2221 767 2276 δρῶν
797 2220 850 2261 τὰ
880 2224 960 2261 τοῦ
992 2217 1230 2274 μέλλοντος
1262 2223 1427 2274 οἴχεται
1458 2217 1620 2274 φέρων.

426 2296 616 2346 Polybius
643 2297 711 2345 31,
739 2296 790 2333 21
821 2289 1037 2348 (coniunct.
1069 2307 1159 2333 cum
1189 2294 1282 2333 Eur.
1316 2294 1463 2332 Phoen.
1492 2295 1574 2332 726
1603 2295 1643 2332 et
1667 2293 1715 2331 fr.
1749 2287 1866 2345 357).

306 2358 410 2395 inter
441 2355 596 2406 tragica
626 2355 851 2406 fragmenta
883 2348 1036 2405 (adesp.
1065 2347 1169 2406 358)
1201 2353 1352 2403 recepit
1381 2352 1534 2391 Nauck.

1032 2458 1145 2500 1232

590 2529 617 2584 ἡ
651 2528 771 2586 δεῦρ’
809 2529 912 2579 ὁδός
944 2539 1015 2571 σοι
1045 2529 1092 2570 τί
1119 2528 1304 2570 δύναται
1335 2533 1441 2582 νῦν,
1473 2529 1717 2583 θεοπρόπες

427 2605 562 2644 Cicero
600 2605 728 2655 Epist.
766 2605 850 2643 Att.
885 2605 957 2651 15,
994 2606 1043 2641 11
1090 2596 1236 2641 mecum
1272 2604 1354 2651 ipse
1390 2604 1466 2640 κτλ.
1511 2604 1552 2641 et
1584 2603 1655 2653 16,
1690 2603 1713 2640 6
1755 2613 1868 2650 saepe

306 2678 452 2703 mecum
475 2661 502 2715 ’ἡ
530 2685 584 2691 -
613 2663 797 2711 §vivarum
830 2664 880 2701 ad
911 2662 1158 2714 tragoediam
1182 2662 1306 2700 refert
1331 2661 1466 2701 Cobet.
1491 2661 1635 2700 Mnem.
1660 2661 1743 2699 IIII
1771 2661 1865 2700 125.

1032 2765 1145 2808 1233

590 2839 644 2882 τὰ
674 2833 855 2894 σχήματ’
891 2836 1029 2886 εὐθὺς
1060 2835 1240 2878 εἰσιδὼν
1271 2834 1344 2877 καὶ
1374 2835 1427 2877 τὰ
1459 2835 1607 2877 σκύτα.

427 2915 644 2953 Erotianus
673 2915 768 2963 117,
797 2915 820 2952 6
854 2912 982 2950 Klein.
1016 2909 1155 2949 σκύταῐ
1185 2907 1226 2948 τὸ
1259 2908 1400 2960 μεταξὺ
1431 2915 1509 2948 τῶν
1539 2907 1732 2948 τενόντων
1763 2906 1863 2958 [καὶ]

2007 2689 2014 2822 ἱ

2007 2856 2014 2932 ἔ

2006 2949 2014 2987 Ξ

2003 2987 2014 3027 ἒ
