2014 3334
791 260 957 295 AAHAA
985 258 1246 294 οΠοΤΕΡΑΣ
1720 255 1808 297 493

976 368 1076 420 445,

1076 440 1362 490 πουλύποδος
1394 439 1523 493 δίκην

513 515 646 566 αὐτὸς
677 515 866 558 σεαυτὸν
897 512 1167 569 καταφαγών

347 603 584 656 Hesychius.
618 602 766 641 excidit
796 602 1091 652 interpretatio.
1122 601 1237 639 πουλ.
1270 620 1318 626 -
1349 596 1515 638 σεαυτὸν
1540 596 1608 647 K]
1641 599 1726 636 πολ,
1755 617 1804 623 —-

227 663 380 706 ἑαυτὸν.
441 664 488 702 cf.
522 663 703 702 Pherecr.
741 663 807 702 13.
852 661 991 701 Alcaei
1024 673 1121 700 com.
1156 661 1224 699 36.

975 776 1064 820 446

511 864 651 906 δεῖται
682 862 949 919 προφάσεως
978 860 1006 916 ἡ
1031 861 1232 917 πονηρία
1263 860 1416 915 μόνον.

344 951 586 990 Aristoteles
618 950 735 989 Rhet.
759 934 808 999 ,1’
844 950 895 988 12
930 945 1101 1002 (1373a
1127 942 1174 1002 3)
1207 945 1337 1000 ὥσπερ
1368 944 1443 999 γὰρ
1474 941 1500 996 ἡ
1526 943 1719 998 παροιμία
1743 958 1809 995 πρ.

224 1011 258 1051 δ.
291 1026 331 1063 μ.
361 1007 388 1062 ἡ
419 1025 460 1050 π.
511 1011 560 1050 cf.
594 1009 831 1062 Diogenian.
866 1011 904 1060 7,
937 1010 1006 1048 87.
1057 1007 1176 1060 Greg.
1210 1006 1329 1059 Cypr.
1362 1008 1401 1054 3,
1434 1007 1503 1044 47.

974 1125 1061 1168 447

510 1212 599 1268 ἔχει
630 1211 854 1265 τελευτήν,
885 1206 1026 1265 ἧσπερ
1058 1205 1190 1251 εἵνεκ’
1226 1206 1413 1263 ἐγένετο.

344 1299 584 1338 Aristoteles
617 1297 736 1349 Phys,
770 1309 876 1336 ausc.
910 1298 948 1348 2,
982 1298 1020 1335 2.
1059 1293 1121 1335 διὸ
1158 1293 1225 1334 καὶ
1262 1291 1283 1333 ὅ
1314 1291 1482 1345 ποιητὴς
1515 1292 1676 1346 γελοίως
1706 1306 1806 1344 προ-

225 1358 333 1411 ήχθη
355 1358 478 1398 εἰπεῖν
497 1360 575 1397 κτλ.
607 1353 724 1397 εἵνεκ’
742 1355 809 1407 K]
832 1351 982 1396 οὕνεκ’.
1014 1354 1219 1408 εὐριπίδης
1239 1351 1260 1394 ὁ
1279 1353 1446 1405 ποιητής
1465 1354 1549 1393 cod.
1566 1353 1607 1391 F.
1636 1349 1805 1391 ‘comoe-

224 1419 314 1458 diae
346 1419 611 1469 probabiliter
642 1417 856 1467 adscripsit
886 1411 1020 1455 Mein.'
1062 1415 1214 1473 Nauck.
1250 1415 1316 1454 Tr.
1348 1428 1408 1464 gr.
1440 1414 1489 1452 fr.
1522 1426 1558 1452 X.

964 1532 1050 1576 448

509 1617 565 1660 ἂν
596 1618 738 1660 πολλὰ
768 1617 948 1673 βάλλῃς,
980 1615 1141 1659 ἄλλοτ’,
1165 1615 1348 1659 ἀλλοῖον
1379 1617 1539 1671 βαλεῖς.

343 1705 584 1745 Aristoteles
604 1705 664 1743 De
684 1704 806 1744 divin.
837 1704 878 1743 in
905 1716 1031 1743 somn.
1058 1706 1081 1742 2
1116 1698 1257 1758 (463b
1291 1697 1367 1756 21)
1400 1701 1530 1754 ὥσπερ
1562 1699 1709 1754 λέγεται
1729 1703 1796 1739 κτλ

225 1765 332 1804 Plut.
364 1765 463 1806 Mor.
497 1766 581 1804 437
616 1766 714 1804 extr.
759 1762 801 1804 οἱ
839 1762 964 1803 πολλὰ
1007 1762 1216 1815 βάλλοντες
1259 1760 1562 1815 ἐπιτυγχάνουσι
1605 1759 1795 1807 πολλάκις

225 1825 274 1865 cf.
306 1825 488 1876 Apostol.
521 1826 559 1873 2,
593 1825 646 1863 87
681 1818 856 1879 (βάλῃς).

970 1903 1057 1946 449

512 1989 572 2039 ὡς
601 1994 694 2039 τοῖς
725 1987 770 2039 ἐς
801 1986 917 2045 ᾅδου
947 1986 1239 2043 βουλομένοις
1271 1985 1420 2037 οὐδεὶς
1451 1987 1638 2041 φθόνος.

344 2050 585 2115 Aristoteles
612 2075 790 2115 Demetr.
816 2075 874 2113 De
907 2075 1051 2114 elocut.
1086 2076 1169 2114 225
1204 2074 1239 2114 εἰ
1270 2071 1312 2114 δὲ
1342 2072 1442 2126 πρὸς
1474 2071 1630 2120 ἁπάσας
1661 2072 1807 2124 οἴχεται

225 2141 297 2189 γᾶς
323 2133 455 2188 φυγὰς
486 2129 614 2185 οὗτος,
641 2133 736 2174 ὥστε
763 2132 816 2185 μὴ
845 2133 1040 2187 κατάγειν,
1067 2134 1190 2186 δῆλον
1215 2131 1269 2182 ὡς
1293 2136 1375 2182 τοῖς
1399 2147 1442 2187 γε
1467 2133 1523 2181 εἰς
1548 2130 1652 2188 ᾅδου
1677 2134 1808 2171 κατελ-

225 2198 318 2234 θεῖν
349 2195 386 2247 β.
406 2197 483 2235 κτλ.
505 2227 508 2229 .
535 2207 582 2234 ex
602 2195 808 2234 comoedia
826 2194 1014 2234 videntur
1033 2195 1207 2234 fluxisse.
1257 2194 1304 2234 de
1331 2193 1465 2244 ellipsi
1490 2194 1539 2233 cf.
1560 2193 1686 2232 Arist.
1706 2193 1805 2231 Rau.

231 2256 355 2295 1279.
371 2275 426 2282 -—
444 2255 736 2306 Aristophanes
756 2256 819 2294 ter
838 2253 882 2294 εἰ
887 2270 906 2302 ς
925 2250 1043 2310 ᾅδου,
1063 2254 1132 2294 sed
1152 2255 1200 2294 cf.
1213 2254 1480 2294 Meisterhans
1495 2253 1671 2292 Gramm.
1690 2252 1808 2292 inser.

225 2329 264 2365 p.
289 2316 372 2354 100
391 2328 429 2354 n.
453 2315 550 2355 785.

973 2370 1062 2414 450

517 2455 571 2497 τὰ
603 2452 644 2497 δ’
682 2455 745 2505 εἰς
775 2455 825 2497 τὸ
857 2456 1059 2510 πρόσθεν
1091 2453 1305 2498 ἀδυνατεῖ
1332 2454 1473 2510 μύλης
1504 2453 1602 2496 ὕπο.

350 2541 531 2580 Erotian.
560 2543 625 2592 12,
655 2543 708 2581 15
742 2540 1120 2588 KleinsAtovomog
1150 2540 1359 2591 Νικάνορα
1385 2539 1452 2580 τὸν
1482 2538 1581 2579 κατὰ
1612 2536 1812 2578 Σέλευκον

231 2599 398 2652 ἱστορῶν
430 2611 529 2651 φησι
560 2603 637 2640 κτλ.
683 2597 730 2640 ιτὸ
767 2600 946 2652 πρόσθεν
964 2599 1172 2651 Daremb.]
1204 2597 1237 2639 τ’
1261 2598 1520 2654 οὔμπροσθεν
1542 2599 1587 2638 V.
1619 2620 1673 2626 —
1707 2597 1811 2649 μύλη

230 2661 380 2759 dicitu}-
410 2656 436 2711 ἡ
469 2656 695 2719 ἐπιγονατίς
725 2661 836 2701 Erot.
872 2663 938 2711 12,
971 2662 1008 2700 9.
1052 2661 1240 2710 proyredz'
1269 2673 1348 2699 νον
1380 2662 1471 2700 bene
1501 2662 1627 2708 potest
1649 2661 1813 2708 propter

224 2733 328 2770 θωνα
373 2732 518 2760 aesum.

973 2801 1059 2844 451

516 2870 629 2927 ἀνὴρ
661 2872 841 2926 ἄριστος
871 2873 1009 2915 τᾶλλα
1039 2872 1157 2927 πλὴν
1189 2871 1238 2915 ἐν
1271 2871 1436 2914 ἀσπίδι.

351 2958 589 2998 Plutarchus
615 2957 798 3009 Compar.
818 2959 910 2999 Nic.
935 2962 976 2999 et
994 2958 1127 2998 Crassi
1155 2960 1179 2998 3
1213 2956 1278 2997 καὶ
1314 2960 1394 3005 τοῖς
1426 2956 1695 3004 σπουδάζουσι
1721 2955 1807 3008 περὶ
