2014 3334
701 278 906 314 ΑΔΗΛΩΝ
930 278 1192 315 ΔΡΑΜΑΤΩΝ
1647 278 1734 322 209

906 389 989 431 737

870 465 955 510 πᾶς
988 459 1011 502 ὁ
1044 461 1102 516 μὴ
1136 469 1320 517 φρονῶν

370 530 601 589 ἀλαζονείᾳ
632 528 706 573 καὶ
737 531 904 587 ψόφοις
935 530 1168 574 ἁλίσκεται.

274 618 473 658 stobaeus
504 618 642 658 Floril.
678 619 746 670 22,
781 621 832 657 12
866 623 937 658 τοῦ
969 617 1093 658 αὐτοῦ
1126 618 1394 672 (Μενάνδρου
1432 617 1503 673 11)
1538 622 1584 660 A.

905 735 989 778 738

369 819 451 862 οὐκ
483 815 571 862 ἔστ’
608 818 763 870 ἀνοίας
794 818 944 874 οὐδέν,
977 819 1037 870 ὡς
1068 818 1165 875 ἐμοὶ
1198 821 1334 874 δοκεῖ,

368 892 708 948 τολμηρότερον.
759 932 763 936 ,

273 978 472 1018 Stobaeus
503 978 642 1018 Floril.
663 980 702 1028 4,
736 979 790 1019 35
826 977 1076 1031 Μενάνδρου
1096 978 1145 1018 A.
1194 978 1342 1018 Anton.
1370 980 1460 1019 Mel.
1488 982 1541 1020 79
1574 994 1612 1031 p.
1637 982 1734 1020 137.

153 1038 328 1079 Cramer.
384 1038 528 1079 Anecd.
562 1037 633 1078 Ox.
664 1038 747 1077 1111
779 1040 878 1090 254,
912 1040 979 1078 22.
1043 1038 1204 1079 Maxim.
1237 1038 1348 1079 Conf.
1385 1042 1453 1091 40,
1487 1042 1541 1079 86
1576 1054 1613 1091 p.
1648 1042 1732 1080 6-34

153 1098 364 1140 Combefis.
426 1096 548 1138 οὐδέν
579 1111 655 1138 om.
688 1098 806 1139 Voss.

370 1272 404 1318 ὦ
436 1274 532 1331 νύξ,
566 1277 622 1319 σὺ
653 1276 738 1335 γὰρ
771 1276 826 1331 δὴ
858 1278 1067 1318 πλεῖστον
1095 1273 1359 1332 Ἀφροδίτης
1389 1281 1508 1319 θεῶν

370 1346 563 1404 μετέχεις
594 1346 739 1404 μέρος.

272 1434 515 1475 Plutarchus
546 1435 646 1474 Mor.
679 1435 804 1475 318d
840 1437 1024 1474 πλεῖστον
1061 1433 1136 1488 γὰρ
1164 1431 1400 1487 Ἀφροδίτης
1437 1434 1487 1475 οὐ
1518 1434 1606 1486 νύξ,
1636 1434 1735 1475 κατὰ

154 1492 416 1547 Μένανδρον,
447 1493 544 1534 ἀλλὰ
576 1494 672 1547 τύχη
704 1492 947 1547 μετέσχηκεν.
1009 1495 1114 1535 idem
1148 1495 1246 1534 Mor.
1282 1496 1405 1535 654d
1449 1493 1470 1535 ὅ
1498 1491 1736 1548 Ἐπίκουρος

152 1553 261 1607 παρὰ
291 1560 372 1595 πᾶν
405 1553 560 1595 δίκαιον
592 1553 760 1607 ἀφαιρεῖ
770 1553 857 1606 ’τὴν
883 1551 1124 1608 ’Ἀφροδίτην
1163 1560 1232 1607 τῆς
1263 1554 1416 1603 νυκτός.
1477 1556 1604 1596 καίτοι
1642 1555 1734 1608 κρά-

152 1625 283 1655 τιστον
314 1611 517 1667 (πλεῖστον
536 1610 766 1670 Wyttenb.)
799 1613 897 1670 αὐτῇ
929 1618 1040 1655 θεῶν
1066 1615 1241 1667 μετεῖναί
1263 1627 1388 1667 φησιν
1419 1614 1602 1668 ἐρωτικὸς
1633 1614 1735 1669 ἀνὴρ

153 1673 409 1728 Μένανδρος.
470 1674 602 1717 Schol.
635 1675 802 1715 Theoor.
836 1678 874 1725 2,
910 1677 964 1715 10
1009 1675 1074 1714 δεῖ
1109 1672 1151 1714 δὲ
1188 1678 1270 1723 τοῖς
1307 1674 1583 1727 κλεπτομένοις
1620 1674 1737 1728 ἔρωσι

154 1739 267 1788 σιγῆς
297 1730 364 1775 καὶ
393 1733 548 1783 νυκτός.
610 1732 855 1787 Μένανδρος
893 1729 924 1774 ὦ
956 1734 1051 1787 νύξ,
1089 1733 1152 1775 σοὶ
1186 1734 1261 1788 γὰρ
1294 1735 1360 1775 δεῖ
1383 1738 1564 1775 πλεῖστον
1591 1732 1735 1788 Ἀφρο-

156 1794 265 1846 δίτης
297 1791 367 1849 (δὴ
397 1816 451 1823 -
473 1791 688 1847 Ἀφροδίτη
715 1795 746 1834 Ρ
768 1796 897 1835 2835.
953 1793 1002 1834 σὺ
1034 1793 1108 1848 γὰρ
1142 1792 1184 1834 δὲ
1204 1795 1388 1835 Ambros.
1410 1796 1568 1848 Ziegler
1588 1810 1626 1847 p.
1650 1791 1736 1850 19).

154 1855 437 1900 Philostr.Vit.
470 1857 582 1906 soph.
605 1858 641 1907 1,
670 1858 694 1895 5
722 1869 760 1906 p.
782 1856 867 1895 518
901 1849 932 1894 ὦ
964 1854 1052 1905 νύξ,
1085 1854 1133 1894 σὺ
1165 1854 1240 1908 γὰρ
1273 1853 1322 1906 δὴ
1355 1858 1538 1895 πλεῖστον
1569 1853 1736 1908 μετέχεις

155 1914 300 1966 σοφίας
331 1913 448 1967 μέρος
478 1918 600 1954 θεῶν.
662 1915 768 1954 unde
805 1917 914 1954 recto
946 1915 1170 1954 Meinekius
1202 1916 1308 1967 quod
1350 1929 1473 1966 supra
1503 1916 1735 1966 scripsimus

154 1975 311 2025 elicuit,
349 1975 428 2014 nisi
466 1975 575 2027 quod
617 1975 756 2026 paullo
799 1975 1049 2026 probabilius
1087 1975 1128 2014 in
1168 1976 1226 2014 od.
1263 1979 1283 2014 1
1328 1972 1565 2027 Ἀφροδίτης
1607 1971 1732 2029 μέροςΙ

155 2032 322 2087 μετέχεις
352 2038 474 2074 θεῶν.
524 2034 690 2075 Grotius
722 2028 753 2074 ὦ
785 2034 874 2085 νύξ,
906 2033 956 2074 σὺ
986 2033 1062 2088 γὰρ
1094 2033 1144 2086 δὴ
1176 2037 1238 2074 πλ.
1267 2031 1380 2089 Ἀφρ.
1411 2034 1519 2087 ἔχεις.
1562 2036 1610 2074 do
1643 2048 1733 2086 syn·

158 2095 244 2134 taxi
274 2095 484 2134 Heindorf.
515 2095 618 2135 Plat.
652 2094 772 2146 Soph.
806 2096 890 2135 235
906 2108 942 2134 a.

901 2212 988 2254 740

375 2263 667 2340 μαρτύρομαι,
700 2281 775 2326 ναὶ
807 2284 867 2339 μὰ
897 2283 977 2325 τὸν
1005 2281 1199 2326 Ἀπόλλω
1231 2281 1410 2325 τουτονὶ

368 2353 442 2398 καὶ
473 2356 550 2405 τὰς
580 2355 737 2412 θύρας.

276 2441 421 2480 Suidas
459 2440 527 2481 ναὶ
557 2440 612 2492 μὰ
643 2441 737 2482 τόν.
759 2473 768 2482 .
788 2473 797 2481 .
819 2442 860 2482 οἷ
887 2440 1042 2494 ἀρχαῖοι
1074 2440 1123 2482 οὐ
1154 2446 1357 2493 προπετῶς
1387 2439 1485 2479 κατὰ
1517 2446 1595 2480 τῶν
1625 2445 1735 2480 θεῶν

0 2522 8 2555 5
156 2499 339 2553 ὤμνυον,
377 2499 474 2540 ἀλλὰ
511 2500 609 2545 κατὰ
645 2507 724 2541 τῶν
760 2500 1157 2554 προστυγχανόντων,
1196 2498 1249 2548 ὡς
1286 2498 1352 2539 καὶ
1383 2498 1625 2551 Μένανδρος
1656 2504 1733 2540 κτλ.

162 2565 197 2600 1.
229 2559 295 2600 ναὶ
326 2559 380 2612 μὰ
411 2560 480 2601 τὸν
511 2560 650 2613 Mein]
682 2560 762 2602 τὸν.
823 2559 1067 2614 Μένανδρος
1099 2563 1301 2612 μαρτυρεῖ·
1344 2556 1426 2598 (ναὶ
1457 2558 1511 2611 μὰ
1542 2558 1610 2598 τὸν
1640 2557 1734 2600 κτλ.’

0 2573 9 2692 ἱ
158 2620 390 2660 Sohroeder.
422 2621 561 2673 Progr.
581 2622 797 2661 Mariaeins
834 2623 959 2662 1845.
1022 2622 1091 2660 sed
1123 2622 1170 2660 cf.
1199 2620 1447 2659 A1·ist.Nub.
1475 2621 1574 2658 495.
1610 2622 1734 2660 1222.

0 2694 10 2742 g
162 2682 288 2721 1297.
331 2680 408 2720 Av.
445 2682 570 2721 1031.
615 2682 715 2721 Ran.
749 2683 833 2721 528
867 2684 942 2720 cet.
1004 2678 1162 2720 τουτονὶ
1194 2678 1329 2729 Mein]
1363 2683 1514 2718 τοῦτον.
1575 2678 1630 2730 μὰ
1668 2679 1735 2719 τὸν

0 2765 5 2807 ι
154 2735 328 2779 ’Λπόλλω
371 2740 532 2780 τουτονί
573 2745 636 2780 est
678 2741 803 2781 Arist.
840 2741 998 2780 Thesm.
1033 2742 1130 2779 748.
1212 2741 1249 2778 2.
1293 2736 1360 2777 καὶ
1402 2737 1470 2785 τὰς
1513 2737 1735 2792 θυγατέρας

158 2799 305 2839 Naber.
338 2800 482 2839 Mnem.
502 2812 593 2840 nov.
611 2800 713 2839 VIII
733 2803 832 2841 425.
896 2803 938 2839 at
969 2812 1166 2850 nusquam
1200 2799 1347 2848 Apollo
1379 2798 1587 2837 Musarum
1619 2802 1736 2850 pater

0 2811 11 2939 ι
158 2859 283 2898 fuisse
322 2859 481 2899 dicitur.
519 2881 575 2886 —
614 2860 833 2912 significari
869 2860 1031 2900 videtur
1061 2858 1207 2909 Apollo
1240 2856 1422 2910 ἀγυιεύς,
1459 2858 1573 2897 ouius
1610 2872 1734 2911 prope

9 2926 17 2929 “
159 2918 322 2958 ianuam
359 2921 447 2958 erat
485 2931 565 2959 ara.
629 2920 678 2959 cf.
711 2922 780 2959 45.
814 2921 910 2959 748.
945 2919 1068 2957 Arist.
1099 2920 1218 2967 Vosp.
1251 2918 1349 2957 875.
1409 2916 1575 2957 Proller.
1606 2919 1733 2970 Myth.

0 2981 23 3042 k
159 2974 236 3030 gr?
268 2978 286 3017 1
321 2980 418 3018 211.

232 3051 347 3077 Comici
367 3051 481 3086 graeci,
500 3052 546 3079 ed.
567 3053 623 3080 Th.
643 3053 738 3078 Kock.
760 3053 815 3078 111.
1404 3047 1447 3077 14
