2014 3334
305 218 388 260 190
605 250 608 253 .
941 221 1239 255 MENANAPOT

1047 354 1133 396 639

518 434 597 490 οὐχ
631 435 680 477 αἱ
707 437 851 491 τρίχες
881 442 1091 478 ποιοῦσιν
1124 437 1173 478 αἱ
1200 436 1353 480 λευκαὶ
1387 444 1591 493 φρονεῖν,

517 505 611 548 ἀλλ’
649 506 672 549 ὁ
704 509 866 561 τρόπος
899 507 1030 550 ἐνίων
1063 507 1155 550 ἐστὶ
1185 514 1238 565 τῇ
1269 510 1402 565 φύσει
1434 509 1589 565 γέρων.

422 592 616 632 Sssobaeus
650 594 785 633 Floril.
808 597 876 644 52,
906 597 960 634 10
992 595 1240 646 Μενάνδρου
1260 596 1309 635 A.
1358 597 1502 635 Aesoh.
1524 596 1632 646 Sept.
1659 597 1755 635 622.
1799 594 1879 634 Cic.

303 652 403 691 Ses‘o.
425 654 493 702 52,
517 656 612 692 111.
656 654 768 692 Pind.
790 654 851 693 01.
872 656 910 705 4,
933 656 1000 694 26.
1044 658 1213 694 monost.
1236 657 1319 695 705
1341 657 1512 695 contulit
1533 656 1720 706 Toeppel.
1740 655 1878 706 Progr.

301 713 447 751 Neobr.
484 714 610 764 1857,
645 716 711 752 16.
761 714 907 753 Publil.
939 727 1086 759 sensus,
1117 727 1196 754 mm
1226 719 1334 755 aetas
1363 718 1510 755 invenit
1539 717 1781 765 sapientiam.

1043 855 1131 898 640

518 936 636 987 ὅστις
668 944 905 993 στρατηγεῖ
933 938 991 994 μὴ
1026 939 1295 995 στρατιώτης
1325 939 1579 994 γενόμενος,

516 1004 646 1059 οὗτος
678 1007 923 1065 ἑκατόμβην
955 1008 1098 1064 ἐξάγει
1128 1017 1221 1060 τοῖς
1251 1011 1488 1066 πολεμίοις.

423 1095 621 1134 Stobaeus
653 1096 793 1136 Floril.
826 1098 894 1148 54,
928 1098 981 1135 23
1017 1097 1265 1149 Μενάνδρου
1298 1097 1345 1136 A.

1045 1236 1128 1278 641

517 1318 540 1360 ὁ
573 1326 661 1361 τῶν
692 1325 902 1373 γεωργῶν
933 1318 1105 1373 ἡδονὴν
1138 1320 1225 1374 ἔχει
1257 1321 1367 1374 βίος,

516 1397 610 1440 ταῖς
642 1389 814 1433 ἐλπίσιν
845 1390 1052 1444 τάλγεινά
1082 1391 1500 1447 παραμυθούμενος.

423 1477 618 1516 StObaeus
651 1478 787 1516 Floril.
821 1479 889 1528 57,
923 1481 944 1516 1
989 1482 1058 1517 τοῦ
1091 1476 1214 1517 αὐτοῦ
1248 1473 1518 1531 (Μενάνδρου
1553 1479 1590 1528 9,
1621 1479 1714 1527 post
1757 1490 1875 1527 quam

302 1537 481 1588 eclogam
507 1537 739 1576 conlocatur
761 1534 805 1591 1)
825 1537 872 1576 A.
936 1536 1161 1589 Εὐριπίδου
1182 1538 1326 1588 Trina„
1362 1537 1425 1576 cui
1443 1550 1523 1576 non
1554 1538 1728 1576 multum
1748 1537 1875 1576 tribu-

302 1597 459 1636 endum.
522 1598 559 1636 2.
592 1595 638 1635 τὰ
670 1596 780 1635 δεῖνα
810 1597 859 1635 A.

1043 1726 1129 1768 642

516 1807 566 1850 έν
596 1815 689 1858 τοῖς
719 1809 945 1864 πολεμίοις
974 1808 1205 1865 ὑπερέχειν
1235 1809 1315 1852 τὸν
1347 1809 1491 1865 ἄνδρα
1524 1809 1608 1850 δεῖ·

515 1881 564 1923 τὸ
596 1881 680 1937 γὰρ
713 1887 926 1938 γεωργεῖν
958 1882 1092 1937 ἔργον
1125 1879 1245 1923 ἐστὶν
1277 1879 1463 1923 οἰκέτου.

424 1968 620 2007 Stobaous
654 1968 789 2007 Floril.
823 1969 891 2018 57,
925 1970 948 2007 3
984 1967 1233 2020 Μενάνδρου
1266 1968 1314 2006 A.
1382 1971 1417 2006 1.
1449 1968 1730 2017 πολεμικοῖς
1761 1966 1810 2004 Κ.

1044 2109 1130 2150 643

517 2193 569 2233 τὰ
600 2192 767 2247 μεγάλα
799 2191 932 2247 κέρδη
967 2191 1131 2248 ῥᾳδίως
1162 2190 1188 2246 ἢ
1220 2191 1463 2239 πλουσίους

516 2265 621 2313 τοὺς
651 2265 914 2318 παραβόλως
944 2261 1158 2312 πλέοντας
1188 2262 1215 2317 ἢ
1247 2263 1432 2318 νεκροὺς
1463 2268 1590 2303 ποιεῖ.

424 2350 618 2389 Stobaeus
643 2351 780 2388 Floril.
802 2352 870 2401 59,
906 2352 956 2388 14
992 2348 1240 2401 Μενάνδρου
1271 2348 1321 2388 Α.
1373 2350 1409 2386 2.
1443 2344 1594 2386 ‘temere
1625 2351 1657 2386 et
1689 2349 1874 2386 audacter

303 2412 406 2449 mari
437 2423 477 2449 se
507 2405 725 2449 credentes'.
788 2410 906 2448 Mein.
942 2412 978 2448 1.

1042 2548 1129 2591 644

518 2632 625 2675 ὅταν
656 2631 794 2689 ἀτυχῇ
825 2648 905 2687 τις,
937 2626 1204 2681 εὐνοοῦντος
1236 2629 1410 2674 οἰκέτου

518 2703 599 2747 οὐκ
631 2705 751 2747 ἔστιν
783 2701 916 2747 οὐδὲν
946 2709 1086 2759 κτῆμα
1117 2703 1299 2745 κάλλιον
1331 2704 1426 2761 βίῳ.

424 2791 622 2830 Stobaeus
654 2791 790 2830 Floril.
826 2793 895 2841 62,
929 2793 952 2830 6
985 2795 1055 2829 τοῦ
1087 2788 1209 2828 αὐτοῦ
1243 2784 1509 2842 (Μενάνδρου
1543 2784 1589 2842 5)
1616 2790 1663 2827 A.
1725 2786 1870 2842 ἀτυχῇ

240 2859 242 2861 “
304 2847 371 2899 K]
405 2849 519 2904 τύχῃ,
564 2851 669 2901 quod
714 2851 875 2889 sublata
914 2850 1235 2900 interpunctione
1279 2849 1534 2887 coniunctum
1583 2861 1672 2887 cum
1717 2845 1871 2887 οἰκέτου

303 2909 518 2947 admodum
550 2910 726 2961 languet.
