<?xml version="1.0" encoding="UTF-8"?>
<!DOCTYPE html PUBLIC "-//W3C//DTD XHTML 1.0 Transitional//EN"
    "http://www.w3.org/TR/xhtml1/DTD/xhtml1-transitional.dtd">
<html xmlns="http://www.w3.org/1999/xhtml" xml:lang="en" lang="en">
 <head>
  <title>
</title>
<meta http-equiv="Content-Type" content="text/html;charset=utf-8" />
  <meta name='ocr-system' content='tesseract 3.04.00' />
  <meta name='ocr-capabilities' content='ocr_page ocr_carea ocr_par ocr_line ocrx_word'/>
</head>
<body>
  <div class='ocr_page' id='page_1' title='image "./comicorumatticor03kockuoft_0297.png"; bbox 0 0 2014 3334; ppageno 0'>
   <div class='ocr_carea' id='block_1_1' title="bbox 671 230 1788 276">
    <p class='ocr_par' dir='ltr' id='par_1_1' title="bbox 671 230 1788 276">
     <span class='ocr_line' id='line_1_1' title="bbox 671 230 1788 276; baseline 0.012 -13"><span class='ocrx_word' id='word_1_1' title='bbox 671 230 1020 266; x_wconf 71' lang='grc' dir='ltr'><strong>ΔῙΑΜΑΡΤΑΝΩΝ</strong></span> <span class='ocrx_word' id='word_1_2' title='bbox 1070 231 1338 268; x_wconf 75' lang='grc' dir='ltr'>ΘΗΣΑΤΡΟΣ</span> <span class='ocrx_word' id='word_1_3' title='bbox 1702 233 1788 276; x_wconf 83' lang='grc'><strong><em>277</em></strong></span> 
     </span>
    </p>
   </div>
   <div class='ocr_carea' id='block_1_2' title="bbox 422 350 1373 481">
    <p class='ocr_par' dir='ltr' id='par_1_2' title="bbox 422 350 1363 481">
     <span class='ocr_line' id='line_1_2' title="bbox 423 350 1263 410; baseline 0.004 -16"><span class='ocrx_word' id='word_1_4' title='bbox 423 350 606 409; x_wconf 79' lang='grc' dir='ltr'><strong><em>ἐλᾳδίου</em></strong></span> <span class='ocrx_word' id='word_1_5' title='bbox 635 351 800 407; x_wconf 81' lang='grc' dir='ltr'><strong><em>κοτύλη</em></strong></span> <span class='ocrx_word' id='word_1_6' title='bbox 831 367 878 395; x_wconf 87' lang='grc' dir='ltr'><strong><em>τε</em></strong></span> <span class='ocrx_word' id='word_1_7' title='bbox 909 352 1263 410; x_wconf 83' lang='grc' dir='ltr'><strong><em>παραναλωμένη</em></strong></span> 
     </span>
     <span class='ocr_line' id='line_1_3' title="bbox 422 422 1373 481; baseline 0.003 -15"><span class='ocrx_word' id='word_1_8' title='bbox 422 422 592 467; x_wconf 82' lang='grc' dir='ltr'><strong><em>σέσωκέ</em></strong></span> <span class='ocrx_word' id='word_1_9' title='bbox 619 439 696 480; x_wconf 94' lang='grc' dir='ltr'><strong><em>μοι</em></strong></span> <span class='ocrx_word' id='word_1_10' title='bbox 726 425 930 481; x_wconf 80' lang='grc' dir='ltr'><strong><em>τρίκλινα</em></strong></span> <span class='ocrx_word' id='word_1_11' title='bbox 960 423 1219 480; x_wconf 82' lang='grc' dir='ltr'><strong><em>πεντήκοντ’</em></strong></span> <span class='ocrx_word' id='word_1_12' title='bbox 1257 430 1373 477; x_wconf 79' lang='grc' dir='ltr'><strong><em>ἴσως.</em></strong></span> 
     </span>
    </p>
   </div>
   <div class='ocr_carea' id='block_1_3' title="bbox 197 508 1788 1348">
    <p class='ocr_par' dir='ltr' id='par_1_3' title="bbox 197 508 1788 1165">
     <span class='ocr_line' id='line_1_4' title="bbox 322 508 1788 570; baseline 0.003 -20"><span class='ocrx_word' id='word_1_13' title='bbox 322 510 556 551; x_wconf 77' lang='lat' dir='ltr'><strong>Athenaeus</strong></span> <span class='ocrx_word' id='word_1_14' title='bbox 578 513 616 563; x_wconf 87' lang='lat'><strong><em>7,</em></strong></span> <span class='ocrx_word' id='word_1_15' title='bbox 638 513 753 551; x_wconf 77' lang='lat'>2920</span> <span class='ocrx_word' id='word_1_16' title='bbox 783 508 880 565; x_wconf 88' lang='grc' dir='ltr'><strong><em>παρ’</em></strong></span> <span class='ocrx_word' id='word_1_17' title='bbox 905 508 1115 570; x_wconf 78' lang='grc' dir='ltr'><strong><em>Ἀρχεδίκῳ</em></strong></span> <span class='ocrx_word' id='word_1_18' title='bbox 1148 511 1190 552; x_wconf 80' lang='grc' dir='ltr'><strong><em>ἐν</em></strong></span> <span class='ocrx_word' id='word_1_19' title='bbox 1218 513 1417 570; x_wconf 82' lang='grc' dir='ltr'><strong><em>Θησαυρῷ</em></strong></span> <span class='ocrx_word' id='word_1_20' title='bbox 1448 512 1565 562; x_wconf 76' lang='grc' dir='ltr'><strong><em>ἄλλος</em></strong></span> <span class='ocrx_word' id='word_1_21' title='bbox 1597 513 1788 566; x_wconf 88' lang='grc' dir='ltr'><strong><em>σοφιστης</em></strong></span> 
     </span>
     <span class='ocr_line' id='line_1_5' title="bbox 202 568 1786 646; baseline 0.002 -35"><span class='ocrx_word' id='word_1_22' title='bbox 202 570 451 646; x_wconf 81' lang='grc' dir='ltr'><strong><em>μαγειρίσκος</em></strong></span> <span class='ocrx_word' id='word_1_23' title='bbox 487 570 579 611; x_wconf 90' lang='grc' dir='ltr'><strong><em>τάδε</em></strong></span> <span class='ocrx_word' id='word_1_24' title='bbox 616 568 718 624; x_wconf 84' lang='grc' dir='ltr'><strong><em>λέγει</em></strong></span> <span class='ocrx_word' id='word_1_25' title='bbox 747 574 824 611; x_wconf 89' lang='grc' dir='ltr'><strong><em>κτλ.</em></strong></span> <span class='ocrx_word' id='word_1_26' title='bbox 905 586 941 612; x_wconf 88' lang='lat' dir='ltr'><strong><em>v.</em></strong></span> <span class='ocrx_word' id='word_1_27' title='bbox 978 575 1026 612; x_wconf 87' lang='lat'><strong><em>11</em></strong></span> <span class='ocrx_word' id='word_1_28' title='bbox 1071 573 1312 613; x_wconf 87' lang='lat' dir='ltr'><strong>Eustathius</strong></span> <span class='ocrx_word' id='word_1_29' title='bbox 1354 575 1480 625; x_wconf 83' lang='grc'>1552,</span> <span class='ocrx_word' id='word_1_30' title='bbox 1514 576 1569 614; x_wconf 87' lang='lat'><strong><em>33</em></strong></span> <span class='ocrx_word' id='word_1_31' title='bbox 1616 573 1786 615; x_wconf 87' lang='grc' dir='ltr'><strong><em>ε’λάδιον.</em></strong></span> 
     </span>
     <span class='ocr_line' id='line_1_6' title="bbox 201 625 1786 688; baseline 0.003 -18"><span class='ocrx_word' id='word_1_32' title='bbox 201 634 322 671; x_wconf 86' lang='grc' dir='ltr'><strong><em>κεῖται</em></strong></span> <span class='ocrx_word' id='word_1_33' title='bbox 354 625 430 672; x_wconf 78' lang='grc' dir='ltr'><strong><em>οὖν</em></strong></span> <span class='ocrx_word' id='word_1_34' title='bbox 460 630 569 684; x_wconf 86' lang='grc' dir='ltr'><strong><em>παρὰ</em></strong></span> <span class='ocrx_word' id='word_1_35' title='bbox 599 633 653 688; x_wconf 80' lang='grc' dir='ltr'><strong><em>τῷ</em></strong></span> <span class='ocrx_word' id='word_1_36' title='bbox 678 632 1015 687; x_wconf 77' lang='grc' dir='ltr'><strong><em>Δειπνοσοφιστῇ,</em></strong></span> <span class='ocrx_word' id='word_1_37' title='bbox 1051 630 1209 673; x_wconf 77' lang='grc' dir='ltr'><strong><em>ἐλαδίου</em></strong></span> <span class='ocrx_word' id='word_1_38' title='bbox 1243 632 1401 685; x_wconf 83' lang='grc' dir='ltr'><strong><em>κοτύλη.</em></strong></span> <span class='ocrx_word' id='word_1_39' title='bbox 1489 636 1527 674; x_wconf 90' lang='lat'><strong><em>3.</em></strong></span> <span class='ocrx_word' id='word_1_40' title='bbox 1561 633 1636 674; x_wconf 80' lang='grc' dir='ltr'><strong><em>οὐκ</em></strong></span> <span class='ocrx_word' id='word_1_41' title='bbox 1667 634 1786 675; x_wconf 88' lang='grc' dir='ltr'><strong><em>εἴσει</em></strong></span> 
     </span>
     <span class='ocr_line' id='line_1_7' title="bbox 202 686 1786 745; baseline 0.003 -14"><span class='ocrx_word' id='word_1_42' title='bbox 202 686 273 745; x_wconf 84' lang='lat' dir='ltr'><strong><em>(ab</em></strong></span> <span class='ocrx_word' id='word_1_43' title='bbox 310 687 468 745; x_wconf 81' lang='grc' dir='ltr'><strong><em>εἴσειμι)</em></strong></span> <span class='ocrx_word' id='word_1_44' title='bbox 500 690 567 742; x_wconf 88' lang='grc' dir='ltr'>Κ.]</span> <span class='ocrx_word' id='word_1_45' title='bbox 612 690 761 744; x_wconf 80' lang='grc' dir='ltr'><strong><em>οἰχήσει</em></strong></span> <span class='ocrx_word' id='word_1_46' title='bbox 790 692 840 731; x_wconf 90' lang='lat' dir='ltr'><strong><em>A.</em></strong></span> <span class='ocrx_word' id='word_1_47' title='bbox 903 691 978 732; x_wconf 78' lang='grc' dir='ltr'><strong><em>οὐκ</em></strong></span> <span class='ocrx_word' id='word_1_48' title='bbox 1022 692 1142 741; x_wconf 86' lang='grc' dir='ltr'><strong><em>οίσεις</em></strong></span> <span class='ocrx_word' id='word_1_49' title='bbox 1186 693 1391 734; x_wconf 86' lang='lat' dir='ltr'><strong>Hervverd.</strong></span> <span class='ocrx_word' id='word_1_50' title='bbox 1431 693 1524 734; x_wconf 86' lang='lat' dir='ltr'><strong><em>Obs.</em></strong></span> <span class='ocrx_word' id='word_1_51' title='bbox 1565 695 1654 735; x_wconf 82' lang='lat' dir='ltr'><strong>crit.</strong></span> <span class='ocrx_word' id='word_1_52' title='bbox 1690 697 1786 736; x_wconf 89' lang='grc'><strong>100.</strong></span> 
     </span>
     <span class='ocr_line' id='line_1_8' title="bbox 201 746 1785 809; baseline 0.002 -18"><span class='ocrx_word' id='word_1_53' title='bbox 201 753 240 791; x_wconf 87' lang='grc'><strong><em>4.</em></strong></span> <span class='ocrx_word' id='word_1_54' title='bbox 275 752 314 794; x_wconf 87' lang='grc'><strong><em>5.</em></strong></span> <span class='ocrx_word' id='word_1_55' title='bbox 333 750 413 792; x_wconf 51' lang='grc' dir='ltr'><strong><em>ντὸν</em></strong></span> <span class='ocrx_word' id='word_1_56' title='bbox 444 749 632 804; x_wconf 84' lang='grc' dir='ltr'><strong><em>άνθρακα</em></strong></span> <span class='ocrx_word' id='word_1_57' title='bbox 659 746 727 807; x_wconf 85' lang='lat' dir='ltr'><strong><em>(G.</em></strong></span> <span class='ocrx_word' id='word_1_58' title='bbox 747 747 904 806; x_wconf 88' lang='lat' dir='ltr'><strong>Herm.)</strong></span> <span class='ocrx_word' id='word_1_59' title='bbox 937 749 1068 807; x_wconf 80' lang='grc' dir='ltr'><strong><em>ἔρραν’</em></strong></span> <span class='ocrx_word' id='word_1_60' title='bbox 1104 751 1220 809; x_wconf 79' lang='grc' dir='ltr'><strong><em>ἐλαίῳ</em></strong></span> <span class='ocrx_word' id='word_1_61' title='bbox 1251 752 1382 793; x_wconf 84' lang='grc' dir='ltr'><strong><em>πάντα</em></strong></span> <span class='ocrx_word' id='word_1_62' title='bbox 1406 754 1525 793; x_wconf 91' lang='lat' dir='ltr'><strong>Mein.</strong></span> <span class='ocrx_word' id='word_1_63' title='bbox 1551 755 1668 796; x_wconf 89' lang='lat' dir='ltr'><strong>Anal.</strong></span> <span class='ocrx_word' id='word_1_64' title='bbox 1690 755 1785 795; x_wconf 90' lang='lat' dir='ltr'><strong><em>Ath.</em></strong></span> 
     </span>
     <span class='ocr_line' id='line_1_9' title="bbox 203 805 1780 867; baseline 0.002 -16"><span class='ocrx_word' id='word_1_65' title='bbox 203 813 287 852; x_wconf 85' lang='lat'><strong><em>129</em></strong></span> <span class='ocrx_word' id='word_1_66' title='bbox 322 805 391 865; x_wconf 83' lang='lat' dir='ltr'><strong>(de</strong></span> <span class='ocrx_word' id='word_1_67' title='bbox 424 812 621 864; x_wconf 84' lang='lat' dir='ltr'><strong>singulari</strong></span> <span class='ocrx_word' id='word_1_68' title='bbox 653 809 1065 866; x_wconf 74' lang='lat' dir='ltr'><strong><em>cf.Sotad.1,12).</em></strong></span> <span class='ocrx_word' id='word_1_69' title='bbox 1128 812 1220 861; x_wconf 82' lang='grc' dir='ltr'><strong><em>τούς</em></strong></span> <span class='ocrx_word' id='word_1_70' title='bbox 1254 810 1288 853; x_wconf 85' lang='grc' dir='ltr'><strong><em>τ’</em></strong></span> <span class='ocrx_word' id='word_1_71' title='bbox 1330 810 1539 866; x_wconf 77' lang='grc' dir='ltr'><strong><em>ἄνθρακας</em></strong></span> <span class='ocrx_word' id='word_1_72' title='bbox 1571 813 1696 867; x_wconf 80' lang='grc' dir='ltr'><strong><em>ῥάνας</em></strong></span> <span class='ocrx_word' id='word_1_73' title='bbox 1730 837 1780 842; x_wconf 92' lang='grc'>-</span> 
     </span>
     <span class='ocr_line' id='line_1_10' title="bbox 200 872 1783 926; baseline 0.003 -16"><span class='ocrx_word' id='word_1_74' title='bbox 200 877 379 924; x_wconf 81' lang='grc' dir='ltr'><strong><em>πανταχῆ</em></strong></span> <span class='ocrx_word' id='word_1_75' title='bbox 398 872 605 913; x_wconf 88' lang='lat' dir='ltr'><strong>Herwerd.</strong></span> <span class='ocrx_word' id='word_1_76' title='bbox 654 885 701 912; x_wconf 86' lang='lat' dir='ltr'><strong><em>ac</em></strong></span> <span class='ocrx_word' id='word_1_77' title='bbox 725 877 930 925; x_wconf 84' lang='grc' dir='ltr'><strong><em>πανταχοῦ</em></strong></span> <span class='ocrx_word' id='word_1_78' title='bbox 962 873 1027 913; x_wconf 83' lang='lat' dir='ltr'><strong>vel</strong></span> <span class='ocrx_word' id='word_1_79' title='bbox 1051 878 1232 926; x_wconf 82' lang='grc' dir='ltr'><strong><em>πανταχῆ</em></strong></span> <span class='ocrx_word' id='word_1_80' title='bbox 1260 874 1305 914; x_wconf 79' lang='lat' dir='ltr'><strong><em>G.</em></strong></span> <span class='ocrx_word' id='word_1_81' title='bbox 1324 874 1462 914; x_wconf 87' lang='lat' dir='ltr'><strong>Herm.</strong></span> <span class='ocrx_word' id='word_1_82' title='bbox 1493 875 1668 914; x_wconf 84' lang='lat' dir='ltr'><strong>fortasse</strong></span> <span class='ocrx_word' id='word_1_83' title='bbox 1701 873 1783 914; x_wconf 80' lang='grc' dir='ltr'><strong><em>ἐπι-</em></strong></span> 
     </span>
     <span class='ocr_line' id='line_1_11' title="bbox 199 929 1784 991; baseline 0.002 -20"><span class='ocrx_word' id='word_1_84' title='bbox 199 929 288 980; x_wconf 82' lang='grc' dir='ltr'><strong><em>θεὶς</em></strong></span> <span class='ocrx_word' id='word_1_85' title='bbox 317 937 506 985; x_wconf 86' lang='grc' dir='ltr'><strong><em>πρῶτον</em></strong></span> <span class='ocrx_word' id='word_1_86' title='bbox 538 930 612 972; x_wconf 81' lang='grc' dir='ltr'><strong><em>ἐπὶ</em></strong></span> <span class='ocrx_word' id='word_1_87' title='bbox 650 931 760 981; x_wconf 83' lang='grc' dir='ltr'><strong><em>τοὺς</em></strong></span> <span class='ocrx_word' id='word_1_88' title='bbox 791 929 1013 985; x_wconf 73' lang='grc' dir='ltr'><strong><em>ἄνθρακας.</em></strong></span> <span class='ocrx_word' id='word_1_89' title='bbox 1102 936 1138 973; x_wconf 88' lang='lat'><strong><em>7.</em></strong></span> <span class='ocrx_word' id='word_1_90' title='bbox 1170 930 1303 973; x_wconf 83' lang='grc' dir='ltr'><strong><em>πάντ’</em></strong></span> <span class='ocrx_word' id='word_1_91' title='bbox 1339 931 1406 984; x_wconf 91' lang='grc' dir='ltr'>Κ.]</span> <span class='ocrx_word' id='word_1_92' title='bbox 1440 932 1520 974; x_wconf 87' lang='grc' dir='ltr'><strong><em>τὸν.</em></strong></span> <span class='ocrx_word' id='word_1_93' title='bbox 1607 937 1646 974; x_wconf 88' lang='grc'><strong><em>9.</em></strong></span> <span class='ocrx_word' id='word_1_94' title='bbox 1678 933 1784 991; x_wconf 83' lang='grc' dir='ltr'><strong><em>αὑτῷ</em></strong></span> 
     </span>
     <span class='ocr_line' id='line_1_12' title="bbox 197 990 1783 1049; baseline 0.003 -19"><span class='ocrx_word' id='word_1_95' title='bbox 197 990 353 1043; x_wconf 87' lang='lat' dir='ltr'><strong>Dindf.]</strong></span> <span class='ocrx_word' id='word_1_96' title='bbox 387 991 494 1049; x_wconf 77' lang='grc' dir='ltr'><strong><em>αὐτῷ</em></strong></span> <span class='ocrx_word' id='word_1_97' title='bbox 519 992 568 1032; x_wconf 91' lang='lat' dir='ltr'><strong><em>A.</em></strong></span> <span class='ocrx_word' id='word_1_98' title='bbox 641 995 708 1032; x_wconf 88' lang='grc'><strong><em>10.</em></strong></span> <span class='ocrx_word' id='word_1_99' title='bbox 738 998 816 1041; x_wconf 84' lang='grc' dir='ltr'><strong><em>πᾶς</em></strong></span> <span class='ocrx_word' id='word_1_100' title='bbox 839 992 929 1044; x_wconf 88' lang='lat' dir='ltr'><strong><em>VL]</em></strong></span> <span class='ocrx_word' id='word_1_101' title='bbox 959 998 1038 1042; x_wconf 83' lang='grc' dir='ltr'><strong><em>πᾶς</em></strong></span> <span class='ocrx_word' id='word_1_102' title='bbox 1068 991 1172 1047; x_wconf 78' lang='grc' dir='ltr'><strong><em>ἀνὴρ</em></strong></span> <span class='ocrx_word' id='word_1_103' title='bbox 1197 993 1246 1034; x_wconf 91' lang='grc' dir='ltr'>Α.</span> <span class='ocrx_word' id='word_1_104' title='bbox 1311 996 1378 1033; x_wconf 95' lang='grc'><strong><em>11.</em></strong></span> <span class='ocrx_word' id='word_1_105' title='bbox 1410 993 1554 1046; x_wconf 82' lang='grc' dir='ltr'><strong><em>κοτύλη</em></strong></span> <span class='ocrx_word' id='word_1_106' title='bbox 1587 1009 1625 1035; x_wconf 88' lang='grc' dir='ltr'><strong><em>τε</em></strong></span> <span class='ocrx_word' id='word_1_107' title='bbox 1655 1009 1783 1048; x_wconf 85' lang='grc' dir='ltr'><strong><em>παρα-</em></strong></span> 
     </span>
     <span class='ocr_line' id='line_1_13' title="bbox 197 1049 1784 1106; baseline 0.003 -15"><span class='ocrx_word' id='word_1_108' title='bbox 197 1049 404 1104; x_wconf 84' lang='grc' dir='ltr'><strong><em>ναλωμὲνη</em></strong></span> <span class='ocrx_word' id='word_1_109' title='bbox 425 1053 548 1092; x_wconf 92' lang='lat' dir='ltr'><strong>Dobr.</strong></span> <span class='ocrx_word' id='word_1_110' title='bbox 570 1052 670 1093; x_wconf 83' lang='lat' dir='ltr'><strong>Adv.</strong></span> <span class='ocrx_word' id='word_1_111' title='bbox 690 1053 730 1092; x_wconf 93' lang='lat' dir='ltr'><strong><em>II</em></strong></span> <span class='ocrx_word' id='word_1_112' title='bbox 752 1051 857 1104; x_wconf 87' lang='lat'>314]</span> <span class='ocrx_word' id='word_1_113' title='bbox 879 1052 1047 1105; x_wconf 82' lang='grc' dir='ltr'><strong><em>κοτύλης</em></strong></span> <span class='ocrx_word' id='word_1_114' title='bbox 1065 1067 1105 1094; x_wconf 89' lang='grc' dir='ltr'><strong><em>τε</em></strong></span> <span class='ocrx_word' id='word_1_115' title='bbox 1123 1051 1474 1106; x_wconf 85' lang='grc' dir='ltr'><strong><em>παραναλωμένης.</em></strong></span> <span class='ocrx_word' id='word_1_116' title='bbox 1539 1056 1605 1094; x_wconf 91' lang='grc'><strong><em>12.</em></strong></span> <span class='ocrx_word' id='word_1_117' title='bbox 1639 1053 1784 1095; x_wconf 85' lang='grc' dir='ltr'><strong><em>σέσωκέ</em></strong></span> 
     </span>
     <span class='ocr_line' id='line_1_14' title="bbox 197 1109 1341 1165; baseline 0.001 -13"><span class='ocrx_word' id='word_1_118' title='bbox 197 1126 266 1164; x_wconf 93' lang='grc' dir='ltr'><strong><em>μοι</em></strong></span> <span class='ocrx_word' id='word_1_119' title='bbox 295 1111 434 1164; x_wconf 72' lang='lat' dir='ltr'><strong>Mein]</strong></span> <span class='ocrx_word' id='word_1_120' title='bbox 469 1110 693 1165; x_wconf 86' lang='grc' dir='ltr'><strong><em>σέσωκέμου</em></strong></span> <span class='ocrx_word' id='word_1_121' title='bbox 725 1113 773 1152; x_wconf 92' lang='grc' dir='ltr'>Α.</span> <span class='ocrx_word' id='word_1_122' title='bbox 825 1109 965 1153; x_wconf 82' lang='grc' dir='ltr'><strong><em>σέσωκ’</em></strong></span> <span class='ocrx_word' id='word_1_123' title='bbox 1001 1112 1088 1165; x_wconf 79' lang='grc' dir='ltr'><strong><em>ἐμοὶ</em></strong></span> <span class='ocrx_word' id='word_1_124' title='bbox 1119 1114 1341 1165; x_wconf 77' lang='lat' dir='ltr'><strong>Schweigh.</strong></span> 
     </span>
    </p>

    <p class='ocr_par' dir='ltr' id='par_1_4' title="bbox 197 1169 1781 1348">
     <span class='ocr_line' id='line_1_15' title="bbox 288 1169 1781 1226; baseline 0.001 -14.04"><span class='ocrx_word' id='word_1_125' title='bbox 288 1173 498 1224; x_wconf 86' lang='lat' dir='ltr'><strong>loquitur</strong></span> <span class='ocrx_word' id='word_1_126' title='bbox 522 1173 769 1223; x_wconf 87' lang='lat' dir='ltr'><strong>popinarius.</strong></span> <span class='ocrx_word' id='word_1_127' title='bbox 851 1176 887 1213; x_wconf 87' lang='lat'><strong><em>3.</em></strong></span> <span class='ocrx_word' id='word_1_128' title='bbox 914 1169 1055 1214; x_wconf 75' lang='lat' dir='ltr'><strong>‘verba</strong></span> <span class='ocrx_word' id='word_1_129' title='bbox 1080 1174 1196 1214; x_wconf 87' lang='grc' dir='ltr'><strong><em>δίδου</em></strong></span> <span class='ocrx_word' id='word_1_130' title='bbox 1217 1197 1264 1202; x_wconf 92' lang='grc'><strong>-</strong></span> <span class='ocrx_word' id='word_1_131' title='bbox 1287 1172 1422 1226; x_wconf 87' lang='grc' dir='ltr'><strong><em>λαβών</em></strong></span> <span class='ocrx_word' id='word_1_132' title='bbox 1448 1187 1472 1213; x_wconf 93' lang='lat' dir='ltr'><strong>a</strong></span> <span class='ocrx_word' id='word_1_133' title='bbox 1497 1174 1677 1214; x_wconf 83' lang='lat' dir='ltr'><strong>convivis</strong></span> <span class='ocrx_word' id='word_1_134' title='bbox 1704 1175 1781 1214; x_wconf 86' lang='lat' dir='ltr'><strong>sibi</strong></span> 
     </span>
     <span class='ocr_line' id='line_1_16' title="bbox 198 1229 1780 1302; baseline 0.002 -31"><span class='ocrx_word' id='word_1_135' title='bbox 198 1232 413 1272; x_wconf 78' lang='lat' dir='ltr'><strong>acclamari</strong></span> <span class='ocrx_word' id='word_1_136' title='bbox 442 1229 590 1285; x_wconf 76' lang='lat' dir='ltr'><strong>fingit&#39;.</strong></span> <span class='ocrx_word' id='word_1_137' title='bbox 639 1234 757 1272; x_wconf 91' lang='lat' dir='ltr'><strong>Mein.</strong></span> <span class='ocrx_word' id='word_1_138' title='bbox 823 1234 860 1272; x_wconf 88' lang='lat'><strong><em>7.</em></strong></span> <span class='ocrx_word' id='word_1_139' title='bbox 892 1234 1080 1285; x_wconf 83' lang='lat' dir='ltr'><strong>coniung.</strong></span> <span class='ocrx_word' id='word_1_140' title='bbox 1131 1249 1173 1273; x_wconf 92' lang='grc' dir='ltr'><strong><em>αι</em></strong></span> <span class='ocrx_word' id='word_1_141' title='bbox 1203 1239 1282 1274; x_wconf 84' lang='grc' dir='ltr'><strong><em>τῶν</em></strong></span> <span class='ocrx_word' id='word_1_142' title='bbox 1312 1234 1554 1286; x_wconf 80' lang='grc' dir='ltr'><strong><em>παροψίδων</em></strong></span> <span class='ocrx_word' id='word_1_143' title='bbox 1586 1249 1664 1302; x_wconf 79' lang='grc' dir='ltr'><strong><em>μου</em></strong></span> <span class='ocrx_word' id='word_1_144' title='bbox 1697 1234 1780 1286; x_wconf 87' lang='grc' dir='ltr'><strong><em>δρι-</em></strong></span> 
     </span>
     <span class='ocr_line' id='line_1_17' title="bbox 197 1284 1779 1348; baseline 0.002 -17"><span class='ocrx_word' id='word_1_145' title='bbox 197 1290 373 1344; x_wconf 86' lang='grc' dir='ltr'><strong><em>μύτητες.</em></strong></span> <span class='ocrx_word' id='word_1_146' title='bbox 438 1295 504 1333; x_wconf 91' lang='grc'><strong><em>11.</em></strong></span> <span class='ocrx_word' id='word_1_147' title='bbox 537 1289 632 1332; x_wconf 88' lang='lat' dir='ltr'><strong>olei</strong></span> <span class='ocrx_word' id='word_1_148' title='bbox 663 1284 798 1345; x_wconf 78' lang='lat' dir='ltr'><strong>cotyla</strong></span> <span class='ocrx_word' id='word_1_149' title='bbox 831 1287 937 1347; x_wconf 87' lang='lat' dir='ltr'><strong><em>(ad</em></strong></span> <span class='ocrx_word' id='word_1_150' title='bbox 926 1307 1062 1346; x_wconf 84' lang='lat' dir='ltr'><strong>lgnem</strong></span> <span class='ocrx_word' id='word_1_151' title='bbox 1088 1290 1383 1348; x_wconf 80' lang='lat' dir='ltr'><strong>suscitandum)</strong></span> <span class='ocrx_word' id='word_1_152' title='bbox 1417 1295 1559 1334; x_wconf 83' lang='lat' dir='ltr'><strong>solitae</strong></span> <span class='ocrx_word' id='word_1_153' title='bbox 1590 1295 1779 1345; x_wconf 84' lang='lat' dir='ltr'><strong>inpensae</strong></span> 
     </span>
    </p>
   </div>
   <div class='ocr_carea' id='block_1_4' title="bbox 0 0 196 1243">
    <p class='ocr_par' dir='ltr' id='par_1_5' title="bbox 0 0 196 1243">
     <span class='ocr_line' id='line_1_18' title="bbox 0 0 196 1243; baseline 0 0"><span class='ocrx_word' id='word_1_154' title='bbox 0 0 196 1243; x_wconf 95' lang='lat' dir='ltr'><strong><em> </em></strong></span> 
     </span>
    </p>
   </div>
   <div class='ocr_carea' id='block_1_5' title="bbox 195 1351 1781 1526">
    <p class='ocr_par' dir='ltr' id='par_1_6' title="bbox 195 1351 1781 1526">
     <span class='ocr_line' id='line_1_19' title="bbox 198 1351 1779 1407; baseline 0.002 -16"><span class='ocrx_word' id='word_1_155' title='bbox 198 1351 337 1391; x_wconf 84' lang='lat' dir='ltr'><strong>addita</strong></span> <span class='ocrx_word' id='word_1_156' title='bbox 373 1353 416 1392; x_wconf 91' lang='lat' dir='ltr'><strong><em>in</em></strong></span> <span class='ocrx_word' id='word_1_157' title='bbox 452 1353 602 1405; x_wconf 90' lang='lat' dir='ltr'><strong>popina</strong></span> <span class='ocrx_word' id='word_1_158' title='bbox 638 1366 729 1392; x_wconf 89' lang='lat' dir='ltr'><strong>mea</strong></span> <span class='ocrx_word' id='word_1_159' title='bbox 770 1353 943 1393; x_wconf 86' lang='lat' dir='ltr'><strong>fortasse</strong></span> <span class='ocrx_word' id='word_1_160' title='bbox 980 1355 1159 1394; x_wconf 82' lang='lat' dir='ltr'><strong>triclinia</strong></span> <span class='ocrx_word' id='word_1_161' title='bbox 1196 1354 1509 1407; x_wconf 75' lang='lat' dir='ltr'><strong>quinquaginta,</strong></span> <span class='ocrx_word' id='word_1_162' title='bbox 1541 1355 1567 1395; x_wconf 85' lang='lat' dir='ltr'><strong><em>i.</em></strong></span> <span class='ocrx_word' id='word_1_163' title='bbox 1600 1367 1633 1394; x_wconf 93' lang='lat' dir='ltr'><strong>e</strong></span> <span class='ocrx_word' id='word_1_164' title='bbox 1666 1355 1779 1406; x_wconf 89' lang='lat' dir='ltr'><strong>quin-</strong></span> 
     </span>
     <span class='ocr_line' id='line_1_20' title="bbox 196 1410 1781 1466; baseline 0.002 -15"><span class='ocrx_word' id='word_1_165' title='bbox 196 1412 393 1464; x_wconf 76' lang='lat' dir='ltr'><strong>quaginta</strong></span> <span class='ocrx_word' id='word_1_166' title='bbox 422 1413 691 1453; x_wconf 74' lang='lat' dir='ltr'><strong>tricliniorum</strong></span> <span class='ocrx_word' id='word_1_167' title='bbox 722 1413 914 1464; x_wconf 88' lang='lat' dir='ltr'><strong>homines‚</strong></span> <span class='ocrx_word' id='word_1_168' title='bbox 947 1410 1132 1454; x_wconf 88' lang='lat' dir='ltr'><strong>retinuit&#39;</strong></span> <span class='ocrx_word' id='word_1_169' title='bbox 1135 1446 1145 1466; x_wconf 82' lang='lat'>,</span> <span class='ocrx_word' id='word_1_170' title='bbox 1177 1415 1241 1454; x_wconf 82' lang='lat' dir='ltr'><strong>vel</strong></span> <span class='ocrx_word' id='word_1_171' title='bbox 1270 1410 1349 1454; x_wconf 82' lang='lat' dir='ltr'><strong><em>tot</em></strong></span> <span class='ocrx_word' id='word_1_172' title='bbox 1381 1416 1581 1465; x_wconf 85' lang='lat' dir='ltr'><strong>emptores</strong></span> <span class='ocrx_word' id='word_1_173' title='bbox 1613 1415 1781 1454; x_wconf 90' lang='lat' dir='ltr'><strong>retinuit</strong></span> 
     </span>
     <span class='ocr_line' id='line_1_21' title="bbox 195 1471 1780 1526; baseline 0.003 -15"><span class='ocrx_word' id='word_1_174' title='bbox 195 1473 244 1511; x_wconf 90' lang='lat' dir='ltr'><strong><em>ut</em></strong></span> <span class='ocrx_word' id='word_1_175' title='bbox 287 1472 581 1524; x_wconf 85' lang='lat' dir='ltr'><strong>quinquaginta</strong></span> <span class='ocrx_word' id='word_1_176' title='bbox 621 1473 811 1513; x_wconf 87' lang='lat' dir='ltr'><strong>tricliniis</strong></span> <span class='ocrx_word' id='word_1_177' title='bbox 855 1486 1019 1525; x_wconf 89' lang='lat' dir='ltr'><strong>operam</strong></span> <span class='ocrx_word' id='word_1_178' title='bbox 1062 1488 1192 1514; x_wconf 87' lang='lat' dir='ltr'><strong>meam</strong></span> <span class='ocrx_word' id='word_1_179' title='bbox 1238 1475 1446 1515; x_wconf 84' lang='lat' dir='ltr'><strong>conlocare</strong></span> <span class='ocrx_word' id='word_1_180' title='bbox 1489 1471 1668 1526; x_wconf 87' lang='lat' dir='ltr'><strong>possim’.</strong></span> <span class='ocrx_word' id='word_1_181' title='bbox 1730 1476 1780 1515; x_wconf 87' lang='lat' dir='ltr'><strong><em>cf.</em></strong></span> 
     </span>
    </p>
   </div>
   <div class='ocr_carea' id='block_1_6' title="bbox 195 1531 998 1645">
    <p class='ocr_par' dir='ltr' id='par_1_7' title="bbox 195 1531 998 1645">
     <span class='ocr_line' id='line_1_22' title="bbox 195 1531 527 1574; baseline 0.009 -3"><span class='ocrx_word' id='word_1_182' title='bbox 195 1531 424 1573; x_wconf 81' lang='lat' dir='ltr'><strong>Anaxandr.</strong></span> <span class='ocrx_word' id='word_1_183' title='bbox 459 1535 527 1574; x_wconf 90' lang='lat'><strong><em>70.</em></strong></span> 
     </span>
     <span class='ocr_line' id='line_1_23' title="bbox 971 1603 998 1645; baseline 0 0"><span class='ocrx_word' id='word_1_184' title='bbox 971 1603 998 1645; x_wconf 90' lang='lat'><strong>3</strong></span> 
     </span>
    </p>
   </div>
   <div class='ocr_carea' id='block_1_7' title="bbox 349 1687 1584 2532">
    <p class='ocr_par' dir='ltr' id='par_1_8' title="bbox 349 1687 1584 2532">
     <span class='ocr_line' id='line_1_24' title="bbox 412 1687 1454 1744; baseline 0.001 -15"><span class='ocrx_word' id='word_1_185' title='bbox 412 1687 623 1742; x_wconf 86' lang='grc' dir='ltr'><strong><em>δραχμῶν</em></strong></span> <span class='ocrx_word' id='word_1_186' title='bbox 652 1694 790 1744; x_wconf 87' lang='grc' dir='ltr'><strong><em>τριῶν</em></strong></span> <span class='ocrx_word' id='word_1_187' title='bbox 821 1688 1095 1742; x_wconf 79' lang='grc' dir='ltr'><strong><em>γλαυκίσκον</em></strong></span> <span class='ocrx_word' id='word_1_188' title='bbox 1157 1720 1454 1731; x_wconf 89' lang='grc'>.....</span> 
     </span>
     <span class='ocr_line' id='line_1_25' title="bbox 410 1757 1428 1815; baseline 0.001 -14"><span class='ocrx_word' id='word_1_189' title='bbox 410 1759 609 1815; x_wconf 89' lang='grc' dir='ltr'><strong><em>γόγγρου</em></strong></span> <span class='ocrx_word' id='word_1_190' title='bbox 639 1759 840 1814; x_wconf 83' lang='grc' dir='ltr'><strong><em>κεφαλὴν</em></strong></span> <span class='ocrx_word' id='word_1_191' title='bbox 871 1757 945 1801; x_wconf 86' lang='grc' dir='ltr'><strong><em>καὶ</em></strong></span> <span class='ocrx_word' id='word_1_192' title='bbox 975 1759 1030 1801; x_wconf 79' lang='grc' dir='ltr'><strong><em>τὰ</em></strong></span> <span class='ocrx_word' id='word_1_193' title='bbox 1060 1766 1213 1814; x_wconf 87' lang='grc' dir='ltr'><strong><em>πρῶτα</em></strong></span> <span class='ocrx_word' id='word_1_194' title='bbox 1244 1760 1428 1815; x_wconf 78' lang='grc' dir='ltr'><strong><em>τεμάχια</em></strong></span> 
     </span>
     <span class='ocr_line' id='line_1_26' title="bbox 411 1829 1501 1888; baseline 0.001 -15"><span class='ocrx_word' id='word_1_195' title='bbox 411 1831 622 1886; x_wconf 85' lang='grc' dir='ltr'><strong><em>δραχμῶν</em></strong></span> <span class='ocrx_word' id='word_1_196' title='bbox 653 1831 788 1874; x_wconf 89' lang='grc' dir='ltr'><strong><em>πάλιν</em></strong></span> <span class='ocrx_word' id='word_1_197' title='bbox 818 1829 958 1874; x_wconf 81' lang='grc' dir='ltr'><strong><em>πέντ’.</em></strong></span> <span class='ocrx_word' id='word_1_198' title='bbox 1003 1830 1037 1874; x_wconf 82' lang='grc' dir='ltr'>ὢ</span> <span class='ocrx_word' id='word_1_199' title='bbox 1068 1831 1354 1888; x_wconf 82' lang='grc' dir='ltr'><strong><em>ταλαιπώρου</em></strong></span> <span class='ocrx_word' id='word_1_200' title='bbox 1385 1833 1501 1887; x_wconf 88' lang='grc' dir='ltr'><strong><em>βίου.</em></strong></span> 
     </span>
     <span class='ocr_line' id='line_1_27' title="bbox 412 1902 1446 1960; baseline 0 -15"><span class='ocrx_word' id='word_1_201' title='bbox 412 1903 610 1958; x_wconf 80' lang='grc' dir='ltr'><strong><em>δραχμῆς</em></strong></span> <span class='ocrx_word' id='word_1_202' title='bbox 639 1904 898 1960; x_wconf 87' lang='grc' dir='ltr'><strong><em>τραχήλους.</em></strong></span> <span class='ocrx_word' id='word_1_203' title='bbox 961 1902 1073 1946; x_wconf 78' lang='grc' dir='ltr'><strong><em>ἀλλὰ</em></strong></span> <span class='ocrx_word' id='word_1_204' title='bbox 1103 1903 1159 1958; x_wconf 82' lang='grc' dir='ltr'><strong><em>νὴ</em></strong></span> <span class='ocrx_word' id='word_1_205' title='bbox 1190 1904 1269 1946; x_wconf 90' lang='grc' dir='ltr'><strong><em>τὸν</em></strong></span> <span class='ocrx_word' id='word_1_206' title='bbox 1302 1903 1446 1958; x_wconf 78' lang='grc' dir='ltr'><strong><em>ἥλιον,</em></strong></span> 
     </span>
     <span class='ocr_line' id='line_1_28' title="bbox 369 1973 1411 2031; baseline -0.001 -14"><span class='ocrx_word' id='word_1_207' title='bbox 369 1985 390 2017; x_wconf 82' lang='lat'>5</span> <span class='ocrx_word' id='word_1_208' title='bbox 410 1973 543 2030; x_wconf 84' lang='grc' dir='ltr'><strong><em>κάμοὶ</em></strong></span> <span class='ocrx_word' id='word_1_209' title='bbox 572 1974 795 2031; x_wconf 81' lang='grc' dir='ltr'><strong><em>τράχηλον</em></strong></span> <span class='ocrx_word' id='word_1_210' title='bbox 826 1973 979 2030; x_wconf 80' lang='grc' dir='ltr'><strong><em>ἕτερον</em></strong></span> <span class='ocrx_word' id='word_1_211' title='bbox 1011 1977 1056 2016; x_wconf 79' lang='grc' dir='ltr'><strong><em>εἴ</em></strong></span> <span class='ocrx_word' id='word_1_212' title='bbox 1080 1978 1226 2017; x_wconf 80' lang='grc' dir='ltr'><strong><em>ποθεν</em></strong></span> <span class='ocrx_word' id='word_1_213' title='bbox 1257 1976 1411 2030; x_wconf 87' lang='grc' dir='ltr'><strong><em>λαβεῖν</em></strong></span> 
     </span>
     <span class='ocr_line' id='line_1_29' title="bbox 409 2042 1562 2103; baseline -0.002 -14"><span class='ocrx_word' id='word_1_214' title='bbox 409 2042 467 2101; x_wconf 80' lang='grc' dir='ltr'><strong><em>ἦν</em></strong></span> <span class='ocrx_word' id='word_1_215' title='bbox 498 2044 572 2089; x_wconf 84' lang='grc' dir='ltr'><strong><em>καὶ</em></strong></span> <span class='ocrx_word' id='word_1_216' title='bbox 602 2048 822 2103; x_wconf 83' lang='grc' dir='ltr'><strong><em>πρίασθαι</em></strong></span> <span class='ocrx_word' id='word_1_217' title='bbox 855 2046 1064 2099; x_wconf 85' lang='grc' dir='ltr'><strong><em>δυνατόν,</em></strong></span> <span class='ocrx_word' id='word_1_218' title='bbox 1098 2044 1151 2088; x_wconf 85' lang='grc' dir='ltr'><strong><em>ὃν</em></strong></span> <span class='ocrx_word' id='word_1_219' title='bbox 1184 2048 1267 2102; x_wconf 83' lang='grc' dir='ltr'><strong><em>ἔχω</em></strong></span> <span class='ocrx_word' id='word_1_220' title='bbox 1298 2052 1461 2088; x_wconf 89' lang='grc' dir='ltr'><strong><em>τοῦτον</em></strong></span> <span class='ocrx_word' id='word_1_221' title='bbox 1492 2046 1562 2099; x_wconf 80' lang='grc' dir='ltr'><strong><em>ἄν,</em></strong></span> 
     </span>
     <span class='ocr_line' id='line_1_30' title="bbox 409 2116 1463 2175; baseline -0.001 -14"><span class='ocrx_word' id='word_1_222' title='bbox 409 2116 516 2175; x_wconf 86' lang='grc' dir='ltr'><strong><em>πρὶν</em></strong></span> <span class='ocrx_word' id='word_1_223' title='bbox 547 2119 814 2173; x_wconf 79' lang='grc' dir='ltr'><strong><em>εἰσενεγκεῖν</em></strong></span> <span class='ocrx_word' id='word_1_224' title='bbox 844 2123 982 2160; x_wconf 86' lang='grc' dir='ltr'><strong><em>ταῦτα</em></strong></span> <span class='ocrx_word' id='word_1_225' title='bbox 1014 2116 1156 2174; x_wconf 89' lang='grc' dir='ltr'><strong><em>δεῦρ’,</em></strong></span> <span class='ocrx_word' id='word_1_226' title='bbox 1190 2117 1463 2174; x_wconf 80' lang='grc' dir='ltr'><strong><em>ἀπηγξάμην.</em></strong></span> 
     </span>
     <span class='ocr_line' id='line_1_31' title="bbox 410 2188 1276 2246; baseline -0.001 -13"><span class='ocrx_word' id='word_1_227' title='bbox 410 2188 559 2241; x_wconf 85' lang='grc' dir='ltr'><strong><em>οὐδεὶς</em></strong></span> <span class='ocrx_word' id='word_1_228' title='bbox 591 2191 908 2246; x_wconf 88' lang='grc' dir='ltr'><strong><em>δεδιακόνηκεν</em></strong></span> <span class='ocrx_word' id='word_1_229' title='bbox 939 2189 1276 2246; x_wconf 81' lang='grc' dir='ltr'><strong><em>ἐπιπονώτερον.</em></strong></span> 
     </span>
     <span class='ocr_line' id='line_1_32' title="bbox 410 2258 1568 2319; baseline -0.001 -15"><span class='ocrx_word' id='word_1_230' title='bbox 410 2261 498 2317; x_wconf 79' lang='grc' dir='ltr'><strong><em>ἅμα</em></strong></span> <span class='ocrx_word' id='word_1_231' title='bbox 531 2258 612 2318; x_wconf 75' lang='grc' dir='ltr'><strong><em>μὲν</em></strong></span> <span class='ocrx_word' id='word_1_232' title='bbox 643 2263 863 2319; x_wconf 80' lang='grc' dir='ltr'><strong><em>πρίασθαι</em></strong></span> <span class='ocrx_word' id='word_1_233' title='bbox 894 2261 1038 2304; x_wconf 82' lang='grc' dir='ltr'><strong><em>πολλὰ</em></strong></span> <span class='ocrx_word' id='word_1_234' title='bbox 1067 2259 1142 2304; x_wconf 86' lang='grc' dir='ltr'><strong><em>καὶ</em></strong></span> <span class='ocrx_word' id='word_1_235' title='bbox 1174 2263 1344 2304; x_wconf 87' lang='grc' dir='ltr'><strong><em>πολλοῦ</em></strong></span> <span class='ocrx_word' id='word_1_236' title='bbox 1377 2262 1568 2317; x_wconf 85' lang='grc' dir='ltr'><strong><em>σφόδρα,</em></strong></span> 
     </span>
     <span class='ocr_line' id='line_1_33' title="bbox 349 2330 1563 2390; baseline -0.001 -14"><span class='ocrx_word' id='word_1_237' title='bbox 349 2344 390 2376; x_wconf 85' lang='lat'><strong><em>10</em></strong></span> <span class='ocrx_word' id='word_1_238' title='bbox 409 2333 499 2389; x_wconf 76' lang='grc' dir='ltr'><strong><em>ἅμα</em></strong></span> <span class='ocrx_word' id='word_1_239' title='bbox 531 2330 572 2376; x_wconf 91' lang='grc' dir='ltr'><strong><em>δ’</em></strong></span> <span class='ocrx_word' id='word_1_240' title='bbox 608 2337 720 2376; x_wconf 79' lang='grc' dir='ltr'><strong><em>εἴτι</em></strong></span> <span class='ocrx_word' id='word_1_241' title='bbox 751 2334 944 2390; x_wconf 90' lang='grc' dir='ltr'><strong><em>χρηστὸν</em></strong></span> <span class='ocrx_word' id='word_1_242' title='bbox 976 2331 1240 2389; x_wconf 85' lang='grc' dir='ltr'><strong><em>ἀγοράσαιμ’</em></strong></span> <span class='ocrx_word' id='word_1_243' title='bbox 1278 2333 1563 2389; x_wconf 88' lang='grc' dir='ltr'><strong><em>ἀπωλλύμην,</em></strong></span> 
     </span>
     <span class='ocr_line' id='line_1_34' title="bbox 410 2403 1584 2461; baseline -0.002 -13"><span class='ocrx_word' id='word_1_244' title='bbox 410 2403 652 2448; x_wconf 60' lang='grc' dir='ltr'><strong><em>εκατέδοντ’</em></strong></span> <span class='ocrx_word' id='word_1_245' title='bbox 688 2403 850 2448; x_wconf 78' lang='grc' dir='ltr'><strong><em>ἐκεῖνοι</em></strong></span> <span class='ocrx_word' id='word_1_246' title='bbox 881 2404 1029 2448; x_wconf 84' lang='grc' dir='ltr'><strong><em>τοῦτο’</em></strong></span> <span class='ocrx_word' id='word_1_247' title='bbox 1061 2405 1172 2461; x_wconf 81' lang='grc' dir='ltr'><strong><em>πρὸς</em></strong></span> <span class='ocrx_word' id='word_1_248' title='bbox 1204 2404 1395 2460; x_wconf 85' lang='grc' dir='ltr'><strong><em>ἐμαυτὸν</em></strong></span> <span class='ocrx_word' id='word_1_249' title='bbox 1426 2403 1584 2459; x_wconf 82' lang='grc' dir='ltr'><strong><em>λέγων,</em></strong></span> 
     </span>
     <span class='ocr_line' id='line_1_35' title="bbox 410 2474 1391 2532; baseline -0.002 -12"><span class='ocrx_word' id='word_1_250' title='bbox 410 2475 707 2520; x_wconf 50' lang='grc' dir='ltr'><strong><em>(διαπυτιοῦὸ</em></strong></span> <span class='ocrx_word' id='word_1_251' title='bbox 745 2474 873 2520; x_wconf 85' lang='grc' dir='ltr'><strong><em>οἶνον</em></strong></span> <span class='ocrx_word' id='word_1_252' title='bbox 906 2474 955 2520; x_wconf 73' lang='grc' dir='ltr'><strong><em>δὲ</em></strong></span> <span class='ocrx_word' id='word_1_253' title='bbox 986 2482 1193 2520; x_wconf 86' lang='grc' dir='ltr'><strong><em>τοιοῦτον</em></strong></span> <span class='ocrx_word' id='word_1_254' title='bbox 1224 2475 1391 2532; x_wconf 87' lang='grc' dir='ltr'><strong><em>χαμαί’.</em></strong></span> 
     </span>
    </p>
   </div>
   <div class='ocr_carea' id='block_1_8' title="bbox 192 2552 1804 2748">
    <p class='ocr_par' dir='ltr' id='par_1_9' title="bbox 192 2552 1804 2748">
     <span class='ocr_line' id='line_1_36' title="bbox 410 2552 542 2604; baseline 0 -13"><span class='ocrx_word' id='word_1_255' title='bbox 410 2552 542 2604; x_wconf 79' lang='grc' dir='ltr'><strong><em>οἴμοι.</em></strong></span> 
     </span>
     <span class='ocr_line' id='line_1_37' title="bbox 314 2619 1804 2709; baseline -0.001 -35"><span class='ocrx_word' id='word_1_256' title='bbox 314 2635 546 2683; x_wconf 83' lang='lat' dir='ltr'><strong>Athenaeus</strong></span> <span class='ocrx_word' id='word_1_257' title='bbox 580 2638 618 2687; x_wconf 89' lang='lat'><strong><em>7,</em></strong></span> <span class='ocrx_word' id='word_1_258' title='bbox 652 2636 774 2676; x_wconf 85' lang='lat' dir='ltr'>294b</span> <span class='ocrx_word' id='word_1_259' title='bbox 807 2632 1035 2709; x_wconf 85' lang='grc' dir='ltr'><strong><em>Ἀρχέδικος</em></strong></span> <span class='ocrx_word' id='word_1_260' title='bbox 1074 2634 1116 2674; x_wconf 76' lang='grc' dir='ltr'><strong><em>ἐν</em></strong></span> <span class='ocrx_word' id='word_1_261' title='bbox 1152 2635 1350 2690; x_wconf 79' lang='grc' dir='ltr'><strong><em>Θησαυρῷ</em></strong></span> <span class='ocrx_word' id='word_1_262' title='bbox 1379 2633 1548 2686; x_wconf 87' lang='grc' dir='ltr'><strong><em>παράγει</em></strong></span> <span class='ocrx_word' id='word_1_263' title='bbox 1578 2632 1666 2673; x_wconf 83' lang='grc' dir='ltr'><strong><em>τινὰ</em></strong></span> <span class='ocrx_word' id='word_1_264' title='bbox 1697 2634 1772 2685; x_wconf 85' lang='grc' dir='ltr'><strong><em>μά-</em></strong></span> <span class='ocrx_word' id='word_1_265' title='bbox 1794 2619 1804 2630; x_wconf 39' lang='lat' dir='ltr'>x</span> 
     </span>
     <span class='ocr_line' id='line_1_38' title="bbox 192 2689 1770 2748; baseline -0.002 -13"><span class='ocrx_word' id='word_1_266' title='bbox 192 2709 325 2748; x_wconf 90' lang='grc' dir='ltr'><strong><em>γειρον</em></strong></span> <span class='ocrx_word' id='word_1_267' title='bbox 368 2693 531 2748; x_wconf 82' lang='grc' dir='ltr'><strong><em>λέγοντα</em></strong></span> <span class='ocrx_word' id='word_1_268' title='bbox 569 2693 659 2747; x_wconf 87' lang='grc' dir='ltr'><strong><em>περὶ</em></strong></span> <span class='ocrx_word' id='word_1_269' title='bbox 701 2689 758 2734; x_wconf 80' lang='grc' dir='ltr'><strong><em>ὧν</em></strong></span> <span class='ocrx_word' id='word_1_270' title='bbox 795 2692 1020 2747; x_wconf 83' lang='grc' dir='ltr'><strong><em>ὠψώνηκεν</em></strong></span> <span class='ocrx_word' id='word_1_271' title='bbox 1057 2693 1175 2742; x_wconf 80' lang='grc' dir='ltr'><strong><em>αὐτός</em></strong></span> <span class='ocrx_word' id='word_1_272' title='bbox 1212 2697 1289 2734; x_wconf 86' lang='grc' dir='ltr'><strong><em>κτλ.</em></strong></span> <span class='ocrx_word' id='word_1_273' title='bbox 1382 2696 1418 2733; x_wconf 96' lang='grc'><strong><em>1.</em></strong></span> <span class='ocrx_word' id='word_1_274' title='bbox 1456 2690 1647 2745; x_wconf 82' lang='grc' dir='ltr'><strong><em>ὠψώνηκ’</em></strong></span> <span class='ocrx_word' id='word_1_275' title='bbox 1695 2692 1770 2746; x_wconf 79' lang='grc' dir='ltr'><strong><em>ἐγώ</em></strong></span> 
     </span>
    </p>
   </div>
   <div class='ocr_carea' id='block_1_9' title="bbox 192 2749 1769 2986">
    <p class='ocr_par' dir='ltr' id='par_1_10' title="bbox 192 2749 1769 2986">
     <span class='ocr_line' id='line_1_39' title="bbox 193 2749 1769 2808; baseline -0.001 -14"><span class='ocrx_word' id='word_1_276' title='bbox 193 2755 282 2794; x_wconf 85' lang='lat' dir='ltr'><strong><em>add.</em></strong></span> <span class='ocrx_word' id='word_1_277' title='bbox 315 2755 557 2795; x_wconf 84' lang='lat' dir='ltr'><strong>Dindorfius.</strong></span> <span class='ocrx_word' id='word_1_278' title='bbox 617 2749 648 2794; x_wconf 81' lang='grc' dir='ltr'>ὦ</span> <span class='ocrx_word' id='word_1_279' title='bbox 681 2754 842 2808; x_wconf 88' lang='grc' dir='ltr'><strong><em>μεγάλοι</em></strong></span> <span class='ocrx_word' id='word_1_280' title='bbox 883 2755 979 2795; x_wconf 82' lang='grc' dir='ltr'><strong><em>θεοί</em></strong></span> <span class='ocrx_word' id='word_1_281' title='bbox 1017 2756 1083 2795; x_wconf 89' lang='lat' dir='ltr'><strong>vel</strong></span> <span class='ocrx_word' id='word_1_282' title='bbox 1114 2754 1220 2806; x_wconf 71' lang='grc' dir='ltr'><strong><em>οιμοι</em></strong></span> <span class='ocrx_word' id='word_1_283' title='bbox 1250 2759 1329 2793; x_wconf 87' lang='grc' dir='ltr'><strong><em>τῶν</em></strong></span> <span class='ocrx_word' id='word_1_284' title='bbox 1359 2758 1493 2792; x_wconf 83' lang='grc' dir='ltr'><strong><em>κακῶν</em></strong></span> <span class='ocrx_word' id='word_1_285' title='bbox 1529 2753 1648 2792; x_wconf 88' lang='lat' dir='ltr'><strong>Mein.</strong></span> <span class='ocrx_word' id='word_1_286' title='bbox 1730 2756 1769 2793; x_wconf 88' lang='lat'><strong><em>2.</em></strong></span> 
     </span>
     <span class='ocr_line' id='line_1_40' title="bbox 192 2811 1767 2868; baseline -0.001 -14"><span class='ocrx_word' id='word_1_287' title='bbox 192 2813 364 2868; x_wconf 86' lang='grc' dir='ltr'><strong><em>γόγγρου</em></strong></span> <span class='ocrx_word' id='word_1_288' title='bbox 396 2811 438 2854; x_wconf 84' lang='grc' dir='ltr'><strong><em>δὲ</em></strong></span> <span class='ocrx_word' id='word_1_289' title='bbox 470 2814 692 2866; x_wconf 84' lang='lat' dir='ltr'><strong>Schweigh.</strong></span> <span class='ocrx_word' id='word_1_290' title='bbox 723 2813 893 2868; x_wconf 90' lang='grc' dir='ltr'><strong><em>γόγγρου</em></strong></span> <span class='ocrx_word' id='word_1_291' title='bbox 924 2813 1121 2866; x_wconf 83' lang='grc' dir='ltr'><strong><em>κεφάλαια</em></strong></span> <span class='ocrx_word' id='word_1_292' title='bbox 1150 2814 1269 2853; x_wconf 87' lang='lat' dir='ltr'><strong>Mein.</strong></span> <span class='ocrx_word' id='word_1_293' title='bbox 1300 2811 1479 2863; x_wconf 80' lang='grc' dir='ltr'><strong><em>κεφαλὴν</em></strong></span> <span class='ocrx_word' id='word_1_294' title='bbox 1510 2811 1577 2852; x_wconf 80' lang='grc' dir='ltr'><strong><em>καὶ</em></strong></span> <span class='ocrx_word' id='word_1_295' title='bbox 1607 2826 1767 2865; x_wconf 86' lang='grc' dir='ltr'><strong><em>τακερο-</em></strong></span> 
     </span>
     <span class='ocr_line' id='line_1_41' title="bbox 194 2872 1766 2926; baseline -0.002 -12"><span class='ocrx_word' id='word_1_296' title='bbox 194 2879 321 2926; x_wconf 85' lang='grc' dir='ltr'><strong><em>χρῶτα</em></strong></span> <span class='ocrx_word' id='word_1_297' title='bbox 356 2874 562 2915; x_wconf 84' lang='lat' dir='ltr'><strong>Herwerd.</strong></span> <span class='ocrx_word' id='word_1_298' title='bbox 599 2872 692 2914; x_wconf 82' lang='lat' dir='ltr'><strong><em>Obs.</em></strong></span> <span class='ocrx_word' id='word_1_299' title='bbox 724 2875 813 2915; x_wconf 84' lang='lat' dir='ltr'><strong>erit.</strong></span> <span class='ocrx_word' id='word_1_300' title='bbox 848 2876 944 2915; x_wconf 87' lang='grc'>124.</span> <span class='ocrx_word' id='word_1_301' title='bbox 1007 2876 1048 2913; x_wconf 91' lang='lat' dir='ltr'><strong><em>at</em></strong></span> <span class='ocrx_word' id='word_1_302' title='bbox 1085 2887 1166 2913; x_wconf 90' lang='lat' dir='ltr'><strong><em>non</em></strong></span> <span class='ocrx_word' id='word_1_303' title='bbox 1203 2874 1351 2924; x_wconf 85' lang='lat' dir='ltr'><strong>qualia,</strong></span> <span class='ocrx_word' id='word_1_304' title='bbox 1389 2873 1458 2912; x_wconf 88' lang='lat' dir='ltr'><strong>sed</strong></span> <span class='ocrx_word' id='word_1_305' title='bbox 1498 2873 1612 2912; x_wconf 86' lang='lat' dir='ltr'><strong>ouius</strong></span> <span class='ocrx_word' id='word_1_306' title='bbox 1644 2873 1766 2923; x_wconf 83' lang='lat' dir='ltr'><strong>piscis</strong></span> 
     </span>
     <span class='ocr_line' id='line_1_42' title="bbox 196 2928 1768 2986; baseline -0.002 -12"><span class='ocrx_word' id='word_1_307' title='bbox 196 2936 331 2974; x_wconf 82' lang='lat' dir='ltr'><strong>essent</strong></span> <span class='ocrx_word' id='word_1_308' title='bbox 365 2934 623 2974; x_wconf 78' lang='lat' dir='ltr'><strong>indicandum</strong></span> <span class='ocrx_word' id='word_1_309' title='bbox 661 2937 758 2974; x_wconf 85' lang='lat' dir='ltr'><strong>erat.</strong></span> <span class='ocrx_word' id='word_1_310' title='bbox 803 2935 921 2975; x_wconf 82' lang='lat' dir='ltr'><strong>scrib.</strong></span> <span class='ocrx_word' id='word_1_311' title='bbox 952 2933 1171 2986; x_wconf 83' lang='grc' dir='ltr'><strong><em>κεφάλαιον</em></strong></span> <span class='ocrx_word' id='word_1_312' title='bbox 1201 2931 1268 2972; x_wconf 82' lang='grc' dir='ltr'><strong><em>καὶ</em></strong></span> <span class='ocrx_word' id='word_1_313' title='bbox 1297 2928 1395 2972; x_wconf 84' lang='grc' dir='ltr'><strong><em>τάδ’</em></strong></span> <span class='ocrx_word' id='word_1_314' title='bbox 1431 2929 1561 2986; x_wconf 87' lang='grc' dir='ltr'><strong><em>ὀρφὼ</em></strong></span> <span class='ocrx_word' id='word_1_315' title='bbox 1598 2932 1768 2984; x_wconf 82' lang='grc' dir='ltr'><strong><em>τεμάχια.</em></strong></span> 
     </span>
    </p>
   </div>
  </div>
 </body>
</html>
