2014 3334
281 238 368 282 562
646 221 649 226 ’
915 240 1175 274 ΑΔΕΣΠΟΤΑ
1248 273 1250 276 ,

1019 350 1107 392 883

562 433 836 487 παλίμβολον
867 432 1036 487 κήρυκα

395 517 619 567 Hesychius
669 515 770 565 τινὲς
806 517 852 556 τὰ
890 516 1047 556 ἐναντία
1090 515 1390 569 βουλευόμενον.
1448 516 1521 556 οὐκ
1558 511 1614 556 εὖ.
1658 517 1844 569 γνώμονα

276 575 349 628 γὰρ
382 577 506 628 δηλοῖ.
551 578 606 616 sic
630 579 678 616 M.
700 578 891 616 Schmidt.
933 573 1137 628 ‘intellege
1158 590 1371 628 gnomona,
1389 578 1625 626 horoloyium
1644 578 1843 622 solarium,

277 650 391 686 quem
427 637 600 676 comicus
627 640 747 687 poeta
780 637 923 687 aliquis
950 630 1114 686 propter
1144 636 1454 675 inconstantiam
1480 637 1701 675 mutabilem
1725 649 1842 685 prae-

275 708 403 734 conem
435 692 735 746 adpellaverat'.

1017 776 1103 818 884

559 861 831 914 παλίμβολος
860 860 1096 915 τρίπρατος

393 946 634 984 Eustaathius
663 947 760 996 725,
786 947 839 984 32
872 943 982 997 φέρει
1014 942 1056 984 δὲ
1087 942 1153 983 καὶ
1186 939 1345 997 (auctor
1375 944 1491 983 lexici
1523 941 1731 997 rhetorici)
1764 942 1843 983 ἀπὸ

275 1003 445 1055 χρήσεως
465 1011 535 1044 τοῦ
555 1010 731 1055 κωμικοῦ
757 1003 798 1044 τὸ
818 1019 858 1044 π.
878 1019 933 1056 τρ.
958 1002 1024 1043 καὶ
1047 1003 1233 1050 πολλάκις
1267 1001 1609 1054 ἀπημπολημένος.
1653 1004 1701 1043 cf.
1727 1003 1842 1042 Eust.

280 1066 402 1114 1542,
438 1067 493 1104 50
527 1067 568 1104 et
598 1065 782 1104 Menand.
815 1066 913 1103 445.

1016 1144 1102 1186 885

557 1227 914 1283 παρακεκινηκὼς
945 1223 1024 1282 ὑφ’
1060 1226 1231 1281 ἡλικίας

391 1314 543 1363 Pollux,
578 1317 615 1365 2,
650 1316 715 1354 16.
766 1315 814 1353 of.
848 1314 945 1352 860.

1010 1394 1096 1436 886

556 1466 771 1520 παρήσειν
803 1480 879 1520 μοι
913 1465 1041 1507 δοκῶ.

391 1552 626 1602 Hesychius,
657 1553 771 1590 nulla
803 1552 1065 1601 explicatione
1097 1551 1262 1590 adiecta.
1314 1550 1463 1589 comico
1496 1549 1722 1600 adsignavit
1742 1549 1839 1587 Mei-

271 1611 415 1650 nekius
447 1611 591 1650 Philol.
624 1611 720 1649 XIII
753 1613 849 1651 536.

1016 1691 1099 1733 887

556 1780 864 1829 πασχητιῶντα
896 1772 1111 1829 ἐδέσματα

389 1861 571 1900 Clemens
602 1861 715 1899 Alex.
749 1860 867 1899 Paed.
903 1862 940 1909 2,
976 1863 1012 1910 1,
1046 1862 1099 1898 14
1144 1858 1277 1912 πόρρω
1316 1843 1393 1897 ἐστὶ
1423 1864 1500 1897 τῶν
1537 1857 1840 1910 πασχητιώντων

270 1919 489 1971 ἐδεσμάτων
521 1917 546 1971 ἡ
579 1919 746 1971 τράπεζα
775 1925 844 1971 τῆς
876 1917 1075 1970 ἀληθείας.
1126 1919 1178 1957 id.
1211 1919 1355 1957 Strom.
1391 1921 1427 1967 2,
1462 1920 1528 1968 20,
1565 1920 1645 1957 126
1684 1916 1730 1956 τὰ
1766 1932 1840 1957 πα-

270 1986 483 2031 σχητιῶντα
502 1986 580 2019 τῶν
599 1979 828 2032 βρωμάτων.
861 1980 908 2018 cf.
923 1977 1241 2030 ὑποβινητιῶντα
1260 1977 1445 2029 βρώματα
1464 1978 1642 2017 Menand.
1658 1979 1756 2028 462,
1775 1981 1792 2016 1
1804 1981 1838 2016 1.

1014 2095 1099 2137 888

553 2176 948 2235 περικεκρουμένος
979 2178 1217 2232 ἄνθρωπος

386 2265 556 2303 Bekker.
591 2266 737 2303 Anecd.
772 2267 839 2314 60,
873 2266 926 2302 25
972 2261 993 2302 ὅ
1032 2262 1104 2315 οὐχ
1142 2261 1351 2314 ὁλόκληρος
1389 2258 1436 2314 (ὃ
1467 2265 1610 2313 κλῆρος
1646 2258 1760 2315 cod.).
1809 2259 1834 2313 ’ἡ

268 2323 470 2377 μεταφορὰ
502 2322 580 2363 ἀπὸ
611 2330 689 2363 τῶν
721 2323 887 2377 ἀγγείων
919 2329 996 2362 τῶν
1028 2321 1106 2362 ὑπὸ
1138 2322 1282 2375 χρόνον
1314 2320 1687 2375 περικεκρουμένων.

1013 2439 1098 2481 889

551 2512 815 2567 περίτριμμα
846 2510 1115 2566 πραγμάτων

385 2598 554 2636 Bekker.
592 2598 739 2636 Anecd.
773 2599 846 2646 59,
881 2598 933 2635 32
994 2591 1080 2635 οἷον
1116 2593 1366 2648 τετριμμένον
1410 2594 1555 2641 ἱκανῶς
1597 2594 1831 2647 πράγμασιν.

265 2657 426 2696 videtur
456 2657 638 2695 imitatus
670 2669 755 2696 esse
787 2656 910 2695 Arist.
945 2656 1049 2717 Ναὶ).
1082 2657 1179 2694 447.

1003 2771 1093 2813 890

549 2831 686 2886 πηλὸς
717 2826 847 2880 οὗτος

384 2917 551 2955 photius
595 2915 682 2956 ἀντὶ
712 2921 782 2956 τοῦ
813 2915 1056 2967 ἀναίσθητος
1088 2915 1142 2964 εἰς
1167 2913 1407 2967 ὑπερβολήν.
