2014 3334
869 215 1145 250 PRAEFATIO
1774 217 1807 250 V

211 346 302 374 cum
334 331 378 371 in
408 330 571 382 privata
595 329 853 380 potissimum
879 327 966 368 vita
997 327 1262 367 describenda
1285 327 1620 379 privatorumque
1645 341 1805 368 morum

211 396 252 434 et
289 391 496 432 hominum
534 389 762 430 imitatione
800 390 1033 429 versaretur
1071 384 1137 442 (ut
1175 388 1234 428 ait
1263 388 1424 428 Marcus
1456 388 1648 428 Aurelius
1686 402 1804 440 quem

211 451 255 494 0.
288 453 426 492 Graux
457 451 601 491 attulit
623 453 690 500 11,
724 451 748 490 6
781 445 807 501 ἡ
839 446 911 488 νέα
941 448 1132 505 κωμῳδία
1164 477 1173 487 .
1200 478 1209 488 .
1236 478 1245 488 .
1277 443 1363 487 κατ’
1399 445 1533 501 ὀλίγον
1565 446 1630 488 ἐπὶ
1660 446 1732 500 τὴν
1763 447 1805 488 ἐκ

209 511 409 566 μιμησεως
429 510 682 563 φιλοτεχνίαν
701 504 900 563 ὑπερρυη)
926 509 1098 561 ideoque
1137 508 1306 549 similior
1338 508 1452 547 mimi
1484 521 1607 576 quam
1635 509 1805 560 antiqua

209 572 417 615 comoedia
455 571 680 623 videretur,
717 570 806 610 fieri
843 571 1005 620 poterat
1041 571 1089 608 ut
1119 569 1239 628 multi
1271 569 1383 608 mimi
1416 569 1613 621 originem
1644 582 1668 608 a
1698 583 1806 610 nova

211 647 332 686 quam
365 633 553 674 dicebant
585 631 790 672 comoedia
819 632 1051 682 repeterent
1083 631 1124 669 et
1154 630 1332 680 primum
1364 629 1450 669 eius
1480 630 1644 680 poetam
1669 629 1804 670 Phile-

209 707 371 735 monem
409 693 662 733 inventorem
699 691 813 731 mimi
842 692 1134 742 nuncuparent.
1197 690 1267 729 sed
1304 691 1400 729 utut
1437 690 1536 729 haec
1568 702 1610 729 se
1641 690 1804 742 habent,

210 754 371 795 etiamsi
402 753 554 794 erravit
586 751 808 803 01101101118,
840 765 888 802 pi
891 763 1007 791 orsus
1039 750 1152 790 aliud
1183 752 1245 790 est
1276 750 1319 789 in
1344 763 1386 789 re
1412 751 1498 789 tam
1524 750 1637 789 tenui
1669 763 1803 791 errare

207 818 329 881 atque
362 813 573 854 Menandri
604 812 936 863 Philistionisque
967 813 1154 863 tempora
1186 810 1443 850 confundere.

329 888 433 927 quae
460 887 552 913 011111
570 874 630 914 ita
656 874 748 923 sint,
782 885 855 925 ego
877 872 1039 924 quidem
1062 871 1270 911 Menandri
1296 873 1337 910 et
1356 871 1603 911 Philemonis
1623 872 1803 923 aliquam

209 936 561 987 Comparationem
595 947 619 974 a
651 933 837 974 011011010
878 932 1100 984 significari
1138 944 1380 983 persuasum
1416 931 1564 984 habeo,
1601 945 1683 972 non
1714 933 1802 973 dico

208 997 376 1037 eandem
410 1007 513 1047 quae
545 994 753 1035 codicibus*
782 993 978 1033 Parisinis
1011 992 1078 1040 QP
1111 992 1344 1043 continetur
1368 992 1545 1043 primum
1571 1005 1595 1032 a
1620 993 1800 1044 Rigaltio

208 1057 335 1108 edita,
373 1056 444 1096 sed
480 1069 561 1095 non
605 1067 770 1106 prorsus
808 1054 921 1094 illius
960 1053 1209 1093 dissimilem.
1272 1066 1416 1093 verum
1455 1055 1673 1105 postquam
1709 1054 1802 1093 Phi-

206 1117 383 1158 listionis
415 1115 621 1173 κωμῳδίαι
653 1114 877 1168 βιολογικαί
905 1114 1039 1154 editae
1072 1115 1200 1165 erant,
1232 1127 1279 1153 ex
1304 1113 1368 1152 his
1394 1114 1545 1153 multas
1579 1115 1801 1154 sententias

206 1179 380 1218 morales
418 1189 511 1216 cum
549 1175 640 1215 aliis
673 1189 832 1228 quoque
872 1174 1035 1215 aliunde
1075 1174 1266 1214 conlectis
1300 1173 1603 1225 Comparationi
1642 1174 1801 1215 additas

205 1239 331 1278 fuisse
368 1237 579 1289 probabile
623 1238 697 1276 est.
767 1249 846 1287 quo
889 1236 996 1275 facto
1037 1248 1118 1275 non
1160 1235 1243 1274 iam
1287 1234 1435 1273 mirum
1478 1234 1684 1275 videbitur
1727 1249 1800 1286 pro

206 1299 440 1338 Philemone
474 1300 515 1337 et
546 1298 588 1336 in
619 1297 883 1348 inscriptione
917 1295 1102 1347 opusculi
1134 1297 1175 1334 et
1206 1295 1249 1334 in
1274 1295 1480 1346 prooemio
1514 1290 1570 1350 (v.
1592 1289 1639 1350 8)
1670 1296 1798 1335 nomi-

205 1361 347 1399 natum
373 1370 460 1398 esse
489 1357 791 1409 Philistionem:
825 1369 946 1407 quam
971 1356 1181 1395 nominum
1208 1355 1483 1395 confusionem
1508 1355 1800 1406 posterioribus

206 1420 376 1461 saeculis
410 1419 534 1458 etiam
565 1418 610 1458 in
641 1418 696 1458 eis
730 1429 833 1470 quae
860 1417 1109 1456 Philemonis
1142 1428 1228 1456 esse
1255 1417 1416 1456 constat
1446 1416 1641 1456 usitatam
1673 1417 1798 1457 fuisse

206 1481 349 1521 docent
381 1492 483 1532 quae
515 1478 637 1518 11111118
668 1479 747 1518 vol.
779 1492 818 1529 p.
846 1478 931 1518 748
966 1477 1017 1516 ad
1048 1477 1219 1516 Philem.
1250 1477 1300 1517 fr.
1335 1477 1391 1516 90
1425 1477 1683 1516 adnotantur.

326 1539 470 1592 quodsi
500 1551 598 1579 vera
630 1541 724 1578 sunt
756 1551 858 1590 quae
893 1538 1023 1577 adhuc
1055 1537 1273 1589 disputavi,
1304 1537 1392 1577 iure
1425 1550 1513 1577 meo
1545 1537 1646 1576 mihi
1678 1550 1800 1590 supra

203 1601 353 1641 dixisse
384 1599 525 1641 videm·
549 1600 668 1650 longe
696 1599 819 1638 aliam
845 1611 931 1638 esse
959 1611 1082 1650 quam
1107 1598 1454 1638 monostichorum
1479 1598 1600 1637 huius
1627 1597 1799 1650 Compa-

203 1658 374 1702 rationis
412 1660 623 1700 rationem.
684 1672 778 1699 nam
816 1659 1069 1699 monosticha
1114 1659 1278 1710 quidem
1321 1660 1465 1709 utpote
1504 1671 1528 1697 a
1565 1658 1797 1710 Doxopatro

203 1723 401 1774 primum,
450 1720 602 1760 saeculi
651 1720 855 1764 undecimi
906 1720 1102 1770 scriptore
1146 1713 1220 1774 (cf.
1261 1719 1388 1758 Walz.
1433 1719 1549 1758 Rhet.
1593 1732 1653 1770 gr.
1691 1719 1733 1758 H
1772 1733 1797 1759 v

203 1777 327 1837 not),
375 1783 688 1821 commemorata
729 1782 899 1821 exeunte
941 1780 1025 1820 fere
1069 1780 1229 1820 saeculo
1272 1779 1427 1819 decimo
1469 1779 1660 1820 videntur
1704 1793 1797 1820 con-

203 1844 311 1883 lecta
355 1854 460 1894 esse,
505 1841 764 1892 Comparatio
805 1841 888 1880 iam
931 1841 1148 1880 Iustiniani
1186 1840 1445 1891 imperatoris
1488 1842 1640 1891 aetate,
1684 1840 1797 1880 cuius

204 1906 267 1944 est
293 1902 517 1952 Choricius,
549 1904 648 1941 nota
679 1903 778 1941 erat.
827 1901 900 1940 illa
931 1914 1121 1952 magnam
1153 1902 1313 1951 partem
1338 1913 1419 1940 non
1450 1913 1536 1940 esse
1569 1901 1655 1940 eius
1682 1901 1797 1940 cuius

203 1976 288 2004 esse
320 1963 508 2002 feruntur
540 1962 682 2018 multis
708 1965 895 2002 veterum
927 1962 1172 2012 scriptorum
1200 1961 1446 2000 testimoniis
1474 1962 1644 2012 constat,
1676 1961 1795 2000 huius

203 2024 415 2064 sententiis
454 2022 589 2062 aliena
619 2021 799 2061 admixta
839 2034 926 2062 esse
963 2022 1078 2061 nullo
1109 2022 1195 2061 fere
1226 2021 1460 2061 testimonio
1493 2021 1796 2073 comprobatur,

203 2086 369 2125 illorum
394 2083 525 2122 multa
551 2083 635 2122 suis
662 2083 896 2122 auctoribus
923 2082 1116 2122 restituta
1142 2084 1247 2132 sunt,
1279 2083 1425 2120 harum
1451 2082 1648 2132 quaedam
1674 2081 1797 2122 etiam

203 2146 253 2185 ab
292 2145 384 2184 aliis
421 2143 635 2182 Menandri
672 2143 972 2184 Philemonisve
1016 2143 1177 2182 nomine
1217 2142 1501 2194 designantur,
1542 2142 1723 2193 reliquae
1763 2143 1797 2182 si

202 2219 283 2246 non
321 2206 416 2244 sunt
454 2216 593 2243 eorum
630 2216 803 2255 quorum
838 2203 1045 2256 dicuntur,
1087 2203 1201 2243 ouius
1234 2203 1316 2243 sint
1359 2215 1527 2253 prorsus
1571 2202 1795 2253 ignoratur.

202 2280 249 2306 ac
280 2278 372 2305 cum
402 2264 535 2303 multa
565 2263 608 2302 in
640 2263 950 2315 Comparatione
984 2264 1258 2304 semibarbara
1297 2276 1392 2303 sane
1424 2263 1640 2303 videantur
1672 2265 1713 2302 et
1744 2264 1794 2303 ab

203 2326 371 2377 antiqua
397 2324 592 2364 sermonis
613 2324 741 2364 Attici
773 2325 977 2375 elegantia
1001 2325 1121 2376 longe
1146 2325 1315 2375 remota,
1348 2324 1480 2362 multa
1508 2325 1646 2363 tamen
1672 2324 1795 2362 mani-

202 2388 306 2427 festo
326 2384 593 2425 Menandreae
620 2385 766 2424 aetatis
794 2385 970 2436 speciem
988 2385 1182 2437 referunt,
1208 2385 1340 2423 multa
1366 2385 1490 2423 etiam
1516 2384 1794 2423 emendatione

203 2447 254 2487 ad
302 2445 521 2498 pristinum
577 2445 828 2496 splendorem
885 2446 1066 2485 revocari
1119 2447 1322 2496 poterunt.
1405 2444 1592 2496 quocirca
1643 2443 1794 2484 Cobeto

203 2505 554 2558 Comparationem
586 2507 718 2545 totam
742 2519 822 2545 uno
856 2506 1051 2557 suffragio
1078 2505 1374 2557 condemnanti,
1407 2505 1483 2544 etsi
1514 2504 1704 2544 facillime
1735 2505 1796 2544 ita

202 2567 386 2619 quaestio
407 2565 647 2605 difficillima
664 2566 916 2618 profligatur,
937 2565 1131 2606 adsentiri
1150 2578 1231 2604 non
1249 2577 1426 2616 possum,
1453 2564 1524 2604 sed
1549 2578 1640 2604 cum
1664 2578 1793 2615 neque

202 2627 414 2668 defendere
440 2627 572 2665 totam
596 2639 726 2678 neque
753 2627 1020 2666 exterminare
1041 2626 1224 2678 audeam,
1256 2628 1304 2664 ut
1327 2625 1370 2664 in
1389 2625 1592 2665 volumine
1620 2626 1792 2665 secundo

201 2701 294 2728 cum
330 2685 530 2726 Meinekio
568 2699 641 2737 pro
680 2687 920 2727 Philistione
959 2687 1235 2726 Philemonem
1279 2685 1447 2737 retinui,
1492 2685 1547 2724 810
1590 2685 1632 2724 111
1670 2685 1792 2724 tertio

203 2747 422 2788 Menandro
454 2745 601 2798 reliqui
627 2759 903 2799 quaecumque
935 2748 972 2786 ei
1003 2747 1046 2786 in
1072 2746 1384 2797 Comparatione
1414 2745 1665 2785 tribuuntur.
1714 2758 1793 2795 qua

205 2809 248 2848 in
278 2821 321 2847 re
352 2819 434 2846 non
459 2806 670 2847 defuturos
701 2807 896 2860 intellego
923 2807 992 2858 qui
1024 2821 1086 2846 me
1112 2806 1407 2846 inconstantiae
1439 2807 1646 2857 accusent,
1685 2806 1792 2857 quod

203 2882 286 2909 non
318 2881 367 2907 ea
397 2867 506 2906 certe
539 2880 641 2919 quae
667 2867 935 2907 Menandreae
967 2867 1114 2907 aetatis
1140 2879 1226 2906 esse
1251 2867 1318 2907 vix
1348 2867 1506 2917 possint
1537 2865 1644 2905 inter
1670 2866 1791 2905 dubia

208 2929 440 2981 fragmenta
463 2928 709 2967 rettulerim:
743 2928 813 2968 sed
846 2941 936 2967 cum
963 2940 1059 2967 vera
1090 2929 1131 2968 et
1162 2927 1338 2978 genuina
1363 2940 1388 2966 a
1413 2926 1684 2977 suppositiciis
1711 2925 1789 2964 dis-
