2014 3334
0 2595 18 2787 u‚=-«=1·.w·.7n·
0 2569 3 2574 ·
0 2536 5 2550 ·-
0 2493 13 2515 w

750 244 918 279 AAHAA
945 244 1205 279 οΠοΤΕΡΑΣ
1675 238 1761 283 547

185 359 400 400 fluxerunt.
463 357 676 408 sententia,
702 370 726 396 e.
751 356 1002 409 Diogeniano
1026 369 1108 396 nou
1132 356 1234 396 bene
1260 355 1452 407 exposita,
1477 355 1578 394 haec
1602 353 1764 394 videtur

186 430 291 459 esse:
317 430 363 459 ex
386 430 495 458 mera
517 418 640 467 palea
665 419 834 457 triticam
858 420 997 456 metere
1020 418 1206 466 coyitasti,
1238 416 1263 455 i.
1290 429 1323 456 e.
1349 428 1508 467 operam
1542 412 1764 465 perdidisti.

937 533 1021 577 788

474 650 486 661 .
518 652 528 661 .
560 651 570 661 .
603 650 613 661 .
644 618 816 674 γλώττῃ
848 617 1053 674 σώφρονι

471 690 555 746 τὴν
586 689 801 745 εὐνομίαν
831 687 1095 746 προχέοντες

307 776 530 828 Procopius
550 776 678 827 Epist.
701 778 799 817 151.
843 775 1022 828 σώφρονι
1044 774 1193 831 γλώττῃ
1218 778 1370 825 transp.
1390 773 1439 813 Κ.
1481 772 1554 824 τὴν
1573 771 1766 824 εὐνομίαν

187 835 397 887 Hercher.]
431 841 478 888 τῆ
510 834 677 887 εὐνομία
710 831 818 890 (sic).

938 917 1023 959 789

476 999 525 1043 ἐκ
555 1006 632 1056 τῆς
663 1000 799 1055 αὐτῆς
829 1000 1003 1052 ψιάθου
1034 1000 1230 1055 γεγονώς

271 1122 273 1124 .
307 1087 520 1139 Appendix
546 1100 659 1138 prov.
681 1089 718 1137 2,
739 1090 794 1126 47
823 1085 888 1126 ἐπὶ
906 1092 984 1127 τῶν
1007 1087 1294 1140 παραπλησίων
1313 1084 1380 1126 καὶ
1398 1083 1560 1138 ὁμοίων.
1610 1086 1658 1125 cf.
1679 1086 1765 1124 465

189 1150 231 1188 et
262 1148 370 1200 quod
402 1147 545 1187 Suidas
578 1141 862 1201 (Ἐπίκουρος)
890 1150 1177 1187 commemorat
1202 1146 1295 1194 τοὺς
1320 1145 1364 1185 ἐκ
1387 1150 1458 1198 τῆς
1489 1144 1613 1198 αὐτῆς
1645 1142 1768 1185 οἱονεὶ

189 1206 346 1260 φάτνης
375 1205 623 1259 ἐδηδοκότας.

940 1276 1027 1319 790

475 1346 563 1390 ὑπὸ
594 1346 727 1390 παντὶ
758 1349 874 1407 λίθῳ
907 1349 1117 1404 σκορπίος
1148 1347 1282 1390 εὕδει.

194 1493 295 1532 XIII
309 1433 535 1484 Hesychius
571 1433 775 1487 παροιμία.
836 1448 884 1474 ex
915 1435 1066 1474 comico
1113 1435 1275 1474 ductam
1307 1435 1444 1474 censet
1473 1433 1770 1479 Mein.·Phi101.

320 1495 419 1534 535.
446 1495 484 1533 6.
889 1492 896 1499 ’

940 1564 1023 1606 791

482 1643 618 1690 οὐδὲν
649 1650 820 1690 λευκῶν
850 1647 1030 1705 ἀνδρῶν
1061 1647 1233 1703 ὄφελος.

312 1733 481 1773 Photius
513 1729 681 1786 (excidit
714 1728 1028 1788 interpretatio).
1090 1734 1332 1774 Eustathius
1359 1735 1459 1785 455,
1487 1736 1540 1774 37
1577 1732 1635 1772 ὅτι
1660 1731 1701 1771 τὸ
1727 1730 1771 1772 ἐν

195 1792 347 1844 σώμασι
377 1791 519 1832 λευκὸν
552 1791 627 1832 οὐκ
658 1791 700 1832 ἕν
732 1791 881 1850 ἐπαίνῳ
916 1787 988 1845 ἦν,
1025 1792 1092 1833 καὶ
1123 1793 1166 1833 ἐν
1198 1793 1420 1846 ῥητορικοῖς
1452 1793 1642 1844 δηλοῦται
1672 1793 1771 1840 λεξι-

195 1856 291 1900 κοῖς.
350 1846 407 1892 ὧν
438 1850 481 1892 ἕν
512 1850 667 1909 θατέρῳ
694 1849 765 1904 μὲν
789 1856 923 1904 κεῖται,
955 1852 1014 1892 ὅτι
1043 1852 1177 1893 λευκοὶ
1208 1853 1251 1893 οἵ
1278 1853 1403 1893 δειλοί
1419 1884 1428 1892 .
1449 1884 1458 1893 .
1480 1851 1543 1893 ,ἐν
1573 1850 1615 1892 δὲ
1642 1849 1771 1909 ἑτέρῳ,

193 1915 246 1969 τῷ
290 1917 360 1952 τοῦ
404 1911 548 1952 Αἰλίου
586 1911 806 1952 Διονυσίου
845 1912 1018 1965 δηλαδή,
1054 1912 1096 1953 τό
1135 1916 1213 1953 κτλ.
1277 1913 1458 1964 Append.
1490 1926 1601 1964 prov.
1633 1914 1681 1962 4,
1715 1914 1769 1952 35

195 1969 315 2012 οὐδὲν
342 1993 397 1998 -
424 1969 568 2022 ὄφελος
592 1969 618 2023 ἢ
644 1976 977 2023 σκυτοτομεῖν·
1010 1971 1073 2013 ἐπὶ
1103 1978 1182 2013 τῶν
1214 1972 1270 2021 εἰς
1300 1970 1426 2025 μηδὲν
1450 1971 1772 2022 λυσιτελούντων,

195 2030 372 2084 παρόσον
416 2031 459 2071 οἷ
496 2029 658 2083 μέλανες
704 2038 782 2071 τῶν
830 2035 982 2072 λευκῶν
1028 2031 1339 2086 λυσιτελέστεροι.
1411 2032 1542 2072 Schol.
1574 2032 1610 2071 V
1646 2032 1771 2071 Arist.

196 2092 287 2131 Pac.
315 2093 430 2132 1310
461 2091 671 2144 παροιμία.
699 2123 708 2132 .
735 2123 743 2131 .
762 2090 882 2132 οὐδὲν
915 2095 1068 2133 λευκῶν
1098 2091 1258 2145 ἀνδρῶν
1289 2091 1430 2146 ἔργον
1462 2089 1516 2146 (εἰ
1544 2090 1598 2143 μὴ
1632 2088 1772 2131 σκυτο-

195 2154 328 2203 τομεῖν
359 2152 448 2190 add.
481 2148 614 2204 alius).
676 2165 756 2191 non
787 2153 992 2204 dissentit,
1024 2166 1270 2205 quamquam
1300 2153 1478 2203 videtur,
1509 2153 1634 2191 Arist.
1667 2152 1773 2190 Nub.
1831 2173 1834 2178 ·

199 2213 324 2252 1012.
354 2211 503 2252 1016.'
530 2212 580 2250 cf.
605 2212 712 2258 Eccl.
740 2214 837 2252 387.
865 2215 964 2252 428.
1015 2213 1175 2252 Thesm.
1206 2215 1299 2253 191.

946 2330 1031 2372 792

485 2397 615 2456 (τῶν)
647 2402 933 2457 σιγλοφόρων
964 2402 1117 2452 στάσις
1148 2401 1379 2457 εὐνούχων

316 2486 542 2538 Hesychius
579 2483 646 2533 τὰς
683 2486 940 2535 κατακλεῖὃας
983 2493 1061 2526 τῶν
1099 2486 1272 2527 ἐνωτίων
1309 2488 1443 2541 σίγλας
1480 2486 1622 2538 φασίν·
1660 2486 1704 2526 οἱ
1731 2483 1774 2526 δὲ

198 2543 299 2585 αὐτὰ
335 2544 382 2585 τὰ
419 2543 570 2584 ἐνώτια.
632 2541 768 2595 ‘poeta
805 2543 1037 2587 scaenicus?
1098 2548 1150 2587 M.
1183 2548 1374 2587 Schmidt.
1411 2568 1462 2575 —
1497 2552 1575 2586 τῶν
1607 2547 1697 2586 add.
1723 2547 1772 2586 K.

199 2606 300 2646 Poll.
326 2607 368 2656 5,
395 2607 448 2645 97
475 2602 564 2657 περὶ
593 2607 674 2653 τοῖς
705 2603 822 2646 ὠσὶν.
843 2636 852 2646 .
873 2604 1109 2660 .ἕλικτῆρας,
1141 2607 1274 2660 σύγλας
1304 2605 1403 2647 κατὰ
1434 2605 1527 2654 τοὺς
1557 2604 1754 2654 Αἰολέας»,

486 2792 597 2848 αὐτὴ
628 2799 715 2836 νῦν
745 2792 773 2849 ἡ
806 2723 1036 2851 σοφίαῖὲῑῗ.

321 2879 493 2918 Bekker.
518 2879 667 2919 Anecd.
689 2882 726 2931 9,
755 2882 808 2920 16
835 2879 903 2920 ἐπί
923 2895 1029 2929 τινος
1054 2880 1375 2933 εὐδοκιμοῦντος.
1425 2882 1510 2920 sine
1533 2881 1655 2921 dubio
1683 2895 1772 2921 cum

201 2938 332 2978 ironia.
362 2939 527 2978 dictum.
589 2951 728 2980 versus
760 2942 822 2979 est
855 2942 1140 2991 paroemiacue.

1417 3007 1490 3043 35*
