2014 3334
775 237 942 272 AAHAA
967 237 1229 272 οΠοΤΕΡΑΣ
1698 232 1787 276 575

949 370 1036 414 981

495 431 764 487 διεχώλευον

330 517 536 559 διώδευον.
565 517 804 568 Hesychius,
848 518 1002 557 frustra.
1020 514 1230 570 διεχώρεον
1251 515 1426 556 Is.Voss.
1458 517 1597 554 narrat
1616 513 1787 553 claudus

209 579 258 619 de
289 578 435 619 itinere
466 590 491 618 a
518 589 561 617 se
594 577 711 617 sacto.

957 656 1044 700 982

495 717 768 768 διεψάθαλλε

329 801 543 857 διέφθειρε.
594 803 834 856 Hesychius.
867 803 934 843 ‘cf.
965 803 1171 854 Hermipp.
1200 803 1268 843 78.
1318 801 1421 842 Plat.
1453 814 1552 841 com.
1580 803 1649 841 59.

955 919 1044 963 983

497 980 735 1036 δικαμπίας

329 1062 438 1115 οἶνος
468 1064 490 1107 ὁ
522 1066 596 1107 δύο
628 1065 775 1119 τροπὰς
804 1064 1038 1117 ὑπομείνας.
1087 1065 1326 1117 Hesychius.

957 1182 1046 1226 984

496 1243 739 1299 δικομήτρα

327 1329 498 1370 Bekker.
536 1329 683 1369 Anecd.
724 1330 799 1388 35,
827 1329 854 1367 4
899 1323 988 1369 οἷον
1025 1327 1151 1385 μήτηρ
1194 1325 1261 1367 καὶ
1303 1326 1512 1380 γεννήτρια
1556 1327 1681 1367 δικῶν
1718 1324 1786 1366 καὶ

209 1394 500 1440 συκοφαντιῶν.

905 1492 912 1500 .
954 1455 1043 1500 985

495 1517 729 1573 διφθερίαι
765 1580 768 1582 Β

326 1604 457 1644 Varro
481 1604 527 1644 R.
554 1617 586 1644 r.
613 1605 658 1655 2,
687 1605 760 1654 11,
789 1605 839 1642 11
881 1606 1070 1642 vocantur
1101 1602 1136 1642 δ.
1234 1605 1277 1642 in
1314 1603 1518 1642 comoediis
1547 1604 1614 1652 qui
1645 1604 1687 1642 in
1717 1615 1784 1642 ru-

210 1667 305 1706 stica
335 1672 448 1715 opere
477 1666 693 1704 mov-annor.

954 1731 1042 1775 986

495 1791 760 1848 δρυμάττειν

328 1879 473 1918 Pollux
493 1879 532 1929 5,
555 1879 609 1918 93
635 1876 682 1917 τὰ
706 1875 995 1930 τεθρυλημένα,
1021 1874 1047 1916 ἃ
1067 1875 1116 1928 δὴ
1137 1877 1346 1924 παίζουσιν
1367 1876 1410 1916 οἱ
1430 1876 1611 1927 κωμικοί,
1637 1878 1786 1927 ληκεῖν,

210 1939 290 1991 δρ.,
321 1941 447 1991 φλᾶν,
486 1937 746 1989 σκορδοῦν,
785 1933 1055 1990 στενάσαι(Ῥ),
1094 1939 1302 1976 σπλεκοῦν.
1367 1936 1593 1988 Hesychius
1632 1935 1783 1988 δρυμά-

208 1999 313 2047 ξεις.
340 2029 348 2038 .
375 2029 384 2038 .
402 2002 570 2052 χρῶνται
605 1995 670 2036 καὶ
709 1995 774 2036 ἐπὶ
810 2002 880 2036 τοῦ
920 1994 1067 2053 συνέσῃ
1098 1994 1164 2036 καὶ
1194 1995 1508 2049 προσομιλήσεις.
1558 1998 1693 2047 ληκεῖν
1724 1998 1786 2035 est

209 2058 393 2099 Pherecr.
422 2059 520 2108 177,
551 2059 659 2108 φλᾶν
690 2057 852 2108 passim,
886 2053 1200 2108 διεσπλεκωμένῃ
1231 2056 1356 2096 Arist.
1387 2056 1494 2096 Plut.
1524 2057 1650 2096 1082.

503 2203 507 2206 -
955 2151 1040 2228 987

496 2245 754 2302 δωροληψία

330 2320 501 2372 Bekker.
534 2332 680 2371 Anecd.
711 2333 778 2380 35,
806 2333 830 2370 2
865 2330 1047 2382 σημαίνει
1079 2328 1121 2370 δὲ
1154 2329 1414 2383 δωροδοκίαν.

956 2447 1044 2490 988

497 2505 826 2562 ἐγκαλοσκελεῖς

330 2594 556 2646 Hesychius
606 2594 649 2634 οἱ
680 2592 735 2646 μὴ
773 2592 1031 2640 ἀποδιδόντες
1067 2591 1113 2631 τὰ
1151 2590 1243 2646 χρέα
1277 2591 1320 2632 ἐν
1357 2591 1492 2641 κάλοις
1529 2590 1783 2644 ἐδεσμεύοντο

210 2653 304 2702 τοὺς
333 2652 474 2701 πόδας.
523 2667 587 2706 ⁴res
618 2655 707 2705 ipsa.
737 2654 832 2694 ficta
862 2657 909 2694 ut
939 2666 1095 2693 nomen.

956 2780 1043 2824 989

498 2839 808 2897 ἐγκλαστρίδια

329 2927 474 2968 Pollux
499 2928 538 2975 5,
566 2927 635 2968 97.
686 2926 735 2966 cf.
763 2928 862 2967 962.
