2014 3334
655 260 986 295 nuonMENoz
1036 260 1340 296 ΝΑΤΚΛΗΡΟΣ
1708 260 1789 303 101

205 373 471 426 probabiliter
510 373 734 413 Meinekius
779 373 830 413 ad
873 386 962 413 eam
1009 385 1195 413 scaenam
1228 374 1368 424 refert,
1413 374 1455 413 in
1493 388 1574 426 qua
1612 374 1792 426 gladium

204 433 336 486 poscit
368 433 648 474 Thrasonides.

956 540 1041 582 347

493 602 676 641 σπαθᾶν

325 683 570 738 Μένανδρος
600 683 868 742 Μισουμένῳ·
900 684 942 726 τὸ
975 683 1299 733 ἀλαζονεύεσθαι.
1351 686 1532 725 Photius.

262 796 265 799 ¹
326 746 384 786 Cf.
405 747 616 797 praeterea
648 746 784 797 adesp.
807 748 904 786 129.
935 746 1089 786 nullius
1114 746 1236 796 pretii
1269 747 1364 785 sunt
1396 758 1499 797 quae
1530 746 1792 796 proferuntur

205 806 382 847 Cramer.
401 806 551 846 Anecd.
571 806 661 845 Par.
681 806 744 845 III
764 808 864 858 494,
886 808 910 846 6
944 808 986 846 et
1006 807 1106 857 502,
1129 809 1195 846 11.
1221 828 1270 833 ——
1301 819 1347 845 ex
1378 807 1602 845 Ziliszcmcno
1621 806 1790 846 Luciani

204 867 423 919 Dialogum
453 867 614 906 meretr.
650 868 703 906 13
737 879 969 918 expressum
1001 879 1087 906 esse
1120 866 1345 906 arbitratur
1378 865 1421 905 Ο.
1455 865 1647 906 Ribbeck.
1680 866 1789 905 Alaz.

206 928 261 967 36
295 927 396 967 conl.
428 927 551 966 etiam
585 927 762 977 Alciphr.
783 928 836 978 3,
869 928 937 967 36.

844 1055 1148 1089 ΝΑΤΚΛΗΡΟΣ

325 1130 594 1181 Theophilum
625 1131 933 1180 navicularium,
960 1131 1162 1171 Stratonis
1195 1132 1402 1171 cuiusdam
1433 1131 1573 1179 filium,
1607 1143 1656 1169 ex
1687 1131 1790 1169 mari

203 1190 366 1242 Aegaeo
403 1193 498 1242 post
535 1191 699 1242 longam
738 1192 964 1231 absentiam
1002 1192 1239 1231 redeuntem
1277 1192 1428 1231 fecerat
1464 1193 1596 1242 poeta.
1659 1191 1707 1229 cf.
1741 1192 1788 1228 fr.

204 1251 302 1290 348.
319 1252 356 1290 9.
382 1249 624 1303 Ναύκληρος
644 1251 723 1291 fuit
742 1252 866 1291 etiam
885 1251 1054 1303 Eudoxi,
1071 1251 1306 1304 Ναύκληροι
1324 1251 1579 1291 Nausicratis
1594 1246 1653 1304 (ΙΙ
1669 1245 1788 1304 295),

203 1310 427 1350 Νακοῑενιιε
460 1310 626 1350 Caecilii
659 1311 790 1352 Statii.
843 1311 888 1351 O.
921 1312 1109 1352 Ribbeck.
1145 1311 1253 1352 Com.
1286 1312 1331 1352 R.
1358 1307 1425 1352 fr.2
1459 1313 1525 1351 54.

955 1453 1041 1496 348

417 1526 513 1591 ἥκει
544 1536 687 1580 λιπὼν
721 1538 924 1597 Αἰγαῖον.
944 1536 1146 1593 ἁλμυρὸν
1177 1536 1320 1592 βάθος

366 1627 374 1631 ε
419 1609 639 1665 Θεόφιλος
669 1608 791 1665 ἡμῖν,
825 1605 858 1652 ὦ
891 1609 1119 1666 Στράτων.
1183 1609 1241 1660 ὡς
1273 1609 1335 1659 εἰς
1366 1609 1504 1651 καλὸν

417 1681 496 1723 τὸν
527 1680 629 1723 υίὸν
661 1680 935 1737 εὐτυχοῦντα
967 1679 1041 1723 καὶ
1074 1679 1357 1740 σεσῳσμένον

375 1768 377 1770 ’
416 1759 590 1809 πρῶτος
621 1751 734 1807 λέγω
768 1764 838 1795 σοι
870 1754 949 1795 τόν
980 1768 1025 1795 τε
1058 1759 1257 1809 χρυσοῦν
1287 1752 1532 1809 κάνθαρον.

377 1835 397 1867 5
417 1827 547 1868 ΣΤΡ.
596 1832 746 1876 ποῖον;
788 1828 841 1868 Α.
873 1826 922 1868 τὸ
954 1828 1130 1868 πλοῖον·
1165 1823 1300 1868 οὐδὲν
1332 1821 1506 1878 οἶσθας,
1538 1825 1680 1867 ἄθλιε.

418 1899 547 1940 ΣΤΡ.
597 1897 679 1952 τὴν
709 1902 825 1940 ναῦν
857 1899 1090 1956 σεσῷσθαί
1116 1913 1192 1954 μοι
1223 1896 1384 1952 λε’γεις;
1418 1900 1472 1939 Α.
1499 1898 1635 1951 ἔγωγε
1668 1897 1755 1951 μὴν

417 1969 500 2024 τὴν
530 1975 646 2012 ναῦν
678 1968 853 2025 ἐκείνην
883 1969 941 2025 ἢν
973 1969 1152 2025 ἐποίησε
1185 1972 1438 2024 Καλλικλῆς

418 2040 442 2084 ὁ
473 2041 746 2097 Καλύμνιος,
779 2041 1037 2099 Εὐφράνωρ
1070 2039 1110 2085 δ’
1149 2041 1366 2098 ἐκυβέρνα
1400 2041 1602 2096 Θούριος.

322 2128 556 2168 Athenaeus
586 2131 650 2177 11,
673 2131 757 2169 474
775 2130 798 2168 b
830 2127 1083 2202 Me'vocvdpocf'
1107 2128 1353 2185 Ναυκλήρῳ·
1385 2127 1473 2180 ἥκει
1496 2149 1546 2155 -
1569 2125 1611 2166 τὸ
1643 2129 1784 2166 πλοῖον

203 2184 296 2240 (om.
312 2189 442 2228 altera
454 2191 569 2239 parte
583 2203 619 2230 v.
635 2185 680 2243 5)
695 2187 762 2228 καὶ
781 2185 860 2240 μετ’
886 2186 1013 2243 ὀλίγα·
1034 2204 1107 2240 την
1127 2194 1230 2228 ναῦν
1249 2191 1328 2228 κτλ.
1343 2203 1378 2229 v.
1393 2191 1429 2228 1.
1447 2191 1483 2227 2.
1506 2190 1544 2227 4.
1567 2188 1590 2227 5
1607 2186 1782 2226 Macrob.

203 2248 285 2289 Sat.
307 2250 346 2300 5,
369 2251 420 2288 21
456 2251 628 2299 sequitur
645 2253 690 2289 ut
707 2251 862 2299 quando
889 2251 1120 2290 cantharum
1140 2253 1174 2289 et
1190 2250 1326 2299 poculi
1345 2253 1379 2288 et
1399 2250 1548 2297 naviyii
1564 2260 1686 2296 ‚cycnus
1706 2259 1784 2286 esse

201 2321 327 2359 supra
357 2304 539 2361 discimus,
563 2311 753 2359 probetur
785 2311 967 2359 eoeemplis
999 2340 1007 2349 .
1041 2342 1048 2350 .
1084 2340 1092 2348 .
1124 2310 1348 2349 Menander
1377 2311 1420 2348 in
1452 2306 1680 2363 Ναυκλήρῳ
1706 2309 1782 2346 κτλ.

202 2382 239 2409 v.
275 2371 294 2407 1
330 2369 469 2420 Eurip.
492 2369 635 2409 Troad.
659 2372 679 2409 1
718 2365 839 2423 (ἥκω)
873 2372 913 2410 et
932 2370 1078 2409 Athen.
1105 2373 1139 2419 1,
1167 2372 1243 2409 4a.
1294 2383 1329 2409 v.
1364 2370 1388 2408 5
1425 2368 1556 2407 Schol.
1576 2367 1782 2417 Aristoph.

203 2429 294 2468 Pac.
329 2430 411 2469 143
452 2431 493 2468 et
530 2429 675 2469 Suidas
713 2429 936 2482 κάνθαρος·
976 2427 1162 2482 ἄντικρυς
1199 2426 1443 2480 Μένανδρος
1481 2426 1523 2466 ἐν
1555 2425 1782 2482 Ναυκλήρῳ

201 2487 410 2541 κάνθαρον
442 2484 525 2529 εἶπε
556 2491 698 2529 πλοῖον
730 2484 842 2529 εἶναι.
892 2491 999 2530 inter
1025 2504 1060 2530 v.
1083 2493 1107 2529 5
1129 2492 1170 2529 et
1191 2491 1214 2529 6
1240 2489 1359 2540 plura
1385 2488 1578 2527 excidisse
1600 2491 1780 2536 possunt.

203 2550 242 2588 2.
267 2546 364 2596 ἕς,Α
381 2549 476 2588 Ath.
534 2550 572 2588 4.
599 2547 656 2600 τε]
679 2546 721 2589 δὲ
740 2550 916 2590 Macrob.
942 2546 1171 2602 κάνθαρον]
1192 2553 1299 2600 θαρο
1319 2549 1350 2587 P
1370 2549 1492 2587 Macr.
1550 2548 1586 2586 5.
1619 2544 1778 2596 πλοῖον]

201 2610 339 2659 ηλοιον
364 2608 530 2648 PMacr.
564 2606 683 2648 οὐδὲν
702 2605 836 2664 Mein]
872 2608 967 2650 οὐδέ
998 2606 1040 2661 μ’
1063 2610 1185 2648 Macr.
1219 2612 1338 2647 αθαιε
1357 2608 1388 2646 Ρ
1408 2608 1526 2646 Macr.
1591 2608 1629 2645 6.
1662 2603 1780 2658 ἔγωγε

202 2665 282 2719 μὴν
307 2667 459 2719 Bentl.]
493 2666 567 2722 ἐγὼ
599 2666 673 2720 τὴν
705 2667 805 2721 ἐμὴν
829 2671 876 2711 A.
943 2673 978 2710 7.
1012 2669 1148 2720 κείνην
1180 2673 1284 2708 ναῦν
1315 2669 1524 2718 καλλικλῆς
1554 2664 1713 2717 ἐποίησε
1733 2666 1781 2704 A.

203 2729 354 2767 emend.
387 2728 553 2768 Grotius
586 2729 771 2780 Excerpt.
795 2732 891 2770 735.
956 2733 990 2770 8.
1027 2727 1047 2769 ὁ
1079 2728 1309 2779 Καλύμνιος
1341 2727 1521 2778 Heringa
1549 2725 1642 2765 Obs.
1677 2721 1778 2779 251]

202 2785 270 2827 τὸν
300 2787 548 2840 καλούμενον
575 2789 621 2828 A.
678 2788 911 2842 Εὐφράνωρ
944 2786 980 2828 δ’
1018 2788 1148 2839 Grot.]
1190 2783 1407 2839 ευφρανορ’
1436 2786 1483 2824 A.
1536 2783 1578 2824 δὲ
1606 2785 1780 2840 κυβερνᾷ

201 2847 389 2900 Heringa.
428 2869 477 2875 -—
512 2849 561 2887 de
592 2850 778 2889 cantharo
810 2851 858 2889 ef.
890 2850 1063 2889 Nicostr.
1099 2851 1164 2888 10.
1199 2847 1342 2887 Sosicr.
1377 2848 1414 2885 2.

321 2907 410 2947 fieri
446 2921 527 2948 non
563 2910 698 2959 potest
733 2911 780 2948 ut
812 2910 948 2949 Strato
979 2907 1133 2959 navigii
1171 2907 1234 2947 sui
1263 2918 1402 2946 nomen
1433 2900 1520 2959 (τὸν
1553 2919 1608 2957 χρ.
1641 2901 1779 2957 κάνθ.)

204 2966 375 3019 ignoret,
407 2969 514 3020 quod
547 2968 701 3008 scilicet
726 2970 891 3021 cupiens
924 2967 968 3008 ut
998 2971 1145 3008 ‘montes
1170 2979 1309 3007 aureos
1334 2966 1410 3006 sibi
1435 2967 1663 3017 reportaret
1694 2964 1779 3004 sine
