2014 3334
0 1223 3 1238 ⁴·-
0 1004 14 1215 ffiwvuvyv-wng
0 675 18 991 “¹¹qu
10 632 17 657 *s*

0 1880 9 1933 ’μ’
0 1737 19 1870 ‘'ms-w
0 1367 15 1731 ψ·“”””’““ν·“φ“γν-
0 1312 2 1315 ’
0 1281 2 1283 -

754 260 922 294 ΑΔΗΛΑ
947 259 1209 294 οΠοΤΕΡΑΣ
1679 256 1767 300 579

196 368 345 424 σθένης
375 369 418 412 ἐν
449 368 510 424 ιβ’
539 369 629 423 περὶ
660 367 919 427 (κωμῳδίας).
968 371 1149 412 Photius.
1197 370 1248 410 cf.
1274 370 1444 411 Bekker.
1475 370 1623 410 Anecd.
1651 372 1764 410 1314

196 426 417 486 (ἀληθεία).
471 431 685 472 Herodian.
711 432 751 471 II
779 434 878 482 595,
906 434 974 473 22.
1029 430 1217 471 Eustath.
1247 432 1372 481 1579,
1401 431 1455 470 26
1488 432 1530 470 et
1560 442 1663 482 quae
1694 442 1767 469 nos

196 491 477 532 adnotavimus
509 492 559 532 ad
594 492 715 531 Arist.
749 492 824 532 Av.
853 494 949 532 604.

481 666 708 723 εὐόμιλος,
741 667 1065 724 εὐπροσόμιλος

313 742 485 782 Bekker.
517 742 666 782 Anecd.
699 744 772 791 39,
808 745 827 781 1
864 739 1175 795 εὖπροσόμιλος··
1205 738 1226 780 ὁ
1257 737 1360 792 ἡδὺς
1397 739 1439 780 ἐν
1478 739 1671 795 συνουσίᾳ
1702 738 1769 780 καὶ

193 799 356 849 ἀστεῖος.
417 800 459 841 τὸ
492 798 528 842 δ’
565 801 745 854 εὐόμιλος
775 799 797 841 ὅ
829 808 950 841 πᾶσιν
991 799 1223 852 ἀδιαφόρως
1260 803 1523 853 προσομιλῶν.
1577 798 1767 853 εὐπροσό-

194 863 305 912 μιλος
335 861 479 902 tritum
512 862 619 913 apud
649 862 903 912 posteriores.
1116 858 1122 864 '

477 1037 728 1093 ἠδαξήσατο
923 977 1038 1021 1016

311 1122 515 1176 ἑκνήσατο.
564 1124 789 1176 Hesychius
815 1127 857 1163 et
881 1123 1063 1163 Photius.
1113 1123 1163 1163 cf.
1190 1124 1273 1162 922
1301 1126 1343 1161 et
1362 1122 1568 1172 Aristoph.
1599 1123 1648 1162 fr.
1669 1123 1768 1162 410.

193 1183 376 1223 Menand.
401 1185 500 1224 409.

925 1239 1037 1282 1017

480 1286 841 1356 θερμερύνεσθαι

314 1385 459 1425 Pollux
499 1388 543 1436 6,
584 1388 666 1427 185
711 1385 754 1427 τὸ
791 1384 1111 1438 θερμερύνεσθαι
1148 1382 1249 1437 λέγει
1286 1380 1414 1436 μὲν-ἡ
1447 1383 1635 1439 κωμῳδία
1672 1386 1768 1423 πολ-

195 1444 352 1497 λαχόθι,
382 1443 467 1496 ἐμοὶ
501 1443 543 1484 δὲ
575 1445 650 1486 οὐκ
675 1443 841 1499 ἀρέσκει.
883 1444 1180 1497 θεμερύνεσθαι
1201 1444 1336 1484 Falek.
1368 1457 1414 1483 ac
1447 1444 1503 1483 sic
1536 1444 1620 1482 sine
1647 1443 1768 1483 dubio

196 1505 468 1550 scribendum:
510 1508 741 1558 θεμερῶπιν
784 1502 906 1544 αἰδῶ’
928 1505 1030 1544 dixit
1072 1505 1216 1544 Aeseh.
1262 1504 1392 1543 Prom.
1434 1505 1532 1542 134.
1595 1503 1768 1554 Hesycb.

195 1561 386 1617 θέμερον·
407 1563 561 1616 σεμνόν.
598 1561 674 1616 ἀφ’
697 1560 746 1605 οὗ
765 1563 831 1604 καὶ
843 1563 886 1604 τὸ
901 1564 1169 1616 σεμνύνεσθαι
1182 1562 1489 1615 θεμερύνεσθαι.
1508 1584 1558 1590 -
1576 1564 1624 1602 cf.
1644 1565 1768 1602 1038.

930 1681 1039 1724 1018

485 1740 769 1796 ἰαμβοφοὲγον

314 1825 383 1866 τὸν
420 1826 610 1866 πταίοντα
646 1824 839 1879 λέγουσιν.
895 1827 1065 1866 Bekker.
1103 1827 1251 1865 Anecd.
1287 1828 1389 1876 190,
1423 1828 1461 1866 9.
1518 1826 1638 1865 aliter
1672 1826 1768 1866 ibid.

201 1888 299 1937 265,
326 1889 394 1938 31,
420 1885 689 1940 ἰαμβοφάγος·
721 1886 915 1938 λοίδορος,
940 1883 1075 1937 ἐπειδὴ
1102 1885 1244 1938 ἴαμβος
1269 1883 1453 1939 ἔμμετρός
1479 1883 1557 1925 ἐστι
1581 1885 1769 1938 λοιδορία.

200 1943 221 1985 ὅ
252 1944 394 1999 φαγὼν
432 1939 507 1986 οὖν
543 1945 637 1994 τοὺς
675 1945 845 1998 ἰάμβους
875 1943 1071 1985 τουτέστιν
1105 1944 1149 1985 ἐν
1179 1947 1233 2002 τῷ
1265 1944 1422 1997 στόματι
1454 1943 1519 1984 διὰ
1551 1943 1624 1996 τὴν
1655 1948 1770 1995 φιλο-

199 2005 414 2059 λοιδορίαν.
469 2007 519 2045 cf.
550 2006 721 2046 Lobeck.
758 2006 905 2057 Phryn.
939 2007 1038 2046 643.
1100 2005 1273 2045 comicus
1306 2005 1439 2044 neseio
1472 2005 1562 2056 quis
1593 2007 1771 2045 actorem

200 2060 439 2120 (tragicum)
480 2066 640 2105 videtur
678 2065 851 2105 inridere
889 2066 1094 2105 trimetros
1131 2078 1254 2116 prave
1285 2065 1532 2105 recitantem.
1595 2063 1771 2117 ἰαμβειο-

200 2123 330 2178 φάγος
361 2128 424 2165 est
455 2125 662 2165 Demosth.
691 2127 756 2174 18,
787 2119 882 2165 139.

930 2218 1040 2259 1019

485 2277 719 2320 ίλλώπτειν

318 2349 362 2391 ἕν
393 2356 438 2406 τῇ
469 2351 658 2408 κωμῳδίᾳ
687 2350 730 2391 τὸ
760 2348 1038 2403 παραβλέπειν.
1079 2351 1222 2390 Pollux
1244 2352 1281 2401 2,
1303 2352 1369 2391 52.
1421 2350 1604 2390 ἰλλωπεῖν
1624 2350 1672 2389 A.
1722 2351 1772 2389 cf.

199 2408 466 2462 ἀμβλυωπεῖν,
497 2408 706 2459 ὀξυωπεῖν.
753 2410 1028 2467 κατιλλώπτειν
1059 2413 1121 2450 est
1139 2410 1306 2449 Philem.
1325 2412 1418 2450 124.
1469 2410 1622 2457 ἰλλίζειν
1647 2411 1772 2450 1009.

930 2527 1042 2569 1020

484 2586 759 2642 ἱπποκάμπια

318 2660 460 2699 Pollux
494 2662 533 2709 5,
566 2662 634 2701 97.
685 2662 735 2701 ef.
763 2663 859 2701 962.

926 2741 1036 2784 1021

487 2799 731 2856 ῖππόπορνε

316 2883 403 2926 ἀντὶ
442 2890 512 2925 τοῦ
550 2885 829 2940 μεγαλόπορνε.
885 2885 1072 2934 σπανίως.
1128 2885 1309 2925 Photius.
1363 2885 1511 2924 Athen.
1547 2886 1621 2936 13,
1658 2887 1771 2926 5650

197 2939 429 2999 (Διογένης)
467 2943 555 2984 τινὰ
593 2943 657 2985 ἐπὶ
696 2945 821 2986 ἵππου
860 2944 958 2986 ἰδὼν
974 2975 983 2985 .
1011 2976 1020 2985 .
1048 2976 1056 2985 .
1077 2942 1368 2998 μεμυρισμένον
1399 2942 1465 2984 καὶ
1496 2944 1649 2993 τούτοις
1680 2943 1772 2985 ἀκο-

1407 3010 1481 3047 37*
