2014 3334
236 252 324 294 370
344 306 349 311 ,
612 277 615 282 s
888 251 1178 287 ΑΘΗΝΙΩΝΟΣ

450 362 502 403 τὰ
535 361 765 416 σπλάγχνα
797 367 888 410 τοῖς
919 363 1097 402 θεοῖσιν
1129 359 1323 401 ὀπτῶσιν
1354 357 1490 413 φλογὶ

451 432 558 482 ἅλας
590 431 644 474 οὐ
675 431 990 487 προσάγοντες·
1031 429 1084 472 οὐ
1115 429 1200 484 γὰρ
1231 426 1345 482 ἦσαν
1377 428 1551 472 οὐδέπω

387 514 431 545 20
453 504 514 553 εἰς
544 503 625 557 τὴν
657 503 866 557 τοιαύτην
897 507 1055 558 χρῆσιν
1088 499 1380 557 ἐξευρημένοι.

451 575 509 624 ὡς
542 572 582 615 δ’
615 571 741 630 .ἥρεσ’
779 574 930 624 αὐτοῖς
961 573 1164 629 ὕστερον,
1196 571 1269 615 καὶ
1299 574 1404 622 τοὺς
1436 572 1543 622 ἅλας

451 646 758 700 προσάγουσιν
789 646 875 700 ἤδη
907 652 996 688 τῶν
1029 645 1160 700 ἱερῶν
1190 643 1506 700 γεγραμμένων

450 717 502 759 τὰ
537 718 698 772 πάτρια
731 718 1060 772 διατηροῦντες,
1092 715 1201 771 ἅπερ
1233 715 1339 770 ἡμῖν
1371 716 1484 770 μόνα

452 789 617 831 ἅπασιν
649 789 759 845 ἀρχὴ
792 787 948 842 γέγονε
980 793 1056 842 τῆς
1088 788 1318 842 σωτηρίας,

389 871 432 902 25
452 861 501 902 τὸ
534 863 930 917 προσφιλοτεχνεῖν
964 859 1037 900 διά
1067 873 1112 900 τε
1144 861 1233 899 τῶν
1264 857 1531 912 ἡδυσμάτων

453 930 523 974 ε’πὶ
556 935 710 974 πλεῖον
743 930 894 982 αὔξειν
926 930 1008 985 τὴν
1039 929 1300 985 μαγειρικὴν
1330 927 1500 984 τέχνην.

457 1006 503 1045 Β.
536 1004 688 1053 καινὸς
719 1003 931 1059 πάρεστιν
963 999 1117 1044 οὑτοσὶ
1150 1002 1448 1055 Παλαίφατος.

453 1078 505 1117 Α.
538 1075 645 1130 μετὰ
676 1080 812 1116 ταῦτα
843 1075 1056 1129 γαστρίον
1087 1087 1153 1122 τις
1185 1069 1532 1126 ὠνθυλευμένον

453 1148 691 1202 προϊόντος
723 1140 995 1200 εἰσηνέγκατ’
1031 1145 1116 1198 ἤδη
1148 1149 1229 1186 τοῦ
1259 1144 1444 1199 χρόνου·

385 1229 430 1260 30
450 1217 628 1274 ἐρίφιον
660 1216 914 1273 ἐτακέρωσε,
947 1220 1114 1273 πνικτῷ
1147 1214 1349 1269 διέλαβεν

454 1291 797 1347 περικομματίῳ,
831 1285 1103 1344 διεγίγγρασ’
1140 1286 1423 1341 ὑποκρούσας
1455 1288 1622 1340 γλυκεῖ,

455 1363 591 1417 ἰχθὺν
622 1361 1023 1418 παρεισεκύκλησεν
1055 1357 1152 1401 οὐδ’
1190 1357 1433 1413 ὁρώμενον,

455 1433 664 1488 λάχανον,
696 1432 887 1489 τάριχος,
919 1431 1219 1483 πουλύποδας,
1251 1430 1459 1485 χόνδρον,
1492 1427 1602 1483 μέλι.

456 1504 515 1554 ὡς
545 1506 660 1546 πολὺ
693 1501 742 1546 δὲ
775 1504 849 1545 διὰ
879 1504 956 1553 τὰς
986 1502 1154 1557 ἡδονὰς
1185 1500 1236 1551 ἃς
1266 1506 1352 1543 νῦν
1384 1498 1498 1554 λέγω

391 1587 434 1617 35
457 1571 597 1630 ἀπεῖχ’
634 1574 816 1624 ἕκαστος
846 1580 927 1616 τοῦ
959 1580 1120 1629 φαγεῖν
1153 1571 1208 1614 ἂν
1240 1573 1303 1613 ἔτι
1334 1576 1511 1627 νεκροῦ,

458 1646 609 1697 αὑτοῖς
641 1647 829 1696 ἅπαντες
859 1645 1015 1700 ἠξίουν
1047 1646 1196 1699 συζῆν,
1229 1645 1358 1699 ὄχλος

457 1716 697 1774 ἠθροίζετ’,
730 1713 936 1772 ἐγένονθ’
973 1717 1021 1759 αἰ
1048 1717 1211 1770 πόλεις,
1245 1714 1501 1770 οἰκούμεναι

459 1790 533 1832 διὰ
564 1790 646 1845 τὴν
677 1788 852 1845 τέχνην,
884 1789 991 1844 ὅπερ
1023 1785 1139 1843 εἶπα,
1169 1788 1251 1842 τὴν
1282 1786 1553 1842 μαγειρικήν.

458 1864 506 1903 Β.
540 1862 765 1918 ἄνθρωπε,
797 1868 938 1916 χαῖρε·
970 1858 1071 1916 περὶ
1102 1855 1202 1902 πόδ’
1239 1855 1280 1901 εἷ
1307 1863 1367 1914 τῷ
1401 1857 1602 1912 δεσπότῃ.

397 1944 442 1975 40
463 1937 515 1975 Α.
547 1927 843 1989 καταρχόμεθ’
879 1932 1003 1988 ἡμεῖς
1034 1932 1081 1974 οὗ
1108 1931 1324 1987 μάγειροι,
1357 1929 1545 1983 θύομεν,

459 2005 658 2055 σπονδὰς
687 2010 919 2059 ποιοῦμεν,
950 2009 1010 2061 τῷ
1044 1997 1230 2059 μάλιστα
1261 2003 1365 2051 τοὺς
1395 2001 1533 2049 θεοὺς

458 2076 564 2132 ἡμῖν
595 2076 838 2118 ὑπακούειν
865 2076 939 2118 διὰ
969 2076 1019 2117 τὸ
1050 2071 1182 2117 ταῦθ’
1219 2071 1452 2129 εὑρηκέναι

459 2148 512 2189 τὰ
543 2148 731 2203 μάλιστα
763 2148 1052 2189 συντείνοντα
1084 2146 1194 2200 πρὸς
1225 2144 1274 2186 τὸ
1308 2145 1384 2198 ζῆν
1415 2145 1570 2192 καλῶς.

460 2222 509 2261 Β.
543 2216 653 2275 ὑπὲρ
686 2218 910 2273 εὐσεβείας
943 2213 1026 2260 οὖν
1058 2214 1186 2272 ἀφεὶς
1216 2221 1382 2258 παῦσαι
1413 2213 1569 2269 λέγων,

396 2301 440 2333 45
460 2290 676 2346 ἥμαρτον·
721 2289 832 2332 ἀλλὰ
864 2290 998 2344 δεῦρο
1030 2289 1087 2330 σὺ
1119 2287 1340 2339 ξυνείσιθι

461 2361 573 2417 ἐμοί,
605 2362 658 2403 τά
688 2358 724 2402 τ’
762 2361 895 2403 ἔνδον
927 2359 1114 2415 εὐτρεπῆ
1146 2359 1263 2400 ποίει
1295 2357 1454 2411 λαβών.

367 2462 598 2500 Athenaeus
633 2462 699 2510 14,
733 2461 847 2498 ssssOe
892 2456 967 2498 οὐκ
1010 2455 1222 2503 ἀπεικότως
1265 2454 1331 2495 καὶ
1363 2452 1565 2506 Ἀθηνίων
1602 2452 1644 2493 ἐν
1684 2453 1819 2504 Σαμό-

247 2521 408 2576 θρᾳξιν,
449 2519 501 2567 ὥς
538 2531 662 2571 φησιν
697 2515 842 2570 Ἰόβας,
883 2517 1071 2570 μάγειρον
1103 2515 1246 2569 εἰσάγει
1277 2517 1595 2567 φυσιολογοῦντα
1633 2513 1698 2553 διὰ
1728 2513 1818 2552 τού-
1883 2540 1886 2543 »

248 2596 325 2619 των
357 2583 432 2619 κτλ.
494 2594 530 2619 v.
559 2582 613 2618 27
646 2577 782 2626 καινὸς
814 2576 948 2617 οὑτοσὶ
978 2576 1236 2627 Παλαίφατος
1267 2576 1508 2614 Eusbathius
1539 2575 1663 2624 1859,
1690 2575 1758 2613 45.
1866 2618 1868 2620 ,

369 2643 406 2679 2.
437 2635 757 2691 προενήνεχθ’
793 2633 857 2692 K]
891 2632 1193 2691 προσενήνεχθ”.
1263 2637 1301 2674 3.
1334 2635 1450 2674 scrib.
1482 2633 1589 2673 πάνυ
1621 2643 1681 2686 γε·
1722 2633 1818 2684 βαρ-

250 2699 400 2750 βάρου
432 2697 510 2737 καὶ
541 2697 772 2749 θηριώδους
807 2700 885 2737 κτλ.
969 2699 1034 2735 11.
1071 2695 1203 2742 θύσας
1234 2695 1265 2733 Ρ
1297 2693 1415 2746 mrg]
1457 2689 1571 2732 ἕθυὸ
1606 2693 1655 2731 A.
1705 2690 1819 2744 κρέας

253 2760 412 2798 Porson.
447 2759 570 2808 Toup.
595 2759 758 2797 Emend.
783 2771 846 2796 1111
877 2755 982 2806 474]
1015 2753 1109 2807 κρέα
1127 2755 1177 2792 A.
1253 2757 1318 2794 12.
1350 2751 1402 2800 ὡς
1428 2751 1614 2803 Casaub]
1648 2751 1741 2798 ἴσως
1770 2751 1817 2791 Α.

254 2820 318 2857 13.
351 2816 496 2864 αὑτοὺς
527 2818 574 2858 A.
626 2817 679 2857 εἰτ
717 2813 930 2870 (suprascr.
963 2810 1012 2869 θ)
1051 2813 1196 2861 αὐτοὺς
1228 2814 1268 2852 O.
1313 2812 1458 2859 αὑτοὺς
1495 2808 1546 2850 ἔτ’
1589 2810 1664 2851 οὐκ
1704 2811 1818 2849 Mein.

250 2877 480 2917 Ana1.Ath.
503 2879 600 2917 319.
666 2879 731 2916 16.
762 2875 1045 2917 iureBothiuS
1078 2874 1243 2913 offendit
1273 2873 1316 2912 in
1341 2872 1601 2912 similitudine
1635 2883 1819 2910 versuum

254 2938 305 2975 16
340 2939 380 2975 et
413 2938 478 2975 26.
531 2937 683 2975 scilicet
714 2939 805 2987 post
837 2949 872 2976 v.
902 2937 954 2975 15
987 2948 1059 2985 pro
1092 2946 1139 2973 ea
1164 2947 1284 2985 quam
1315 2935 1434 2983 poeta
1465 2931 1625 2982 scripsit
1656 2930 1818 2981 apodosi
