2014 3334
289 243 346 286 30
829 232 833 235 ’
921 245 1218 279 MENANAPOT

1042 355 1096 396 97

502 423 590 480 εἰμὶ
623 422 703 480 μὲν
736 425 955 481 ἄγροικος,
987 425 1146 476 καύτὸς
1178 425 1259 468 οὐκ
1290 426 1432 475 ἄλλως
1464 423 1564 480 ἐρῶ,

501 496 574 539 καὶ
605 504 693 539 τῶν
725 493 818 539 κατ’
854 498 964 539 ἄστυ
995 497 1264 552 πραγμάτων
1298 496 1351 538 οὐ
1382 499 1607 546 παντελῶς

503 570 719 624 ἔμπειρος,
752 567 775 610 ὁ
809 565 857 610 δὲ
888 570 1048 624 χρόνος
1079 569 1125 609 τί
1152 565 1195 623 μ’
1233 566 1399 610 εἰδέναι
1429 575 1550 611 ποιεῖ

500 638 648 682 πλέον.

409 726 532 765 Orion
563 727 873 777 Anbholognom.
910 728 946 773 1,
982 728 1033 765 19
1086 724 1128 764 ἐκ
1163 730 1234 765 τοῦ
1272 727 1469 778 Γεωργοῦ.
1531 723 1657 772 ἄλλως
1694 725 1855 765 Schnoi-
1897 768 1899 770 ,

294 785 453 835 ἀθνν11ι.]
487 783 614 832 ἄλλος.
646 784 737 837 ἐρῶ]
771 783 868 838 λέγω
901 785 1038 824 Cobet.
1071 786 1118 824 N.
1145 786 1169 823 l.
1199 787 1252 825 73
1287 785 1388 824 conl.
1419 786 1538 824 Rhes.
1573 788 1670 825 271.
1700 787 1856 824 utrum-

290 859 365 896 que
397 848 504 884 recte
537 845 614 884 dici
645 845 822 895 potuisse
857 846 1051 884 existimo.

503 1032 682 1086 βουβὼν
714 1031 886 1086 ἐπήρθη
917 1036 978 1088 τῷ
1009 1029 1200 1085 γέροντι,
1231 1029 1377 1086 θέρμα
1407 1046 1453 1073 τε

503 1101 714 1157 ἐπέλαβεν
746 1102 893 1144 αὐτόν.

411 1190 582 1228 Zonaras
618 1190 731 1229 1030
762 1187 892 1240 θέρμη
925 1187 992 1227 καὶ
1022 1186 1152 1240 θέρμοι
1182 1217 1191 1226 .
1214 1218 1223 1226 .
1243 1218 1252 1226 .
1284 1185 1526 1240 Μένανδρος
1556 1191 1633 1228 κτλ.
1682 1189 1857 1240 Etymol.

291 1264 340 1288 m.
376 1251 472 1299 206,
507 1250 558 1288 57
593 1246 836 1300 Μένανδρος
874 1247 922 1287 ἐν
958 1251 1016 1304 τῷ
1054 1250 1250 1302 Γεωργῷ
1292 1243 1379 1287 οἷον
1411 1246 1574 1300 βουβὼν
1608 1270 1660 1275 ——
1693 1246 1857 1302 γέροντι.

292 1310 429 1347 eadem
462 1321 536 1347 om.
580 1309 739 1347 fabulae
770 1309 928 1347 nomine
969 1308 1111 1347 Suidas
1149 1306 1324 1360 βουβών.
1385 1307 1600 1359 Phrynich.
1631 1309 1739 1359 Epit.
1773 1310 1854 1348 331

290 1366 437 1419 θέρμα·
469 1366 594 1414 οὕτως
627 1365 647 1406 ὁ
673 1365 929 1418 Μένανδρος,
963 1365 1028 1406 διὰ
1058 1372 1127 1406 τοῦ
1160 1370 1206 1417 ἆ,
1238 1363 1321 1406 ἀλλ’
1357 1364 1446 1406 οὔτε
1475 1367 1727 1418 Θουκυδίδης
1759 1364 1853 1407 οὔθ’

290 1424 315 1477 ’ἡ
342 1426 483 1479 ἀρχαία
501 1427 702 1481 κωμῳδία,
724 1424 812 1466 οὔτε
832 1426 1015 1477 Πλάτων,
1035 1424 1164 1478 θέρμη
1186 1424 1242 1477 δέ,
1267 1427 1339 1465 ubi
1364 1428 1411 1465 cf.
1439 1427 1610 1466 Lobeck.
1624 1449 1682 1454 -—
1702 1427 1857 1466 Aelian.

291 1487 364 1536 Ep.
393 1489 415 1525 2
450 1489 587 1536 φελλεῖ
613 1484 781 1536 ἐπέκοψε
812 1485 853 1525 τὸ
887 1484 1020 1532 σκέλος
1050 1486 1158 1525 πάνυ
1192 1486 1378 1537 ἰσχυρῶς,
1410 1484 1476 1524 καὶ
1506 1484 1636 1538 θέρμη
1669 1485 1857 1538 ἐπέλαβεν

291 1544 386 1584 αὐτὸ
412 1544 478 1584 καὶ
503 1543 664 1597 βουβὼν
691 1544 859 1598 ἐπήρθη.
904 1560 1004 1596 quae
1024 1549 1108 1585 tam
1134 1546 1347 1585 manifesto
1374 1559 1419 1584 ex
1446 1546 1664 1585 Menandro
1697 1550 1860 1596 arrepta

291 1608 386 1644 sunt
421 1607 469 1643 ut
501 1605 677 1644 dubitem
716 1619 768 1643 an
805 1606 927 1644 etiam
964 1606 1100 1655 priora
1136 1608 1278 1655 poetae
1317 1605 1397 1644 sint
1433 1605 1651 1644 reddenda:
1695 1606 1863 1656 φελλεῖ

286 1661 486 1715 ’πέκοψε
517 1662 564 1702 τὸ
597 1662 760 1711 σκέλος
787 1664 988 1716 ἰσχυρῶς
1013 1664 1155 1704 πάνυ·
1187 1662 1351 1716 βουβὼν
1378 1660 1413 1703 δ’
1437 1663 1495 1703 ἐπ.
1515 1667 1592 1703 κτλ.
1624 1665 1672 1704 de
1695 1665 1853 1704 nomine

291 1723 454 1774 φελλεύς
486 1724 648 1775 egregia
680 1727 741 1764 est
773 1725 991 1774 disputatio
1024 1724 1187 1775 Sauppii
1219 1724 1346 1774 Epist.
1378 1724 1464 1763 crit.
1498 1726 1551 1764 59
1569 1737 1625 1775 sq.

1045 1841 1100 1882 99

502 1907 559 1965 ἦν
591 1908 631 1953 δ’
669 1911 722 1953 οὐ
753 1912 947 1966 πονηρὸς
979 1907 1076 1954 οὐδ’
1112 1911 1311 1954 ἐδόκουν.

408 1997 580 2035 Bekker.
612 1997 759 2036 Anecd.
786 2000 909 2037 1380.
942 1972 1376 2037 οηωρι-.Αηθοᾱ.ὀκ.
1400 1998 1602 2048 1111363,
1630 1999 1685 2035 24
1718 1995 1855 2048 ἔχομεν

290 2054 362 2106 τὴν
393 2062 530 2108 χρῆσιν
562 2062 632 2095 τοῦ
651 2051 727 2108 (ἦν
760 2054 848 2110 ἐγώ’
883 2056 990 2110 παρὰ
1017 2054 1289 2110 Ἀριστοφάνει
1308 2087 1318 2096 .
1338 2086 1348 2096 .
1369 2087 1378 2095 .
1397 2055 1463 2096 καὶ
1493 2055 1600 2109 παρὰ
1625 2056 1855 2112 Μενάνδρῳ

292 2114 333 2153 ἐν
365 2117 417 2171 τῷ
448 2117 616 2172 Γεωργῷ
647 2119 724 2155 κτλ.
765 2118 812 2156 cf.
845 2129 946 2168 quae
978 2118 1028 2156 ad
1054 2118 1177 2157 Arist.
1206 2118 1278 2157 Av.
1313 2119 1366 2156 97
1400 2117 1691 2156 adnotavimus.

1029 2234 1113 2275 100

469 2301 832 2358 ἐμβεβρόντησαι;
868 2306 1059 2359 γελοῖον,
1092 2303 1140 2354 ὃς
1170 2306 1304 2360 κόρης
1334 2302 1573 2360 ἐλευθέρας

470 2374 533 2422 εἰς
564 2372 699 2428 ἔρωθ’
735 2374 854 2428 ἥκων
886 2381 1054 2432 σιωπᾷς
1085 2374 1158 2418 καὶ
1189 2376 1331 2430 μάτην
1361 2373 1675 2430 ποθουμένους

469 2450 678 2501 περιορᾷς
709 2446 877 2501 γάμους
908 2452 1089 2505 σεαυτῷ.

408 2530 606 2569 Maximus
643 2531 841 2571 Planudes
879 2534 1005 2572 Walz.
1037 2534 1153 2572 Rhet.
1186 2533 1222 2570 V
1254 2535 1338 2573 525
1392 2532 1500 2585 παρὰ
1536 2534 1589 2588 τῷ
1627 2530 1857 2587 Μενάνδρῳ

292 2586 334 2626 ἐν
360 2590 526 2644 Γεωργῷ
552 2592 628 2628 κτλ.
692 2593 728 2630 2.
761 2589 903 2644 ἕρωθ]
938 2589 1034 2632 ἕωθ’
1069 2593 1125 2632 Io.
1153 2593 1268 2632 Sicel.
1294 2593 1378 2632 cod.
1398 2592 1518 2631 Vind.
1550 2590 1632 2642 καὶ]
1666 2589 1719 2638 ὡς
1742 2571 1857 2630 81091.

290 2646 573 2698 ποθουμένους
594 2649 729 2701 Mein.]
763 2651 1022 2704 ποθουμένης
1042 2652 1169 2703 Sicel„
1202 2653 1359 2691 omissis
1384 2652 1562 2702 reliquis.
1592 2648 1859 2702 ποιουμένους

292 2707 425 2746 ceteri.
485 2707 760 2760 πονουμένους
790 2711 979 2763 Heringa.

1031 2792 1111 2834 101

412 2861 541 2900 Schol.
573 2863 778 2914 Aristoph.
813 2865 920 2904 Plut.
955 2867 1037 2905 652
1083 2863 1255 2916 ἀκριβῶς
1294 2863 1514 2915 δεδήλωκεν
1552 2863 1609 2903 ὅτι
1647 2861 1710 2902 ἐπὶ
1746 2866 1856 2919 κακῷ

292 2917 425 2972 ἔλεγον
458 2920 499 2959 οἵ
521 2916 731 2972 Ἀθηναῖοι
761 2922 806 2961 τὰ
837 2924 1064 2976 πράγματα,
1101 2922 1167 2962 καὶ
1197 2921 1439 2975 Μένανδρος
1470 2921 1512 2962 δὲ
1544 2921 1586 2962 ἐν
1606 2924 1774 2977 Γεωργῷ
1806 2921 1856 2962 ἐν
