2014 3334
288 206 374 247 192
610 254 613 259 s
930 206 1227 240 MENANAPOT

406 318 603 357 Stobaeus
635 317 772 355 Floril.
807 318 873 367 68,
909 319 961 356 25
996 317 1243 369 Μενάνδρου
1275 317 1324 356 Α.
1389 319 1423 356 1.
1456 316 1672 369 πενόμενος
1703 317 1855 369 Benfl]
1936 355 1940 358 .
2012 312 2014 314 ’

285 376 506 429 γενόμενος.

1033 457 1116 499 651

498 530 546 570 τὸ
580 535 751 583 γαμεῖν,
785 527 861 570 ε’άν
892 544 958 578 τις
989 528 1070 583 τὴν
1102 528 1318 583 ἀλήθειαν
1350 534 1506 584 σκοπῇ,

499 602 634 643 κακὸν
666 599 746 656 μέν
779 599 912 655 ἐστιν,
946 598 1040 642 ἀλλ’
1079 599 1320 654 ἀναγκαῖον
1351 602 1499 643 κακόν.

407 687 604 727 Stobaeus
638 687 774 726 Floril.
809 689 878 737 69,
913 688 967 725 10
998 686 1244 738 Μενάνδρου
1277 687 1324 726 A.

1033 802 1119 845 652

498 888 595 929 τότε
626 887 703 937 τὰς
733 893 946 941 γυναῖκας
978 884 1172 928 δεδιέναι
1204 886 1392 940 μάλιστα
1425 886 1506 939 δεῖ,

440 1008 443 1011 y
499 959 605 1000 ὅταν
637 974 678 999 τι
709 957 1033 1014 περιπλάττωσι
1063 963 1156 1006 τοῖς
1185 964 1392 1012 χρηστοῖς
1423 958 1582 1011 λόγοις.

405 1045 602 1084 Stobaeus
635 1044 770 1083 Floril.
795 1046 862 1093 73,
896 1045 950 1082 43
984 1043 1231 1095 Μενάνδρου
1258 1043 1303 1082 A.
1369 1045 1404 1082 2.
1437 1058 1472 1082 τι
1505 1044 1590 1082 add.
1624 1043 1854 1083 Salmasius.

283 1106 390 1144 idem
425 1102 677 1156 περιπέττωσι
715 1104 813 1142 conl.
848 1103 970 1142 Arist.
1010 1104 1115 1142 Plut.
1154 1105 1233 1142 159
1279 1100 1440 1153 ὀνόματι
1476 1101 1747 1155 περιπέττουσι
1782 1101 1855 1154 τὴν

286 1164 526 1216 μοχθηρίαν.
564 1163 967 1202 Lucian.Anacha1-s.
989 1165 1042 1202 19
1076 1160 1315 1214 περιπέττειν
1340 1161 1382 1202 τὸ
1413 1168 1573 1216 πρᾶγμα
1603 1166 1684 1210 τοῖς
1713 1162 1855 1215 λόγοις.

285 1225 388 1263 Plat.
409 1224 502 1275 Leg.
527 1225 592 1271 10,
615 1224 698 1262 886
715 1236 735 1262 e
767 1222 916 1275 λόγοισι
947 1251 957 1261 .
988 1252 997 1261 .
1031 1221 1086 1269 εἰς
1116 1220 1158 1261 τὸ
1189 1220 1366 1260 πιθανὸν
1397 1221 1723 1275 περιπεπεμμένα.
1754 1223 1854 1262 Xon.

285 1283 373 1322 Oec.
402 1287 436 1334 1,
457 1286 513 1322 20
545 1285 665 1321 λῦπαι
697 1280 774 1334 ἄρα
799 1277 902 1333 ἦσαν
927 1279 1092 1332 ἡδοναῖς
1117 1279 1458 1334 περιπεπεμμέναι.
1491 1281 1674 1323 ΟοῦθίιᾸΤ.
1693 1277 1737 1322 1.2
1761 1284 1855 1322 190.

1032 1399 1118 1441 653

501 1478 714 1525 οὐδέποθ’
751 1480 900 1537 ἑταίρα
933 1487 1012 1523 τοῦ
1043 1484 1187 1532 καλῶς
1217 1483 1528 1538 πεφρόντικεν,

497 1553 524 1607 ἢ
557 1554 606 1595 τὸ
638 1555 857 1607 κακόηθες
889 1553 1115 1607 πρόσοδον
1148 1557 1309 1595 εἴωθεν
1340 1560 1498 1595 ποιεῖν.

405 1641 598 1679 stobaeus
633 1640 767 1678 Floril.
805 1641 871 1689 73,
905 1640 959 1678 45
994 1638 1241 1692 Μενάνδρου
1267 1640 1317 1679 Α.
1382 1642 1419 1679 2.
1453 1636 1638 1679 ‘fortasse
1663 1631 1704 1694 {2⁹
1737 1639 1852 1678 Mein.

1029 1756 1118 1798 654

497 1827 524 1882 ἢ
556 1828 614 1883 μὴ
647 1834 804 1882 γαμεῖν
835 1827 933 1882 γάρ,
966 1826 1022 1869 ἂν
1055 1825 1094 1868 δ’
1131 1825 1243 1878 ἅπαξ
1276 1827 1426 1883 λάβῃς,
1459 1825 1614 1883 φέρειν

498 1899 698 1954 μύσαντα
730 1899 900 1953 πολλὴν
931 1906 1091 1955 προῖκα
1122 1897 1194 1940 καὶ
1226 1906 1415 1952 γυναῖκα
1449 1899 1527 1941 δεῖ.

404 1986 601 2024 Sbobaeus
637 1986 773 2025 Floril.
798 1987 864 2036 74,
885 1987 938 2025 27
973 1984 1220 2036 Μενάνδρου
1253 1986 1300 2024 A.
1351 1985 1537 2023 Palladas
1557 1985 1679 2024 Anth.
1702 1986 1740 2035 2,
1766 1986 1852 2024 409

285 2044 356 2097 χρή
377 2060 424 2096 με
445 2044 624 2096 μύσαντα
648 2043 795 2096 φέρειν.
837 2045 906 2096 qui
932 2045 993 2083 his
1020 2045 1270 2083 subiciuntur
1297 2044 1466 2083 sedecim
1491 2056 1631 2083 versus
1657 2057 1734 2083 non
1761 2045 1855 2083 sunt

284 2105 503 2143 Menandri.
565 2106 612 2143 cf.
644 2107 804 2155 praeter
835 2105 952 2143 Mein.
985 2104 1144 2151 Quaest.
1165 2104 1369 2143 Menandr.
1392 2105 1459 2143 20.
1495 2107 1514 2141 1
1550 2103 1702 2142 Nauck.
1735 2103 1853 2153 Trag.

284 2178 342 2215 gr.
375 2165 422 2202 fr.
456 2165 588 2214 adesp.
622 2166 719 2203 458.

1029 2243 1117 2286 655

500 2327 724 2382 ὀδυνηρόν
757 2325 877 2369 ἐστιν
909 2326 1182 2387 εὐτυχοῦντα
1213 2326 1272 2383 τῷ
1305 2327 1387 2383 βίῳ

497 2399 613 2453 ἔχειν
645 2399 809 2454 ἔρημον
842 2398 1054 2452 διαδόχου
1085 2397 1167 2452 τὴν
1200 2397 1356 2440 οἰκίαν.

404 2485 599 2524 Stobaeus
632 2485 767 2524 Floril.
803 2485 869 2534 75,
904 2485 927 2522 8
962 2483 1209 2535 Μενάνδρου
1241 2484 1290 2522 A.
1353 2480 1469 2524 ‘victu
1500 2478 1787 2523 abwndcmtem'.

1029 2599 1115 2643 656
1182 2629 1188 2632 -

498 2672 580 2714 οὐκ
611 2674 731 2714 ἔστιν
764 2670 899 2715 οὐδὲν
931 2671 1205 2727 ἀθλιώτερον
1237 2673 1414 2727 πατρός,

497 2744 613 2798 πλὴν
645 2742 792 2800 ἕτερος
823 2743 879 2785 ἂν
910 2738 938 2800 ᾗ
969 2745 1188 2786 πλειόνων
1219 2744 1393 2785 παίδων
1424 2744 1579 2799 πατήρ.

404 2831 599 2869 Stobaeus
631 2831 769 2869 Floril.
805 2833 877 2881 76,
914 2834 934 2869 1
990 2829 1235 2881 Μενάνδρου
1270 2830 1316 2868 Α.
1411 2832 1446 2868 2.
1492 2827 1619 2882 ἕτερος
1656 2825 1699 2875 ὃς
1736 2826 1787 2867 ἂν
1824 2819 1850 2884 ’ᾖ

286 2890 448 2929 Porson.
476 2891 601 2928 Arist.
637 2890 793 2929 Thesm.
826 2892 924 2930 450.
986 2891 1033 2929 cf.
1067 2891 1165 2929 509.
