2014 3334
290 243 376 284 624
620 238 623 242 ’
936 245 1197 278 ΑΔΕΣΠΟΤΑ

292 355 425 403 adesp.
456 353 557 403 136]
586 351 665 404 μετ’
695 352 828 405 αὐτῆς.
872 355 1010 394 comici
1037 358 1178 404 poessae
1205 368 1289 394 esse
1315 368 1406 394 oum
1432 356 1628 394 Meinekio
1647 356 1852 396 Nauekius

292 415 375 463 ipse
403 414 682 463 suspicabatur
706 414 829 452 Arist.
850 414 944 464 Byz.
971 416 1069 453 202.
1119 415 1225 465 quod
1244 417 1384 465 postea
1403 428 1493 453 cum
1513 413 1662 454 Cobeto
1681 415 1730 454 N.
1748 416 1775 454 l.
1794 417 1850 455 48

291 473 486 523 satyricae
518 474 678 512 fabulae
711 473 936 512 adscribere
967 474 1155 524 malebat,
1187 487 1308 512 causa
1338 476 1444 513 certe
1476 486 1560 512 esse
1591 487 1670 512 non
1694 477 1854 524 poterab

290 533 456 571 verbum
489 532 660 584 βαυβᾶν.
712 533 760 571 cf.
793 532 981 572 Canthar.
1009 535 1032 572 3
1061 528 1101 586 (1
1130 535 1211 572 765
1246 534 1326 572 hui.
1359 529 1449 586 ed.).

1016 673 1130 715 1296

1073 755 1192 805 ὅστις
1222 759 1298 809 τῆς
1329 754 1439 797 ὁδοῦ

573 825 787 880 ἡγήσεταί
814 837 885 868 σοι
916 827 996 882 τὴν
1028 825 1187 877 ἐπιτάξ.

408 913 673 963 Etymologic.
700 927 750 951 m.
772 915 869 962 365,
898 914 950 951 25
979 911 1110 960 ἐπιτάξ
1135 911 1242 965 παρὰ
1266 911 1501 968 Καλλιμάχῳ
1528 910 1721 964 ἐπίρρημα
1745 910 1852 964 παρὰ

290 971 356 1011 τὸν
387 970 553 1018 ἐπιτάξω
586 969 783 1022 μέλλοντα.
834 971 888 1019 εἰς
920 969 961 1010 δὲ
993 970 1034 1010 τὸ
1070 970 1277 1025 ῥητορικὸν
1314 970 1464 1019 λεξικὸν
1496 966 1614 1023 εὗρον
1645 970 1717 1022 τὴν
1747 969 1851 1019 λέξιν

289 1031 494 1082 σημαίνειν
520 1030 735 1082 συντόμως,
766 1036 946 1082 κωμικῶς
971 1034 1047 1070 κτλ.
1098 1031 1170 1083 οὐχ
1195 1029 1248 1078 ὥς
1274 1031 1316 1070 οἵ
1343 1029 1514 1084 τραγικοὶ
1539 1036 1709 1083 μακρῶς.
1758 1041 1852 1069 συν-

288 1090 427 1142 τόμως,
460 1086 565 1130 οἷον·
597 1089 699 1138 ὅστις
730 1113 776 1118 -
807 1087 996 1143 ἡγήσεταί
1017 1101 1089 1130 σου
1116 1092 1200 1130 cod.
1226 1090 1341 1130 Voss,
1391 1087 1505 1130 ‘haec
1530 1092 1719 1140 corrupta
1743 1092 1851 1130 sunt.

289 1151 464 1202 tragicos
490 1152 564 1190 hoc
591 1151 778 1190 adverbio
804 1164 897 1190 usos
924 1163 1009 1189 esse
1029 1164 1109 1190 non
1129 1151 1317 1190 credibile
1338 1146 1424 1189 est?
1469 1151 1587 1189 Mein.
1631 1147 1703 1200 τὴν
1725 1148 1853 1188 ’ὑπανέ

288 1209 356 1257 τάξ
396 1210 533 1249 Oobeb.
570 1210 618 1248 N.
649 1211 676 1249 1.
705 1213 800 1250 176.
864 1211 913 1249 cf.
945 1211 1149 1260 Aristaoph.
1182 1211 1229 1250 fr.
1261 1212 1358 1249 616.
1421 1209 1464 1249 οἷ
1495 1209 1664 1262 τεχνικοί
1698 1217 1774 1259 'pro
1815 1208 1857 1248 οἷ

288 1269 467 1322 τραγικοί
494 1269 658 1308 Preller.
690 1270 779 1309 adn.
811 1283 883 1309 ms.
914 1270 956 1308 in
987 1270 1045 1309 ed.
1080 1270 1197 1309 Mein.

1015 1398 1127 1440 1297

573 1482 830 1536 βαδίζουσιν
863 1481 911 1523 αἱ
939 1482 1092 1536 σηπίαι
1123 1481 1232 1523 κατὰ
1265 1480 1381 1534 ζυγά.

406 1568 646 1606 Eustathius
685 1570 788 1619 946,
827 1569 881 1607 56
926 1566 994 1606 τὸν
1038 1566 1176 1619 ζυγόν,
1219 1561 1341 1617 οὗπερ
1385 1563 1590 1616 οὐδέτερον
1633 1564 1674 1604 τὸ
1719 1564 1850 1619 ζυγόν,

287 1624 340 1674 ὥς
384 1627 507 1678 δῆλον
551 1625 625 1666 σὺν
669 1625 800 1674 ἅλλοις
843 1625 909 1665 καὶ
952 1625 993 1665 ἐκ
1036 1632 1106 1666 τοῦ
1137 1629 1214 1665 κτλ.
1277 1639 1377 1676 quae
1416 1627 1585 1664 fortasse
1624 1638 1671 1663 ex
1703 1625 1852 1664 comica

287 1687 390 1725 lauti
434 1687 605 1726 convivii
656 1687 921 1737 descriptione
971 1688 1158 1736 excerpta
1204 1689 1315 1736 sunt,
1360 1698 1601 1736 quamquam
1653 1685 1848 1735 quomodo

287 1748 460 1785 metarum
492 1747 786 1785 restituendum
817 1747 871 1785 sit
902 1746 1079 1785 dubitari
1111 1747 1254 1796 potest.

574 1992 581 1999 .
615 1992 622 1999 .
656 1957 900 2000 ἀκολουθεῖ
926 1961 986 2014 τῷ
1018 1958 1165 2014 τρόπῳ
1197 1957 1250 1998 τὰ
1280 1962 1368 1998 τῶν
1402 1957 1558 2010 λόγων.

406 2044 606 2082 Aristides
631 2044 649 2081 Ι
677 2045 760 2083 457
788 2039 1089 2098 Βὶηᾶ.ηέπεξῄει
1108 2074 1117 2082 .
1144 2073 1152 2081 .
1183 2041 1316 2094 ,ῥῆμά
1347 2056 1471 2093 τινος,
1508 2040 1630 2094 λέγων
1668 2041 1726 2080 ὅτι
1755 2040 1849 2082 ἀκο-

286 2103 457 2154 λουθοίη
494 2105 547 2158 τῷ
578 2117 632 2155 τρ.
664 2101 730 2142 καὶ
767 2102 813 2142 τὰ
843 2109 921 2142 τῶν
946 2106 979 2142 λ.
1008 2123 1056 2129 -—
1086 2115 1166 2141 non
1197 2115 1355 2141 necesse
1387 2105 1448 2141 est
1473 2116 1493 2140 e
1519 2101 1722 2141 comoedia
1751 2103 1848 2140 haec

286 2164 424 2213 repeti.

1013 2231 1124 2273 1299

572 2349 580 2357 .
614 2349 621 2357 .
655 2315 739 2370 ἐγὼ
771 2314 974 2369 μάγειρος
1005 2313 1178 2369 ἀρτύσω
1211 2319 1372 2368 σοφῶς.

405 2403 635 2441 Athenaeus
662 2403 707 2452 2,
734 2403 801 2440 67.
835 2403 859 2440 8
892 2399 933 2439 τὸ
972 2399 1077 2451 ῥῆμα
1114 2395 1309 2453 (ἀρτύειν)
1345 2401 1467 2438 κεῖται
1503 2397 1610 2450 παρὰ
1646 2401 1854 2449 Σοφοκλεῖ

287 2456 354 2514 (fr.
379 2463 491 2500 1014
512 2456 580 2514 N.)
600 2463 678 2499 κτλ.
727 2462 770 2499 ab
788 2460 928 2499 comici
947 2460 1082 2510 potius
1100 2459 1288 2499 videns-,ur
1307 2471 1409 2509 esse3
1435 2458 1598 2508 Sophilo
1617 2458 1847 2498 tribuerunt

285 2520 576 2570 Valckenarius
607 2522 648 2559 et
678 2519 899 2559 Meinekius
924 2519 986 2558 III
1012 2521 1109 2559 584.

1011 2636 1124 2678 1300

569 2752 580 2764 .
611 2752 621 2762 .
652 2715 752 2775 μάλ’
787 2719 936 2774 ἥσθην
967 2712 1065 2761 οἷον
1097 2716 1388 2760 οὐδεπώποτε.

404 2807 668 2860 Etymologic.
694 2820 746 2844 m.
771 2805 919 2843 Milleri
945 2800 1167 2859 (Melanges
1194 2799 1270 2855 47)
1300 2802 1399 2854 ἥὸω,
1430 2799 1502 2852 ἀφ’
1532 2797 1580 2842 οὗ
1604 2800 1671 2841 καὶ
1693 2800 1843 2853 ἥσθην,

285 2860 372 2904 οἷον
406 2868 483 2905 κτλ.
533 2864 784 2905 οὐδεπώποτε
819 2863 883 2914 K]
925 2861 1123 2904 οὐδέποτε.
1185 2863 1324 2901 comici
1368 2863 1490 2903 verba
1530 2862 1610 2901 sint
1649 2875 1701 2900 an
1739 2862 1843 2900 alius

284 2925 449 2966 dubium
480 2928 552 2965 est.
