2014 3334
1249 159 1256 180 d
1269 174 1273 177 .

700 245 1046 280 SUPBLEMENTA
1071 245 1180 283 VOL.
1206 247 1224 280 1
1658 245 1744 289 715

286 359 354 410 69,
381 352 458 397 4’
468 355 658 411 γκεράσαι
700 357 805 397 Ellis
844 357 978 398 Amor.
1016 357 1158 398 Journ.
1191 357 1249 397 VI
1290 360 1356 399 10.
1400 358 1449 397 (10
1495 359 1656 410 syntaxi
1696 360 1746 400 cf.

163 417 287 459 etiam
318 388 458 468 Illurip.
491 415 598 468 cycl.
633 418 732 458 240.

285 479 354 519 79.
384 476 509 518 verba
539 473 683 529 ἄνδρες
712 498 763 504 -
791 479 919 534 καινῷ
950 477 1095 517 01011113
1127 491 1208 518 1100
1240 490 1362 519 versu
1392 478 1692 520 continuantur.

285 538 362 589 80,
401 538 426 578 3
470 534 750 588 ιαῖιμπλήμενος
791 539 885 577 ante
922 537 1238 577 Herwerdenum
1273 538 1322 578 A.
1354 538 1508 578 Nauck.
1541 539 1746 591 Melanges

164 596 226 637 111
259 598 328 638 55.
355 598 394 637 6.
425 618 483 624 -
516 597 556 637 4.
586 594 847 651 κάμπέπρησο
880 596 1038 637 Kaibel.

283 658 337 698 92
371 650 438 704 803’
468 653 730 708 ἆμαμηλίδων
754 658 820 698 vel
846 654 924 705 οζει
949 659 1118 709 μηλεῶν.
1169 658 1210 696 Β.
1237 655 1365 708 μάλλὰ
1389 660 1447 711 γλ.
1479 658 1583 698 Ellis
1608 658 1745 699 Amor.

165 717 307 757 Journ.
326 716 396 755 'VI
433 719 500 757 11.

284 778 353 826 95,
378 778 414 816 1.
457 775 578 817 sola
563 776 656 816 0'wv
677 775 752 833 ὅτῳ
773 775 874 817 ὅτων
894 775 998 825 ότοις
1016 778 1146 828 poetis
1166 777 1318 817 Atticis
1338 777 1521 817 concedit
1538 777 1747 818 Nauckius

165 837 373 889 Melanges
405 837 442 875 V
475 838 572 876 223.

286 897 389 946 108,
429 898 453 937 6
505 895 765 948 καύτομάτοις
812 896 969 937 Kaibel.
1054 898 1122 937 26.
1169 910 1260 936 cum
1303 896 1504 936 Meinekio
1548 898 1749 937 consentit

167 957 220 996 M.
250 956 456 1007 Hauptius
489 954 636 1008 Opusc.
663 956 704 995 II
734 958 815 997 157
851 957 1046 1007 exemplis
1078 957 1128 996 ab
1160 956 1231 996 illo
1264 956 1458 996 conlectis
1490 957 1640 997 addens
1663 958 1747 996 An-

165 1017 264 1056 thol.
297 1015 427 1055 Palat.
460 1016 518 1055 XI
551 1017 638 1056 388
671 1015 801 1056 πάντα
833 1016 949 1057 δοκεῖ
974 1027 1036 1056 σοι
1063 1015 1070 1065 Ι
1098 1014 1140 1056 ἐν
1166 1018 1219 1071 τῷ
1246 1017 1318 1068 ζῆν
1344 1011 1447 1056 εἶναι
1472 1021 1550 1056 τῶν
1578 1014 1748 1070 ἀγαθῶν

165 1074 312 1129 ἀγαθά.
343 1070 348 1130 Ι
376 1070 457 1115 εἷθ’
493 1074 587 1115 ὅταν
614 1074 772 1132 εἰσέλθῃ
798 1075 959 1129 γαμετή,
989 1075 1110 1115 πάλιν
1136 1074 1241 1116 εὐθὺ
1268 1076 1384 1116 δοκεῖ
1402 1087 1463 1116 σοι
1493 1076 1498 1126 Ι
1527 1074 1570 1116 ἐν
1595 1078 1648 1133 τῷ
1675 1077 1748 1129 ζῆν

167 1131 270 1176 εἶναι
293 1135 424 1175 πάντα
454 1141 590 1175 κακῶν
621 1134 668 1175 τὰ
698 1135 812 1176 κακά
867 1133 981 1186 quae
1004 1137 1112 1176 mala
1136 1139 1227 1176 sumt
1256 1138 1358 1176 inter
1387 1138 1478 1186 ipsa
1501 1138 1610 1176 mala
1623 1118 1767 1186 atque

165 1198 223 1236 ita
253 1198 435 1241 eminent,
473 1199 518 1235 ut
539 1198 754 1246 praecipue
786 1199 820 1236 et
848 1198 1011 1246 proprie
1041 1197 1150 1236 mala
1180 1197 1344 1236 dicenda
1377 1191 1481 1236 sint?
1545 1197 1593 1235 de
1624 1196 1747 1236 inter-

164 1256 391 1308 pretatione
415 1269 497 1295 non
523 1256 676 1307 dubito,
703 1251 751 1296 de
778 1256 941 1307 syntaxi
965 1256 1074 1307 apud
1096 1254 1245 1296 Atticos
1268 1258 1410 1307 poetas
1437 1255 1567 1295 adhuc
1593 1256 1746 1297 dubito.

288 1317 385 1355 116.
436 1318 482 1355 ut
519 1315 654 1368 Etym.
687 1330 738 1355 m.
777 1316 899 1356 etiam
931 1316 1025 1355 Aldi
1059 1316 1304 1355 Thesaurus.
1360 1316 1410 1355 cf.
1443 1315 1488 1355 O.
1521 1315 1746 1356 Kaehlerus
1821 1335 1829 1341 “

167 1375 304 1416 Herm.
335 1375 431 1414 XXI
465 1377 563 1416 632.

288 1437 384 1476 122.
428 1436 578 1476 nodum
610 1436 652 1475 in
684 1435 814 1487 scirpo
841 1435 1001 1486 quaerit
1019 1435 1314 1476 Herwerdenus
1334 1436 1480 1475 Mnem.
1498 1448 1537 1475 0.
1557 1436 1592 1474 X
1615 1438 1680 1476 71.
1705 1438 1742 1476 2.

166 1493 372 1547 μέλλομεν,
403 1495 429 1535 1.
456 1509 488 1536 0.
520 1508 594 1535 nos
628 1498 668 1535 et
698 1508 781 1536 vos.

283 1556 429 1595 Persas
470 1555 639 1595 eandem
682 1556 865 1595 fabulam
903 1568 993 1595 cum
1034 1555 1168 1606 priore
1215 1555 1331 1594 Pluto
1373 1554 1659 1606 Aristophanis
1703 1558 1745 1596 et

165 1628 376 1666 perperam
418 1628 442 1654 a
478 1616 678 1666 plerisque
725 1615 973 1664 Pherecrati,
1020 1617 1127 1655 recte
1170 1614 1437 1666 Aristophani
1480 1615 1524 1654 in
1568 1614 1743 1656 Cramer.

166 1675 315 1715 Anecd.
346 1675 367 1714 I
399 1676 483 1714 277
518 1675 771 1725 adsignatam
803 1687 889 1714 esse
922 1675 1152 1726 suspicatur
1185 1687 1408 1726 anonymus
1440 1675 1612 1716 Literar.
1645 1675 1744 1715 Cen-

132 1730 135 1733 *
166 1735 303 1774 tralbl.
339 1736 464 1786 1881,
499 1735 596 1774 962.
639 1748 720 1774 non
751 1735 880 1774 credo.

289 1795 386 1846 130,
422 1796 475 1834 10
508 1791 693 1834 ἁπαλοῖσι
724 1794 900 1834 Dobraei
932 1796 1005 1846 est,
1037 1807 1117 1834 non
1147 1807 1238 1833 mea
1270 1794 1506 1834 emendatio.

290 1856 385 1894 134.
425 1854 636 1905 quaerenti
673 1854 778 1893 unde
818 1854 975 1894 venerit
1012 1855 1117 1893 alter
1152 1867 1234 1894 non
1271 1856 1478 1906 accurate,
1510 1855 1580 1894 sed
1610 1854 1670 1895 ita
1703 1858 1749 1895 ut

168 1927 286 1964 saepe
317 1913 364 1954 fit
395 1927 474 1965 quo
507 1914 723 1954 contendat
754 1914 970 1965 respondet
1001 1908 1162 1968 (contra
1193 1913 1399 1953 Herwerd.
1435 1913 1520 1967 72).
1758 1946 1762 1950 .

289 1975 385 2026 143,
418 1975 456 2013 5.
496 1973 731 2027 γαστροίὸης
771 1973 1037 2025 compositum
1077 1976 1139 2014 est
1179 1987 1226 2013 ex
1267 1972 1415 2028 γαστήρ
1451 1976 1491 2013 et
1523 1973 1668 2025 οἰδεῖν,
1699 1977 1747 2014 ut

168 2033 345 2085 πεοίδης,
376 2031 611 2085 χελυνοίδης
641 2034 693 2073 al.
726 2035 773 2073 cf.
806 2034 941 2084 adesp.
976 2036 1102 2073 1111.

290 2094 387 2134 145.
431 2094 481 2133 cf.
519 2093 642 2133 etiam
681 2106 784 2145 quae
816 2093 1096 2133 Volkmannus
1133 2093 1176 2132 111
1214 2093 1276 2132 ed.
1307 2093 1516 2132 Plutarchi
1548 2093 1607 2132 De
1645 2107 1747 2133 mus·

168 2167 206 2204 p.
229 2155 460 2193 123—125
494 2153 739 2193 Meinekium
769 2154 854 2193 fere·
885 2155 1045 2193 secutus
1079 2154 1126 2193 de
1157 2153 1232 2192 hoc
1258 2153 1485 2204 fragmento
1510 2153 1746 2204 disputavit.

169 2227 204 2254 v.
240 2214 294 2253 16
334 2211 377 2253 ἐν
414 2210 529 2252 ἐννέα
567 2213 821 2253 scribendum
859 2215 995 2253 censet
1032 2225 1123 2252 cum
1154 2212 1317 2252 Ulricio.
1368 2212 1410 2252 in
1439 2226 1477 2253 v.
1511 2215 1564 2252 22
1599 2213 1745 2252 consti-

173 2273 320 2312 tuendo
345 2286 557 2324 perperam
583 2273 728 2312 Bothio
755 2273 1062 2323 obtemperavit.
1089 2293 1143 2300 -
1169 2285 1412 2324 magnopere
1444 2286 1507 2312 me
1539 2273 1748 2323 vituperat

171 2332 463 2372 Herwerdenus
495 2333 641 2372 Mnem.
672 2346 711 2372 n.
742 2333 863 2372 XIIII
897 2334 979 2372 163
1014 2333 1119 2384 quod
1160 2332 1210 2372 ad
1240 2346 1276 2372 v.
1311 2334 1365 2372 25
1398 2345 1478 2372 non
1509 2345 1747 2372 commemo-

149 2393 347 2449 yaverim
379 2393 696 2432 emendationem
716 2393 905 2432 Meinekii
928 2386 1119 2446 (ἕνδεκα).
1181 2405 1295 2431 suam
1326 2392 1463 2443 potius
1494 2392 1579 2442 ipse
1611 2394 1745 2444 negle-

174 2452 352 2504 gentiam
382 2452 530 2504 pmdit,
562 2452 760 2503 siquidem
792 2453 899 2503 quod
924 2452 1127 2491 desiderat
1158 2465 1230 2491 suo
1262 2452 1349 2491 loco
1378 2454 1566 2491 enotatur
1592 2466 1629 2502 p.
1662 2454 1744 2492 189

174 2525 284 2551 meae
315 2512 376 2551 ed.

299 2573 394 2622 146,
427 2574 450 2611 7
490 2569 557 2611 καὶ
588 2563 678 2612 add.
708 2572 856 2624 Bergk.
905 2574 1039 2612 totum
1069 2584 1231 2611 versum
1269 2583 1359 2610 cum
1391 2571 1449 2610 eis
1488 2571 1556 2622 qui
1587 2584 1746 2622 praece-

177 2631 279 2670 dunt
310 2631 516 2671 coniunxit
546 2631 596 2672 H.
615 2632 751 2672 Iacobi
770 2632 805 2670 V
827 2645 922 2672 LVII.
980 2632 1027 2671 cf.
1053 2631 1184 2671 Lexic.
1201 2630 1370 2671 Vindob.
1394 2632 1490 2682 109,
1513 2632 1566 2671 13
1591 2631 1746 2670 Nauck.

176 2692 218 2730 et
249 2691 427 2730 eiusdem
460 2691 665 2743 Melanges
699 2692 734 2729 V
769 2693 865 2731 224.

298 2752 395 2801 147,
428 2753 467 2790 2.
497 2750 626 2790 αἰτίαν
657 2749 758 2803 ἔχειν
790 2752 846 2804 310
879 2751 1002 2790 etiam
1032 2751 1189 2790 Alexid.
1224 2751 1290 2799 20,
1325 2752 1363 2790 3.

300 2812 394 2850 148.
426 2812 525 2850 extr.
557 2811 646 2850 add.
679 2811 819 2861 Eupol.
853 2812 951 2851 253.

298 2871 392 2910 153.
424 2870 467 2908 10
498 2870 587 2910 adn.
613 2870 688 2909 del.
717 2871 837 2910 verba
863 2866 946 2910 ‘11.
977 2872 1030 2909 12
1063 2869 1229 2909 Hesiodi
1261 2869 1333 2920 Op.
1364 2871 1461 2909 722.
1488 2865 1542 2910 3?

300 2931 394 2969 160.
427 2928 468 2968 G.
500 2929 680 2969 Mueller.
713 2929 857 2982 Geogr.
888 2930 982 2970 min.
1015 2929 1034 2968 I
1070 2931 1151 2970 105
1180 2943 1211 2969 0.
1239 2931 1307 2969 25.
