2014 3334
249 242 307 284 90
806 229 810 232 ’
882 241 1180 276 ΜΕΝΑΝΔΡΟΤ

246 354 295 392 fr.
318 354 400 392 315
421 353 621 402 pertinere
643 352 929 391 existimarent.
991 352 1060 392 sed
1084 353 1126 391 in
1153 353 1291 391 eadem
1315 352 1455 391 fabula
1477 365 1569 392 orae
1589 352 1812 393 Leucadiae
1867 362 1870 364 ’

246 414 287 452 et
317 411 516 462 proverbii
547 406 685 465 (λευκὴ
711 407 856 464 ἡμέρα)
889 412 1131 451 mentionem
1161 412 1247 450 fieri
1278 424 1350 450 cur
1380 412 1613 451 incredibile
1646 412 1699 451 sit
1733 425 1813 452 non

244 472 371 522 video,
396 484 485 510 cum
505 470 743 521 praesertim
762 471 1008 522 Hesychium
1025 472 1239 522 proverbia
1265 471 1495 522 saepissime
1520 472 1632 511 nullo
1656 472 1812 511 adiecto

245 531 472 570 testimonio
505 543 811 569 commemorare
844 532 1010 570 constet.
1070 531 1280 569 Bentleius
1311 531 1359 570 fr.
1393 532 1476 570 312
1518 533 1559 570 et
1591 533 1675 571 313
1723 544 1814 570 con-

246 591 390 629 iunctis
421 591 522 629 hanc
554 590 714 629 subesse
747 590 987 629 sententiam
1020 590 1308 629 arbitrabatur:
1344 586 1463 630 ‘unde
1488 590 1620 640 prima
1652 590 1813 641 Sappho

247 662 287 689 se
324 650 606 700 praecipitavit
642 651 683 688 et
719 649 851 699 periit.
913 649 982 688 sed
1019 643 1153 703 (ἀλλά)
1191 649 1289 700 quid
1325 649 1462 688 tristia
1499 650 1571 689 illa
1601 650 1815 690 recenseo?

245 709 378 760 potius
410 710 512 748 bona
545 711 585 748 et
616 709 750 747 fausta
780 709 904 748 verba
935 708 1119 747 dicantur
1149 709 1191 747 in
1221 710 1292 748 tuo
1324 705 1502 759 templo'.
1557 709 1692 761 itaque
1724 705 1810 748 κατ’

246 767 366 820 εὐχήν
402 769 563 808 videtur
599 768 888 819 interpretatus
934 780 1021 807 esse
1059 764 1181 807 ‘inter
1217 764 1517 818 precationem'.
1586 771 1628 808 at
1665 781 1813 821 nequa-

247 842 366 879 quam
396 829 505 879 haec,
536 841 779 878 quamquam
805 841 850 866 ex
880 827 1019 866 eodem
1051 827 1224 867 carmine
1257 829 1444 878 excerpta
1476 830 1581 877 sunt,
1611 830 1697 867 tam
1727 830 1816 868 arte

247 901 337 927 cum
356 888 626 938 superioribus
647 889 878 926 cohaerent:
900 888 968 926 sed
987 887 1095 926 haud
1113 887 1232 938 pauci
1251 899 1392 927 versus
1411 887 1598 926 videntur
1616 887 1817 927 interiecti

246 948 382 987 fuisse.
414 949 460 987 fr.
482 950 565 987 313
593 949 729 986 autem
748 947 931 986 clausula
951 950 1037 986 erat
1057 946 1214 986 cantici.
1271 949 1309 986 2.
1337 944 1425 999 πέρι
1443 945 1696 998 Bernhardy]
1716 945 1816 1000 περὶ.

993 1074 1081 1116 314

529 1158 713 1212 πάφωνε
745 1157 898 1214 οὐρεία
929 1156 1059 1213 χέλυς

363 1245 532 1283 Bekker.
570 1243 719 1283 Anecd.
761 1246 871 1283 1431
915 1239 982 1298 (ex
1015 1239 1228 1297 Choerob.)
1274 1242 1385 1295 χέλυς
1428 1242 1573 1296 χέλυος.
1636 1244 1819 1296 σημαίνει

246 1302 287 1343 δὲ
307 1302 377 1354 τὴν
402 1303 575 1355 κιθάραν
595 1306 671 1342 κτλ.
721 1301 964 1356 Μένανδρος
990 1302 1032 1343 ἐν
1052 1303 1272 1359 Λευκαδίᾳ.
1323 1304 1462 1355 Eurip.
1482 1304 1570 1344 Alc.
1591 1305 1675 1344 446
1688 1305 1690 1307 ’
1703 1302 1817 1344 ἑπτά-

245 1378 362 1403 τονον
394 1361 524 1415 ὀρείαν
556 1361 683 1415 χέλυν.
733 1363 851 1402 Herc.
877 1364 953 1403 fur.
983 1365 1066 1403 683
1100 1361 1236 1416 χέλυος
1267 1361 1480 1404 ἑπτατόνου
1511 1363 1682 1415 μολπάν,
1711 1364 1818 1404 unde

246 1421 453 1474 ἕπτάφωνε
491 1423 662 1462 Lobeck.
725 1421 860 1476 οὐρεία
891 1423 1100 1463 Menandri
1144 1436 1230 1463 esse
1268 1436 1348 1463 non
1385 1425 1537 1476 potest,
1575 1437 1819 1475 quamquam

247 1483 409 1522 testudo
448 1480 554 1536 ὀρεία
593 1480 703 1535 χέλυς
740 1483 840 1522 bene
879 1483 1038 1523 dicitur.
1100 1480 1206 1534 ὄρεσι
1244 1481 1399 1531 ζώουσα
1429 1483 1578 1535 Hymn.
1609 1483 1728 1523 Mero.
1761 1485 1816 1524 33

207 1587 211 1588 ⁷
247 1538 317 1596 (cf.
345 1544 400 1581 24
415 1538 503 1596 sq.).
547 1543 718 1582 fortasse
743 1540 977 1594 ἓπτάφωνος
994 1539 1194 1596 Ἑρμαία
1219 1540 1344 1596 χέλυς,
1376 1557 1402 1583 a
1421 1544 1619 1583 Mercurio
1649 1545 1817 1584 inventa.

250 1603 390 1642 Horat.
423 1602 464 1642 O.
499 1604 536 1652 1,
572 1604 637 1652 10,
671 1604 708 1642 6.
742 1605 780 1655 3,
816 1605 882 1654 11,
916 1605 954 1643 1.
986 1605 1024 1643 3.

991 1719 1079 1763 315

366 1805 567 1877 Zenobiuse
591 1807 715 1853 6,13
748 1803 992 1858 Μένανδρος
1024 1804 1067 1846 δέ
1099 1817 1223 1857 φησιν
1253 1804 1298 1846 ἐν
1328 1806 1540 1862 Λευκαδίῳ
1566 1801 1813 1861 (Λευκαδία)

248 1863 321 1915 τὴν
352 1862 513 1917 ἀγαθὴν
544 1861 727 1917 ἡμέραν
759 1864 934 1916 λευκὴν
965 1869 1184 1905 καλεῖσθαι.
1240 1867 1289 1905 cf.
1308 1866 1452 1917 Eupol.
1474 1867 1570 1905 174.
1602 1866 1710 1905 Plut.
1729 1866 1816 1905 Per.

247 1926 300 1963 27
335 1938 425 1963 cum
465 1924 555 1963 adn.
587 1925 736 1964 Sinten.
786 1925 933 1964 Macar.
967 1927 1005 1976 5,
1039 1928 1108 1965 51.
1157 1926 1338 1977 Append.
1369 1939 1480 1976 prov.
1513 1928 1551 1976 3,
1585 1927 1652 1965 60.
1702 1925 1817 1965 Phot.

248 1984 357 2023 Suid.
389 1984 562 2034 Hesych.
594 1984 765 2023 Bekker.
797 1984 948 2024 Anecd.
984 1957 1085 2035 106,
1118 1987 1172 2025 33
1207 1981 1348 2038 (Soph.
1380 1986 1428 2024 fr.
1462 1987 1486 2025 5
1518 1979 1602 2039 N.).
1663 1986 1820 2025 candida

247 2045 346 2082 soles
377 2043 522 2082 Catull.
556 2045 593 2094 8,
628 2046 651 2083 3
688 2039 808 2098 (Ellis
840 2046 980 2085 Journ.
1012 2045 1155 2085 Philol.
1188 2045 1223 2083 X
1258 2040 1343 2099 19).

995 2161 1081 2204 316

532 2218 727 2274 ὀνόματα

363 2304 633 2356 Olympiodor.
652 2306 820 2346 Aristot
835 2307 973 2358 Oateg.
996 2310 1035 2355 2,
1058 2309 1082 2345 2
1103 2307 1187 2346 cod.
1206 2307 1349 2346 Mutin.
1372 2309 1424 2346 69
1462 2305 1590 2345 διττὸν
1609 2304 1651 2346 τὸ
1672 2304 1816 2357 ὄνομα·

245 2363 286 2402 τὸ
324 2362 395 2414 μὲν
431 2363 642 2415 πτωτικόν,
679 2362 701 2404 ὁ
732 2364 798 2404 καὶ
828 2380 909 2413 τοις
939 2370 1220 2419 γραμματικοῖς
1250 2365 1345 2414 ε’θος
1375 2369 1510 2406 καλεῖν
1542 2365 1666 2415 ουτω,
1697 2364 1739 2404 τὸ
1772 2362 1816 2404 δὲ

246 2422 466 2474 φερόμενον
496 2422 594 2462 κατὰ
624 2424 753 2476 πάσης
778 2423 913 2473 λέξεως
945 2425 1218 2477 σημαινούσης
1247 2435 1300 2465 τι·
1332 2425 1435 2466 οὕτω
1459 2424 1534 2478 γὰρ
1558 2424 1626 2464 καὶ
1656 2422 1813 2465 ὅΜέν-

242 2483 387 2535 ανδρος
413 2481 455 2522 ἐν
479 2483 698 2535 προοιμίοις
723 2490 791 2536 τῆς
816 2485 1046 2533 Λευκαδίας
1077 2483 1285 2537 ὀνόματα
1316 2484 1496 2525 ἐκάλεσεν
1527 2490 1662 2524 πᾶσαν
1694 2482 1814 2535 λέξιν,

242 2540 309 2580 καὶ
345 2541 462 2589 αὐτὸς
500 2540 541 2581 δὲ
582 2541 602 2582 ὁ
636 2540 897 2596 Ἀριστοτέλης
934 2544 976 2584 έν
1013 2547 1066 2600 τῷ
1102 2543 1204 2596 Περὶ
1240 2543 1446 2598 ἑρμηνείας
1486 2541 1664 2596 ὀνόματα
1705 2546 1820 2583 καλεῖ

242 2607 374 2640 πᾶσαν
404 2600 518 2649 λέξιν.
559 2615 631 2653 per
662 2604 818 2643 litteras
850 2618 1007 2645 mecum
1038 2605 1348 2645 communicavit
1379 2598 1563 2644 Dilesius.

999 2721 1084 2763 317
1159 2703 1164 2707 ’

532 2779 789 2834 συντρίβειν

367 2892 376 2901 .
402 2891 411 2901 .
437 2860 677 2916 Μένανδρος
706 2863 886 2918 κέχρηται
917 2863 959 2904 έν
991 2857 1216 2920 Λευκαδίᾳ.
1257 2865 1390 2905 Schol.
1423 2865 1628 2916 Aristoph.
1649 2863 1821 2904 Acharn.

257 2923 355 2961 284.
418 2922 639 2975 συντρίβειν
670 2923 805 2976 Mein.]
841 2925 1076 2978 συντριβείη.
1126 2925 1174 2964 cf.
1209 2926 1276 2965 78.

2007 1816 2014 1831 ,-
2010 1782 2014 1800 ».
2011 1740 2014 1766 ...
2005 1673 2014 1732 ..ιι-.-
2003 1346 2014 1664 ...η-..ῃι-α-...ωωιμῃηψ
