2014 3334
253 263 340 305 372
630 272 632 276 ’
877 261 1205 301 ΑΛΕΞΑΝΔΡΟΤ

752 428 1323 483 ΑΛΕΞΑΝΔΡΟΣ

831 525 1000 564 Meinek.
1033 525 1052 563 I
1085 527 1169 565 487
1186 537 1243 576 sq.

843 609 846 612 ’
916 615 1162 662 [A1110A01]

373 691 430 729 Cf.
464 705 565 742 quae
598 692 878 731 adnotavimus
909 692 960 730 ad
992 692 1147 732 Alexid.
1180 693 1218 731 8.

912 806 1164 840 ΔΙΟΝΤΣΟΣ

969 900 971 903 “
1035 893 1056 933 1

470 986 570 1028 ἰδοὺ
601 986 866 1041 κάτοπτρον·
904 985 1000 1028 εἰπέ
1028 1001 1118 1041 μοι,
1149 986 1291 1044 τούτῳ
1323 988 1370 1028 τί
1390 992 1495 1043 χρῇς

375 1072 503 1111 Schol.
525 1073 621 1111 Ven.
656 1073 771 1111 Hom.
797 1073 844 1112 Il.
880 1075 915 1120 1,
949 1074 1033 1111 216
1076 1070 1153 1111 ἀπὸ
1185 1077 1255 1112 τοῦ
1288 1078 1438 1124 χρῶμαι
1469 1072 1510 1112 τὸ
1543 1072 1726 1124 δεύτερον
1756 1077 1826 1124 τῆς

253 1136 391 1182 κοινῆς
436 1128 638 1171 διαλέκτου
683 1130 761 1171 ἐστὶ
804 1134 876 1187 χρᾷ
921 1131 1098 1179 ι’ωνικῶς.
1157 1130 1312 1171 ἀττικὸν
1357 1130 1398 1171 δὲ
1443 1137 1535 1187 χρῇ,
1582 1130 1634 1179 ὡς
1677 1131 1826 1183 εἴρηται

248 1187 492 1246 Ἀλεξάνδρῳ
525 1190 567 1230 ἐν
599 1191 785 1246 Διονύσῳ
817 1194 894 1230 κτλ.
950 1191 1124 1230 Cramer.
1156 1193 1304 1231 Anecd.
1329 1192 1418 1231 Par.
1452 1193 1513 1230 III
1546 1193 1644 1242 275,
1676 1193 1732 1231 3O
1773 1189 1826 1238 ὡς

255 1249 404 1302 εἴρηται
431 1247 673 1307 Ἀλεξάνδρῳ
705 1249 747 1290 ἕν
779 1251 979 1306 Διονυσίῳ
1011 1253 1088 1290 κτλ.
1149 1250 1273 1306 τούτῳ
1304 1251 1343 1290 τί
1370 1256 1440 1306 χρῇ
1474 1251 1519 1290 G.
1539 1251 1674 1290 Herm.
1701 1250 1761 1290 El.
1789 1251 1825 1289 d.

254 1312 368 1349 metr.
393 1309 494 1360 145]
527 1310 566 1349 τί
593 1310 664 1362 χρὴ
697 1315 811 1350 τοῦτο
834 1311 963 1350 Schol.
984 1311 1100 1349 Hom.
1133 1311 1170 1349 τί
1191 1310 1340 1350 τούτων
1371 1310 1442 1362 χρή
1464 1309 1824 1350 Cram.Aneed.—-

253 1370 414 1408 videtur
433 1370 635 1408 Bacchum
666 1371 828 1420 perinde
861 1372 980 1421 aizque
1008 1370 1297 1420 Aristophanes
1323 1371 1365 1408 in
1385 1371 1512 1410 Remis
1544 1372 1584 1408 et
1603 1370 1825 1420 Aeschylus

255 1429 298 1467 in
319 1430 471 1468 Edonis
501 1430 753 1468 muliebriter
783 1430 975 1469 vestitum
1006 1430 1047 1467 in
1078 1442 1262 1469 scaenam
1293 1430 1508 1470 induxisse.
1558 1442 1603 1468 ac
1633 1430 1682 1469 cf.
1701 1429 1826 1469 Arisfi.

256 1488 415 1528 Thesm.
450 1491 470 1528 1
479 1491 548 1528 40.

955 1592 1125 1625 EAENH

375 1668 630 1718 Scripserunt
662 1668 852 1707 Helenam
889 1668 1011 1707 etiam
1042 1667 1347 1708 Anaxandrides
1387 1669 1428 1706 et
1459 1667 1607 1706 Alexis.
1657 1667 1775 1707 Mein.
1808 1667 1825 1706 I

259 1729 355 1766 370.
388 1729 485 1768 488.

1032 1821 1058 1861 2

470 1880 709 1935 εὐορκησιά

371 1963 626 2018 Ἀλέξανδρος
650 1963 802 2021 Ἑλένῃ.
854 1967 1022 2005 Bekker.
1056 1965 1202 2005 Anecd.
1238 1968 1304 2016 96,
1339 1967 1405 2005 33.
1455 1975 1656 2016 ευορκισια
1687 1956 1770 2003 cod.

958 2104 1125 2138 ΠοΤοΣ

1033 2189 1060 2230 3

471 2286 534 2334 είς
566 2285 723 2338 αὔριόν
755 2299 806 2338 με
840 2283 910 2325 δεῖ
937 2284 1090 2337 λαβεῖν
1122 2282 1384 2338 αὐλητρίδα·

470 2356 801 2410 τραπεζοποιόν,
833 2354 1107 2410 δημιουργὸν
1139 2354 1353 2408 λήψομαι·

473 2425 542 2469 ε’πὶ
573 2423 693 2469 τοῦτ’
729 2423 947 2468 ἀπέστειλ’
983 2423 1027 2475 ἐξ
1059 2424 1199 2479 ἀγροῦ
1231 2420 1274 2479 μ’
1311 2423 1334 2466 ὁ
1367 2424 1592 2478 δεσπότης.

378 2526 610 2564 Athenaeus
649 2527 835 2573 4,170e
874 2520 1001 2575 Ἰόβας
1040 2520 1060 2562 ὁ
1098 2520 1280 2574 βασιλεὺς
1318 2520 1360 2560 ἐν
1397 2525 1480 2568 ταῖς
1504 2518 1728 2572 Ὁμοιότησι
1757 2519 1825 2560 τὸν

259 2585 380 2625 αὑτὸν
417 2580 522 2624 εἶναί
555 2595 656 2635 φησι
698 2581 987 2635 τραπεζοκόμον
1025 2580 1091 2621 καὶ
1127 2580 1195 2620 τὸν
1226 2579 1304 2619 ὑπὸ
1333 2577 1536 2631 Ρωμαίων
1565 2579 1826 2652 καλούμενον

260 2644 532 2697 στρούκτωρα,
575 2641 889 2695 παρατιθέμενος
931 2641 974 2681 ἐκ
1017 2640 1212 2693 δράματος
1250 2637 1508 2692 Ἀλεξάνδρου
1554 2656 1584 2695 ῳ
1627 2637 1824 2692 ἐπιγραφὴ

259 2705 389 2751 Πότος
419 2706 497 2743 κτλ.
559 2706 596 2743 2.
629 2704 678 2743 cf.
696 2702 916 2753 Antiphan.
938 2703 1034 2741 152.
1057 2702 1153 2740 225.
1214 2700 1379 2739 Philam.
1402 2703 1468 2740 61.
1518 2699 1699 2738 Menand.
1727 2701 1825 2750 518,

264 2767 328 2803 12.
379 2764 522 2802 Pollux
542 2765 580 2813 3,
601 2765 652 2802 41
689 2758 714 2812 ἡ
741 2760 786 2800 τὰ
816 2759 996 2813 πέμματα
1021 2757 1086 2813 (τὰ
1110 2759 1165 2806 εἰς
1190 2758 1257 2798 τὸν
1281 2754 1428 2813 γάμον)
1458 2758 1653 2810 μάττουσα
1683 2756 1750 2796 καὶ
1779 2756 1826 2796 τὰ

260 2821 348 2875 περὶ
384 2821 451 2869 τὰς
481 2822 628 2868 θυσίας
660 2819 913 2872 διοικουμένη
946 2818 1256 2872 δημιουργός,
1294 2816 1315 2858 ὁ
1354 2817 1396 2858 δὲ
1432 2818 1593 2857 πάντων
1629 2823 1707 2856 τῶν
1737 2815 1825 2878 περὶ

260 2881 331 2932 τὴν
363 2880 531 2920 ἑστίασιν
562 2880 865 2932 ἐπιμελούμενος
894 2876 1250 2934 τραπεζοποιός.
1283 2879 1402 2929 6,13
1446 2875 1467 2917 ὁ
1499 2876 1718 2930 φροντίζων
1757 2881 1824 2928 τῆς

260 2941 474 2993 ὑπηρεσίας
505 2939 660 2991 ἁπάσης
690 2938 980 2992 τραπεζοποιός.
