2014 3334
237 230 326 271 412
601 231 605 235 ‘
896 229 1159 264 ΑΔΕΣΠΟΤΑ

242 343 345 381 Plat.
380 355 477 391 com.
520 343 616 380 103.
673 354 810 381 eorum
852 353 956 393 quae
997 341 1269 380 Philostratus
1313 341 1453 379 narrat
1494 339 1611 379 hodie
1654 340 1808 378 nullum

240 402 346 453 apud
379 401 549 440 comicos
574 401 801 453 vestigium.

997 481 1051 523 67

358 568 487 606 Schol.
519 568 645 607 Arist.
677 567 752 606 Av.
786 568 867 606 281
914 567 1109 621 Φιλοκλῆς
1140 565 1357 622 τραγῳδίας
1393 563 1559 615 ποιητὴς
1589 554 1654 604 καὶ
1689 566 1809 604 Φιλο-

237 627 408 674 πείθους
451 625 538 677 υἱὸς
580 625 620 674 ἐξ
658 625 859 678 Αἰσχύλου
904 624 1091 678 ἀδελφῆς.
1156 624 1241 665 ὅσοι
1285 622 1326 664 δὲ
1363 620 1621 676 Ἀλμίωνος
1665 623 1810 664 αὐτόν

239 697 410 738 φασιν,
455 685 684 734 ἐπιθετικῶς
727 684 883 739 λέγουσι
927 684 1005 725 διὰ
1048 684 1096 725 τὸ
1134 683 1307 739 πικρὸν
1349 679 1484 724 εἶναι.
1540 683 1642 735 ἅλμη
1679 680 1809 736 γὰρὴ

238 746 386 800 πικρία.
443 747 493 785 ad
524 746 769 786 comoediam
802 747 899 785 haec
929 745 1139 784 referenda
1174 757 1258 784 esse
1289 744 1393 785 vidit
1423 744 1678 783 Hervverden.
1709 743 1810 783 Nov.
1877 739 1882 741 “

239 807 327 845 add.
360 806 447 845 crit.
479 807 549 846 47.

993 886 1047 928 68

359 973 563 1011 Plutarch.
595 972 762 1011 Aristid.
795 973 819 1012 5
856 967 926 1026 (τῷ
956 965 1128 1026 Καλλία)
1162 986 1219 1018 τις
1249 975 1327 1010 τῶν
1359 968 1573 1023 βαρβάρων
1599 1000 1608 1008 .
1629 999 1637 1008 .
1659 999 1667 1008 .
1691 967 1812 1016 ἔδειξε

238 1031 341 1072 πολὺ
374 1031 536 1085 χρυσίον
568 1030 610 1071 ἐν
641 1031 771 1087 λάκκῳ
803 1029 880 1070 τινὶ
909 1028 1272 1084 κατορωρυγμένον.
1323 1027 1344 1069 ὅ
1371 1027 1413 1068 δὲ
1438 1029 1610 1076 Καλλίας
1641 1026 1708 1067 τὸν
1739 1025 1811 1080 μὲν

240 1090 385 1144 χρυσὸν
417 1089 609 1141 ἀνείλετο,
647 1089 714 1131 τὸν
747 1087 783 1130 δ’
819 1087 1039 1143 ἄνθρωπον
1077 1088 1313 1130 ἀπέκτεινεν.
1363 1087 1405 1128 ἐκ
1444 1087 1586 1128 τούτου
1619 1085 1717 1138 φασὶ
1746 1085 1813 1127 καὶ

240 1150 559 1198 λακκοπλούτους
585 1149 663 1190 ὑπὸ
683 1156 761 1190 τῶν
780 1155 965 1202 κωμικῶν
985 1149 1076 1197 τοὺς
1098 1148 1176 1189 ἀπὸ
1195 1154 1264 1201 τῆς
1290 1148 1416 1196 οἰκίας
1436 1142 1598 1202 (αὐτοῦ)
1618 1145 1812 1200 λέγεσθαι.

239 1211 411 1262 Hesych.
444 1209 752 1258 λακκόπλουτος·
785 1208 996 1257 ὁΚαλλίας
1021 1208 1098 1249 ὑπὸ
1124 1215 1202 1249 τῶν
1228 1213 1413 1260 κωμικῶν
1439 1207 1506 1246 διὰ
1524 1206 1566 1247 τὸ
1591 1209 1810 1261 περιτυχεῖν

240 1271 371 1326 χρυσῷ
409 1270 463 1317 εἰς
495 1268 620 1322 φρέαρ
653 1267 892 1325 βεβλημένῳ.
948 1270 1129 1320 Apostol.
1153 1272 1220 1319 10,
1239 1270 1294 1308 43
1334 1266 1622 1314 λακκόπλουτος
1653 1261 1690 1306 εἶ
1715 1264 1813 1305 κατὰ

239 1328 306 1368 τὸν
337 1330 525 1368 Καλλίαν.
575 1332 745 1369 fortasse
778 1327 830 1376 ὡς
862 1332 893 1369 λ.
926 1324 963 1368 εἶ
991 1328 1040 1369 σὺ
1071 1327 1171 1368 κατὰ
1201 1342 1232 1368 τ.
1263 1328 1312 1367 Κ.

1001 1456 1056 1499 69

359 1544 586 1594 Hesychius
605 1542 957 1594 Δημοκαλλίας·
988 1541 1081 1588 τοὺς
1111 1539 1199 1594 περὶ
1225 1539 1270 1579 τὰ
1291 1539 1462 1591 δημόσια
1486 1537 1811 1590 ἀναστρέφοντας.

243 1603 532 1654 Δημοκαλλίας,
564 1603 589 1642 i.
610 1616 642 1641 e.
673 1601 977 1654 δημοπιθήκους
1003 1599 1138 1651 Mein]
1168 1600 1456 1651 δημοκαλλίκας
1482 1599 1566 1638 cod.
1593 1597 1811 1649 δημοκόλα-

240 1678 313 1710 κας
343 1663 394 1702 IS.
421 1663 536 1702 Voss.
599 1661 905 1713 δημοπιθήκους
943 1662 1043 1700 dixit
1079 1660 1203 1699 Arist.
1237 1660 1333 1698 Ran.
1371 1660 1495 1698 1085.
1528 1658 1673 1697 suidas
1704 1659 1810 1696 Καλ-

242 1722 346 1769 λίας.
367 1752 375 1760 .
397 1720 483 1761 ,καὶ
513 1721 707 1761 Καλλίου·
739 1720 931 1772 πιθήκου.
971 1719 1038 1759 τὸν
1063 1720 1241 1770 πίθηκον
1270 1718 1445 1757 Καλλίαν
1476 1716 1811 1771 προσηγόρευσαν.

242 1782 381 1821 eadem
412 1781 594 1832 Append.
625 1795 734 1832 prov.
771 1783 808 1831 3,
841 1783 909 1820 40.
958 1781 1146 1819 Dinarch.
1179 1780 1227 1818 fr.
1248 1792 1290 1818 VI
1317 1781 1339 1817 2
1375 1777 1416 1817 οἱ
1443 1776 1534 1824 τοὺς
1565 1776 1738 1824 Καλλίας
1769 1775 1812 1815 ἐν

241 1844 322 1888 τοῖς
354 1840 478 1888 οἴκοις
508 1839 715 1894 τρέφοντες
747 1836 937 1895 (τουτέστι
966 1838 1168 1890 πιθήκους
1191 1835 1332 1890 Suid.).

529 2016 807 2065 Λαισποδίας
1002 1955 1057 1997 70

363 2101 488 2154 ὄνομα
519 2101 670 2155 κύριον.
721 2100 820 2141 ἔνιοι
851 2098 892 2139 δὲ
930 2099 996 2139 τὸν
1023 2097 1289 2150 Ἀλκμέωνα
1322 2095 1516 2155 ᾠήθησαν
1547 2094 1743 2150 λέγεσθαι,
1776 2096 1818 2136 οἵ

245 2161 285 2202 δὲ
317 2161 385 2202 τὸν
412 2161 678 2216 δρεπανώδεις
702 2160 828 2208 πόδας
854 2159 1002 2212 ἔχοντα.
1043 2159 1279 2210 Hesychius.
1310 2159 1554 2206 Laespodias
1578 2157 1655 2195 iste
1687 2156 1814 2195 cruri-

243 2223 317 2261 bus
339 2222 519 2261 distortis
539 2222 707 2273 insignis
732 2221 882 2271 passim
909 2233 933 2258 a
952 2219 1111 2258 comicis
1131 2219 1338 2257 inridetur.
1389 2217 1453 2256 hic
1475 2219 1611 2255 tamen
1629 2214 1814 2254 Alcmeon

243 2282 489 2332 Laespodiae
516 2281 748 2333 cognomine
770 2281 934 2318 notatus
955 2279 1202 2330 significatur
1222 2272 1290 2331 (cf.
1310 2275 1495 2326 Apollod.
1509 2288 1613 2319 com.
1636 2277 1702 2325 13,
1727 2271 1812 2326 16),

245 2355 363 2392 quem
394 2341 564 2380 eundem
594 2353 680 2379 esse
718 2352 809 2378 cum
841 2339 1068 2378 adversario
1101 2336 1379 2376 Themistoclis
1422 2337 1557 2375 censet
1590 2333 1812 2374 Meinekius

245 2402 345 2440 conl.
359 2401 466 2439 Plut.
479 2401 578 2439 Mor.
595 2401 677 2439 805
688 2412 719 2438 c.
752 2399 820 2438 sed
846 2399 1010 2437 fuerunt
1028 2398 1164 2448 plures
1192 2396 1272 2435 illis
1297 2395 1545 2445 temporibus
1565 2393 1810 2433 Alcmeones.

528 2585 831 2641 Δημοκλεϊδαι
1003 2525 1055 2567 71

365 2672 407 2712 οἵ
434 2670 539 2720 ξένοι
568 2671 636 2712 καὶ
666 2671 809 2724 μοιχοί,
840 2669 918 2710 ἀπὸ
944 2668 1217 2721 Δημοκλείδου
1249 2666 1430 2707 τοιούτου
1457 2665 1581 2714 ὄντος.
1629 2665 1811 2718 καθάπερ

245 2731 311 2771 καὶ
329 2731 422 2779 τοὺς
446 2729 703 2783 ἡταιρηκότας
727 2730 946 2782 Τιμάρχους
965 2727 1112 2782 ἔλεγον,
1136 2726 1228 2775 τοὺς
1255 2725 1296 2766 δὲ
1315 2725 1518 2779 πονηροὺς
1537 2724 1812 2777 Εὐρυβάτους,

246 2792 490 2838 Κιλλίκωνας
511 2789 552 2830 δὲ
571 2790 663 2838 τοὺς
681 2790 886 2842 προδότας.
916 2789 1154 2840 Hesychius.
1198 2788 1340 2826 Suidas
1360 2785 1648 2838 Δημοκλείδας·
1674 2782 1812 2832 ξένους

246 2850 310 2890 καὶ
330 2851 502 2902 μοιχούς.
563 2855 739 2898 τοιοῦτος
770 2848 791 2889 ὁ
823 2851 1045 2900 Δημοκλῆς.
1093 2847 1338 2894 Κιλλίκωνας
1368 2846 1491 2886 etiam
1513 2844 1668 2885 Suidas.
1716 2845 1812 2882 Κιλ-
1859 2887 1872 2893 ,

247 2913 434 2958 λικῶντας
453 2910 571 2950 Mein.
623 2911 692 2950 sed
723 2911 835 2950 illam
865 2910 1032 2949 formam
1064 2908 1231 2960 probam
1262 2919 1347 2946 esse
1379 2905 1581 2945 contendit
1609 2903 1658 2942 H.
1679 2903 1811 2942 Iacobi
