2014 3334
727 245 937 279 ΑΔΗΛῼΝ
961 246 1223 280 ΔΡΑΜΑΤῼΝ
1676 244 1760 287 159

392 352 465 396 καὶ
496 351 632 408 γίνετ’
669 353 788 412 αὐτῷ
821 354 1008 410 λαμπάς,
1040 354 1148 397 ἄλλο
1182 351 1224 396 δ’
1260 351 1364 397 οὐδὲ
1397 354 1446 396 ἓν

391 424 585 480 ἀγαθόν;
620 423 644 468 ὃ
676 432 824 482 μισεῖν
855 421 945 481 οἶμ’
983 426 1179 477 ἅπαντας
1209 427 1315 477 τοὺς
1346 426 1498 479 θεούς,

350 508 370 539 5
391 504 606 552 γυναῖκας
636 498 842 552 ἔπλασεν,
875 494 909 540 ὦ
941 500 1232 554 πολυτίμητοι
1264 501 1380 552 θεοί,

391 569 526 619 ἔθνος
557 570 729 626 μιαρόν.
792 577 925 626 γαμεῖ
953 586 1019 620 τις
1051 569 1320 626 ἀνθρώπων,
1353 578 1501 625 γαμεῖς

391 640 572 697 λάθριοι
603 641 652 684 τὸ
686 642 844 684 λοιπὸν
876 639 946 697 ἄρ’
984 641 1218 698 ἐπιθυμίαι
1250 644 1395 694 κακαί,

390 715 591 772 γαμηλίῳ
624 712 739 770 λέχει
770 729 817 756 τε
849 715 1002 770 μοιχὸς
1034 714 1284 770 ἐντρυφῶν,

390 782 463 827 καὶ
495 792 783 842 φαρμακεῖαι,
816 784 890 828 καὶ
921 787 1072 828 νόσων
1103 786 1409 842 χαλεπώτατος

328 866 370 898 10
390 857 581 911 φθόνος,
613 855 720 912 μεθ’
758 853 813 900 οὗ
846 859 893 914 ζῇ
925 858 1068 900 πάντα
1099 858 1179 901 τὸν
1210 859 1313 914 βίον
1343 860 1470 913 γυνή.

297 953 535 1007 [Lucianus]
570 956 707 996 Amor.
739 958 795 997 43
837 957 1095 1010 καταράσεται
1125 958 1347 1010 Προμηθεῖ
1371 956 1444 1009 τὴν
1476 957 1759 1010 Μενάνδρειον

173 1013 331 1067 ἐκείνην
373 1013 601 1068 ἀπορρήξας
652 1016 797 1068 φωνήν
840 1019 918 1057 κτλ.
951 1041 955 1047 ·
1024 1019 1062 1057 6.
1113 1015 1236 1065 ἔθνος
1290 1015 1434 1070 μιαρὸν
1476 1017 1569 1071 γάρ·
1615 1017 1657 1057 εἴ
1703 1032 1759 1065 τις

175 1072 407 1127 ἀνθρώπων
446 1079 569 1129 γαμεῖ
604 1076 789 1117 Bothius.
857 1075 980 1125 ἔθνος
1023 1076 1183 1130 μιαρόνο
1233 1076 1270 1117 εἰ
1310 1077 1385 1131 γάρ
1428 1092 1485 1125 τις
1527 1076 1759 1132 ἀνθρώπων

174 1138 297 1188 γαμεῖ
333 1135 453 1178 Mein.
549 1138 586 1176 7.
626 1134 668 1176 τὸ
707 1137 798 1176 add.
835 1136 1017 1177 Guietus.
1085 1137 1207 1177 κακαί
1250 1136 1374 1188 idem]
1420 1138 1497 1177 καί.
1547 1134 1632 1190 ἄρ’]
1684 1136 1759 1191 γὰρ

174 1195 286 1247 vulg.
379 1197 417 1236 8.
455 1210 495 1235 τε
540 1209 616 1235 0111.
654 1197 811 1247 aliquot
847 1198 933 1237 cod.
1033 1199 1069 1237 9.
1107 1195 1319 1250 ἐπιβουλαί
1358 1201 1452 1238 ante
1490 1196 1558 1237 καὶ
1601 1212 1759 1251 φαρμα-

175 1257 279 1295 κεῖαι
310 1255 387 1295 del.
418 1255 550 1295 Bentl.
613 1256 862 1308 χαλεπωτάτη
895 1257 1027 1297 Bentl.
1084 1259 1126 1297 at
1164 1258 1214 1297 cf.
1244 1258 1364 1297 Mein.
1399 1261 1437 1298 1.
1468 1280 1527 1285 —
1558 1259 1688 1297 multa.
1718 1259 1761 1297 in

177 1315 252 1355 hac
283 1315 425 1367 ecloga
450 1318 641 1367 corrupta
673 1329 759 1357 esse
786 1317 966 1368 adparet.
1028 1331 1065 1358 v.
1087 1320 1112 1356 4
1140 1331 1277 1358 omnes
1310 1318 1375 1357 dei
1406 1319 1595 1357 mulieres
1629 1318 1759 1358 odisse

177 1375 378 1414 dicuntur.
415 1376 524 1415 itane
556 1376 678 1416 vero?
720 1370 895 1428 ⁷quarum
926 1378 1150 1428 permultas
1181 1379 1394 1429 tantopere
1426 1379 1669 1427 amaverint,
1713 1380 1761 1417 ut

175 1435 318 1474 relicto
351 1433 523 1486 Olympo
561 1436 603 1474 in
640 1438 792 1476 terram
830 1437 1122 1477 descenderint.
1183 1437 1305 1478 immo
1343 1438 1548 1489 Euripidis
1587 1438 1757 1477 admira-

144 1527 155 1538 ,
176 1496 285 1535 tores
317 1497 358 1534 et
389 1496 536 1534 aemuli
569 1509 614 1535 ac
644 1496 977 1547 philosophorum
1002 1498 1113 1537 haud
1143 1498 1274 1550 pauci,
1306 1498 1375 1550 qui
1407 1498 1602 1538 caelibem
1634 1499 1759 1537 vitam

175 1554 469 1605 praedicarent.
519 1555 656 1607 itaque
677 1556 795 1596 scrib.
815 1555 994 1605 ἅπαντας
1019 1555 1112 1605 τοὺς
1143 1557 1339 1608 σοφούς.
1403 1561 1440 1598 7.
1472 1559 1603 1597 multo
1624 1559 1759 1609 aptius

176 1612 389 1666 ἐπιβουλαί
430 1610 544 1670 (ante
575 1629 612 1655 v.
647 1610 692 1670 9)
737 1630 859 1668 quam
902 1615 1115 1670 ἐπιθυμίαι
1159 1620 1535 1658 commemorantur.
1605 1618 1759 1658 accedit

178 1675 286 1726 quod
322 1688 360 1715 v.
394 1676 418 1715 6
457 1688 587 1727 neque
621 1676 878 1717 Boissonadii
916 1674 1124 1730 (Philostr.
1156 1678 1286 1729 Epist.
1317 1693 1353 1729 p.
1391 1672 1495 1732 198)
1533 1678 1758 1718 emendatio

176 1737 299 1787 γαμεῖ
322 1749 379 1782 τις
409 1732 543 1788 ἀνθρ.,
574 1735 690 1788 γάμει
717 1734 723 1788 Ι
750 1736 919 1789 λάθριος
948 1751 1078 1790 neque
1110 1738 1373 1778 Herwerdeni
1406 1734 1528 1791 (Nov.
1555 1739 1644 1778 add.
1670 1738 1758 1778 crit.

177 1787 256 1848 41)
286 1797 406 1848 γαμεῖ
437 1809 495 1843 τις
532 1793 672 1848 ἀνθρ.;
709 1800 833 1850 γαμεῖ
860 1798 866 1848 Ι
900 1794 1070 1850 ὄλεθρον
1103 1798 1263 1838 sufficit.
1297 1798 1413 1837 scrib.
1444 1801 1566 1851 γαμεῖ
1599 1813 1656 1845 τις
1687 1796 1758 1855 ἀν.-

175 1852 357 1905 θρώπων
387 1854 482 1908 γάρ,
523 1855 559 1895 εἰ
585 1855 590 1904 Ι
618 1855 780 1909 λάθριοι
810 1855 854 1896 τὸ
885 1857 1026 1898 λοιπόν
1059 1857 1182 1898 εἰσιν
1220 1856 1476 1910 ἐπιβουλαὶ
1507 1858 1639 1909 κακαί,
1671 1871 1757 1896 sen—

175 1913 306 1953 tentia
343 1927 416 1966 per
453 1915 812 1968 interrogationem
849 1918 1060 1958 efferenda.
1123 1918 1295 1969 denique
1333 1933 1370 1959 v.
1405 1920 1460 1958 10
1497 1916 1657 1968 φθόνος
1688 1931 1759 1968 per

176 1975 305 2013 totam
343 1975 471 2014 vitam
511 1976 702 2016 mulieres
739 1977 868 2030 magis
910 1991 1032 2029 quam
1068 1978 1177 2018 viros
1219 1979 1404 2018 comitari
1442 1978 1640 2029 quomodo
1681 1978 1758 2016 dici

182 2034 312 2085 possit
341 2047 421 2074 non
451 2035 582 2075 video.
643 2036 815 2077 fortasse
846 2035 1010 2090 φόβος.

927 2203 1013 2245 536

393 2295 452 2349 μὰ
483 2295 566 2350 τὴν
595 2291 805 2351 Ἀθηνᾶν,
837 2297 1013 2352 ἄνδρες,
1046 2295 1181 2340 εἰκόν’
1219 2298 1301 2340 οὐκ
1332 2299 1415 2352 ἔχω

393 2365 541 2420 εὑρεῖν
573 2366 732 2423 ὁμοίαν
762 2374 823 2426 τῷ
854 2371 1059 2423 γεγονότι
1089 2370 1327 2427 πράγματι,

397 2439 536 2493 ζητῶν
567 2439 678 2495 πρὸς
709 2439 901 2496 ἐμαυτὸν
931 2443 978 2483 τί
1004 2441 1169 2498 ταχέως
1202 2441 1424 2484 ἀπολλύει.

393 2511 626 2566 στρόβιλος
658 2511 706 2554 ἐν
737 2511 828 2570 ὅσῳ
863 2512 1171 2569 συστρέφεται,
1202 2511 1506 2569 προσέρχεται,

353 2590 373 2623 5
393 2581 685 2638 προσέβαλεν,
717 2582 961 2641 ἐξέρριψεν,
993 2585 1105 2627 αἰὼν
1136 2587 1316 2640 γίνεται.

394 2649 490 2696 ἀλλ’
525 2653 575 2696 ἐν
605 2654 786 2710 πελάγει
817 2658 1115 2711 συγκλυσμός·
1148 2655 1379 2710 ἀναπνοὴν
1412 2657 1498 2710 ἔχει

393 2723 501 2767 εΖεῦ
534 2726 690 2781 σῶτερ’
723 2728 863 2770 εἰπεῖν
896 2727 1099 2784 “άντε’χου
1131 2735 1220 2770 τῶν
1252 2723 1496 2783 σχοινίων’,

395 2794 547 2850 ἑτέραν
578 2804 826 2853 περιμεῖναι
858 2798 1047 2856 χάτέραν
1078 2801 1327 2855 τρικυμίαν,

394 2869 614 2923 ναυαγίου
644 2868 682 2910 τ’
718 2867 775 2912 ἂν
807 2867 1044 2926 ἐπιλάβοί·
1077 2870 1162 2926 ἐγὼ
1196 2867 1236 2913 δ’
1272 2869 1384 2921 ἅπαξ

333 2948 375 2980 10
395 2936 620 2993 ἁψάμενός
650 2940 739 2995 εἰμι
770 2939 842 2983 καὶ
875 2943 1066 2996 φιλήσας
1097 2941 1145 2984 ἐν
1176 2942 1318 2999 βυθῷ.
