2014 3334
557 263 876 299 ΕΓΧΕΙΡΙΔΙΟΝ
902 284 945 290 -
972 263 1378 300 ΕΜῙῘῙΜΠΡΑΜΕΝΗ
1703 262 1762 308 45

925 409 1010 452 152

50 552 53 555 Δ
295 497 428 539 Schol.
460 497 568 538 Plat.
602 499 686 538 359
720 497 893 536 Bekker.
937 496 1132 549 παροιμία
1175 494 1271 536 ἅνω
1315 496 1439 536 κάτω
1483 496 1657 549 πάντα,
1698 495 1763 537 ἐπὶ

14 564 49 589 ‘³
111 602 116 608 ,
173 564 253 599 τῶν
296 556 370 610 τὴν
419 557 529 607 τάξιν
582 556 944 610 μεταστρεφόντων.
1014 554 1260 610 Μένανδρος
1299 553 1553 613 Ἐγχειριδίῳ.
1621 558 1762 597 eadem

174 619 322 660 omissa
354 632 450 660 voce
482 618 674 671 παροιμία
706 617 826 670 Greg.
860 617 980 669 Cypr.
1011 617 1123 657 Leid.
1159 620 1195 668 1,
1230 619 1297 657 61.
1342 618 1390 656 cf.
1424 619 1523 657 514.

928 758 1014 802 153

492 840 606 899 ὑπὲρ
639 844 750 887 ὄνου
783 849 909 894 σκιᾶς

295 929 488 984 μέμνηται
524 931 669 982 ταύτης
709 929 752 971 ἐν
782 932 837 986 τῷ
864 927 1106 986 Ἐγχειριδίῳ
1139 927 1384 982 Μένανδρος
1429 930 1576 970 Zenob.
1611 933 1655 982 6,
1695 932 1762 971 28.

178 992 226 1032 ef.
261 992 387 1032 Arist.
419 991 542 1043 Vesp.
577 994 657 1031 191
693 998 785 1031 oum·
817 991 940 1032 schol.
974 994 1015 1030 et
1045 990 1255 1042 Arisboph.
1287 991 1335 1030 fr.
1371 992 1468 1031 192.

871 1118 1067 1167 [ΕΚΤΡΑ]

196 1256 216 1294 f
256 1196 455 1296 MTerenit.
468 1196 565 1237 Hoc.
580 1197 730 1237 didasc.
740 1209 885 1246 yraeoa
898 1197 1139 1236 Menandru.
1182 1197 1225 1235 at
1244 1198 1306 1235 est
1318 1195 1559 1246 Apollodori
1573 1195 1762 1247 Carystii.

174 1268 195 1296 0
217 1289 225 1296 .
301 1257 375 1296 0111.
461 1259 560 1297 464.

733 1400 737 1410 =
762 1371 1170 1419 ΕΜΠΙΜΠΡΑΜΕΝΗ

297 1461 374 1511 Sic,
405 1475 486 1502 non
513 1457 721 1513 Ἐμπιπρ.,
754 1462 840 1501 cod.
873 1473 1021 1500 omnes.
1052 1474 1134 1500 non
1163 1462 1272 1500 recino
1305 1460 1479 1500 Lobeck.
1511 1460 1660 1512 Phryn.
1695 1462 1763 1500 96.

176 1523 226 1562 of.
259 1521 398 1562 Cobet.
428 1522 478 1561 N.
510 1522 537 1561 1.
574 1523 669 1561 141.
704 1523 728 1560 2
763 1523 805 1560 et
836 1534 938 1572 quae
972 1521 1255 1560 adnotavimus
1288 1521 1340 1559 ad
1370 1521 1497 1560 Arist.
1524 1520 1599 1560 Av.
1636 1522 1762 1560 1310.

174 1583 222 1622 de
253 1579 369 1622 tituli
401 1582 694 1634 significatione
726 1595 807 1621 non
839 1584 1010 1627 constat.

931 1722 1017 1766 154

536 1841 546 1851 .
607 1806 771 1863 ἐξώλης
803 1803 1013 1850 ἀπόλοιθ’
1049 1806 1171 1858 ὅστις
1202 1806 1307 1850 ποτὲ

391 1879 415 1924 ὁ
447 1887 622 1937 πρῶτος
653 1876 710 1935 ἦν
742 1881 899 1935 γήμας,
933 1875 1078 1922 ἔπειθ’
1114 1878 1138 1922 ὁ
1172 1879 1395 1935 δεύτερος,

391 1948 480 1995 εἶθ’
517 1951 541 1995 ὁ
573 1954 735 2009 τρίτος,
768 1947 857 1994 εἷθ’
893 1951 917 1994 ὁ
948 1949 1169 2008 τέταρτος,
1202 1947 1290 1993 εἷθ’
1328 1949 1352 1993 ὁ
1378 1949 1633 2005 μεταγενής.

294 2050 531 2090 Athenaeus
566 2053 633 2100 13,
667 2053 752 2092 559
769 2064 789 2090 e
822 2048 1068 2102 Μένανδρος
1088 2079 1098 2089 .
1117 2079 1128 2089 .
1148 2079 1158 2089 .
1179 2048 1221 2089 ἐν
1249 2045 1580 2102 Ἐμπιμπραμένῃ
1607 2042 1685 2101 (Sic
1703 2041 1761 2101 A)

174 2113 252 2150 κτλ.
305 2113 343 2150 2.
374 2110 504 2164 γήμας
536 2109 591 2161 Α]
625 2109 646 2150 ὅ
672 2111 813 2165 γήμας.
866 2114 904 2151 3.
943 2108 1181 2163 Μεταγένης
1214 2109 1401 2148 Zedelius
1440 2121 1532 2147 oum
1563 2107 1614 2159 L,
1652 2108 1761 2146 recte

174 2171 366 2223 fortasse,
408 2185 653 2222 quamquam
685 2172 774 2222 quis
814 2172 938 2210 fuerit
968 2171 1038 2210 ille
1071 2183 1191 2221 quem
1223 2169 1329 2208 ridet
1360 2170 1585 2218 Metayenes
1614 2167 1761 2206 nescio.

176 2231 362 2271 similiter
395 2231 553 2271 iocatur
582 2232 709 2271 Arist.
742 2232 841 2271 Ran.
873 2233 928 2271 58
937 2234 973 2271 7.
1006 2233 1045 2270 8.
1108 2231 1155 2270 de
1189 2229 1389 2269 sententia
1421 2229 1471 2267 cf.
1495 2228 1641 2267 Eubul.
1665 2229 1760 2266 116.

176 2291 456 2343 Aristophont.
490 2293 528 2332 5.

931 2396 1015 2439 155

750 2482 851 2536 τρία
881 2481 967 2536 γάρ
1000 2479 1108 2534 ἐστι,
1141 2477 1348 2534 δέσποτα,

392 2554 441 2596 δί
470 2550 534 2596 ὧν
566 2553 739 2595 ἅπαντα
770 2550 928 2607 γίνετ’,
961 2551 988 2607 ἢ
1020 2552 1131 2594 κατὰ
1161 2553 1267 2601 τοὺς
1298 2551 1482 2605 νόμους,

392 2625 420 2681 ἢ
451 2630 548 2676 ταῖς
579 2624 806 2680 ἀνάγκαις,
838 2623 865 2679 ἢ
897 2625 948 2666 τὸ
979 2625 1131 2681 τρίτον
1165 2625 1262 2666 ἔθει
1292 2623 1396 2665 τινί.

294 2725 493 2764 Stobaeus
506 2725 646 2764 Floril.
659 2725 729 2774 43,
746 2725 799 2763 15
821 2722 1071 2775 Μενάνδρου
1087 2717 1418 2773 Ἐμπιμπραμένῃ
1432 2719 1481 2758 Α.
1513 2719 1598 2758 sine
1614 2720 1756 2769 poetae

174 2785 385 2825 fabulaeve
415 2785 576 2824 nomine
596 2784 833 2835 Apostolius
857 2785 923 2833 17,
946 2785 1013 2822 26.
1035 2804 1085 2809 -
1116 2784 1155 2821 2.
1180 2780 1274 2828 τοὺς
1305 2794 1382 2819 0111.
1408 2779 1520 2818 Stob.
1558 2778 1706 2831 γίνεται
1732 2774 1759 2828 ἣ

175 2843 273 2884 κατὰ
302 2843 371 2884 τὸν
402 2843 529 2896 νόμον
560 2844 744 2895 Apostol.
829 2845 867 2883 3.
899 2841 941 2882 τὸ
974 2843 1063 2881 add.
1094 2842 1228 2881 Bentl.
1266 2839 1453 2879 Ouiacius
1486 2838 1650 2878 Observ.
1685 2839 1754 2887 19,

179 2906 231 2944 16
272 2905 523 2956 comparavit
558 2904 832 2944 Modestinum
868 2903 1024 2953 Digest.
1059 2905 1102 2951 1,
1136 2903 1178 2950 3,
1213 2902 1270 2940 40
1313 2911 1422 2939 omne
1459 2900 1523 2938 ius
1563 2902 1633 2937 aut
1670 2909 1755 2936 con-

177 2976 313 3004 sensus
343 2967 450 3013 fecit,
483 2968 554 3004 aut
580 2965 788 3004 necessitas
820 2965 1031 3007 constituit,
1064 2965 1133 3002 aut
1162 2962 1338 3009 firmavit
1367 2959 1609 2998 consuetudo.
