<?xml version="1.0" encoding="UTF-8"?>
<!DOCTYPE html PUBLIC "-//W3C//DTD XHTML 1.0 Transitional//EN"
    "http://www.w3.org/TR/xhtml1/DTD/xhtml1-transitional.dtd">
<html xmlns="http://www.w3.org/1999/xhtml" xml:lang="en" lang="en">
 <head>
  <title>
</title>
<meta http-equiv="Content-Type" content="text/html;charset=utf-8" />
  <meta name='ocr-system' content='tesseract 3.04.00' />
  <meta name='ocr-capabilities' content='ocr_page ocr_carea ocr_par ocr_line ocrx_word'/>
</head>
<body>
  <div class='ocr_page' id='page_1' title='image "./comicorumatticor03kockuoft_0628.png"; bbox 0 0 2014 3334; ppageno 0'>
   <div class='ocr_carea' id='block_1_1' title="bbox 296 222 1208 286">
    <p class='ocr_par' dir='ltr' id='par_1_1' title="bbox 296 222 1208 286">
     <span class='ocr_line' id='line_1_1' title="bbox 296 222 1208 286; baseline -0.01 0"><span class='ocrx_word' id='word_1_1' title='bbox 296 244 382 286; x_wconf 82' lang='lat'><em>608</em></span> <span class='ocrx_word' id='word_1_2' title='bbox 642 222 645 226; x_wconf 36' lang='lat'><strong><em>¹</em></strong></span> <span class='ocrx_word' id='word_1_3' title='bbox 947 245 1208 279; x_wconf 80' lang='grc' dir='ltr'><strong>ΑΔΕΣΠΟΤΑ</strong></span> 
     </span>
    </p>
   </div>
   <div class='ocr_carea' id='block_1_2' title="bbox 294 353 1860 821">
    <p class='ocr_par' dir='ltr' id='par_1_2' title="bbox 294 353 1860 821">
     <span class='ocr_line' id='line_1_2' title="bbox 299 353 1856 407; baseline 0.001 -14"><span class='ocrx_word' id='word_1_4' title='bbox 299 355 332 391; x_wconf 95' lang='lat' dir='ltr'>V</span> <span class='ocrx_word' id='word_1_5' title='bbox 360 356 456 393; x_wconf 83' lang='lat'><strong>178.</strong></span> <span class='ocrx_word' id='word_1_6' title='bbox 485 357 522 393; x_wconf 88' lang='grc'><em>9.</em></span> <span class='ocrx_word' id='word_1_7' title='bbox 579 353 698 405; x_wconf 83' lang='grc' dir='ltr'><em>ἀμνοὶ</em></span> <span class='ocrx_word' id='word_1_8' title='bbox 734 353 827 401; x_wconf 83' lang='grc' dir='ltr'><em>τοὺς</em></span> <span class='ocrx_word' id='word_1_9' title='bbox 863 354 1031 406; x_wconf 83' lang='grc' dir='ltr'><strong><em>τρόπους</em></strong></span> <span class='ocrx_word' id='word_1_10' title='bbox 1069 358 1130 393; x_wconf 87' lang='lat' dir='ltr'>est</span> <span class='ocrx_word' id='word_1_11' title='bbox 1161 355 1287 394; x_wconf 87' lang='lat' dir='ltr'>Arist.</span> <span class='ocrx_word' id='word_1_12' title='bbox 1318 356 1409 394; x_wconf 81' lang='lat' dir='ltr'><strong>Pac.</strong></span> <span class='ocrx_word' id='word_1_13' title='bbox 1436 357 1532 395; x_wconf 86' lang='lat'><strong>935.</strong></span> <span class='ocrx_word' id='word_1_14' title='bbox 1594 357 1643 394; x_wconf 83' lang='lat' dir='ltr'><strong>of.</strong></span> <span class='ocrx_word' id='word_1_15' title='bbox 1674 357 1746 407; x_wconf 89' lang='lat' dir='ltr'><strong>Eq.</strong></span> <span class='ocrx_word' id='word_1_16' title='bbox 1773 358 1856 396; x_wconf 85' lang='lat'><em>264</em></span> 
     </span>
     <span class='ocr_line' id='line_1_3' title="bbox 295 414 1858 465; baseline 0.001 -13"><span class='ocrx_word' id='word_1_17' title='bbox 295 417 337 453; x_wconf 91' lang='lat' dir='ltr'>et</span> <span class='ocrx_word' id='word_1_18' title='bbox 368 415 414 452; x_wconf 93' lang='lat' dir='ltr'>de</span> <span class='ocrx_word' id='word_1_19' title='bbox 446 416 568 453; x_wconf 83' lang='lat' dir='ltr'>verbo</span> <span class='ocrx_word' id='word_1_20' title='bbox 601 419 779 464; x_wconf 81' lang='grc' dir='ltr'><em>μακκοᾶν</em></span> <span class='ocrx_word' id='word_1_21' title='bbox 812 414 883 464; x_wconf 85' lang='lat' dir='ltr'><strong>Eq.</strong></span> <span class='ocrx_word' id='word_1_22' title='bbox 912 416 979 452; x_wconf 83' lang='lat'><strong>62.</strong></span> <span class='ocrx_word' id='word_1_23' title='bbox 1007 416 1103 453; x_wconf 83' lang='lat'><strong>395.</strong></span> <span class='ocrx_word' id='word_1_24' title='bbox 1152 414 1314 453; x_wconf 81' lang='lat' dir='ltr'>Lucian.</span> <span class='ocrx_word' id='word_1_25' title='bbox 1334 415 1498 465; x_wconf 86' lang='lat' dir='ltr'>Lexiph.</span> <span class='ocrx_word' id='word_1_26' title='bbox 1522 417 1587 454; x_wconf 88' lang='grc'><em>19.</em></span> <span class='ocrx_word' id='word_1_27' title='bbox 1618 415 1858 454; x_wconf 81' lang='lat' dir='ltr'><strong>Archilocho</strong></span> 
     </span>
     <span class='ocr_line' id='line_1_4' title="bbox 300 473 1859 530; baseline 0.001 -18"><span class='ocrx_word' id='word_1_28' title='bbox 300 475 396 512; x_wconf 79' lang='lat' dir='ltr'>haee</span> <span class='ocrx_word' id='word_1_29' title='bbox 426 473 571 511; x_wconf 85' lang='lat' dir='ltr'>tribuit</span> <span class='ocrx_word' id='word_1_30' title='bbox 602 473 820 522; x_wconf 81' lang='lat' dir='ltr'>Nauckius,</span> <span class='ocrx_word' id='word_1_31' title='bbox 854 474 953 530; x_wconf 73' lang='lat' dir='ltr'>conl.</span> <span class='ocrx_word' id='word_1_32' title='bbox 986 473 1127 524; x_wconf 86' lang='lat' dir='ltr'>Georg.</span> <span class='ocrx_word' id='word_1_33' title='bbox 1154 473 1317 512; x_wconf 89' lang='lat' dir='ltr'>Cedren.</span> <span class='ocrx_word' id='word_1_34' title='bbox 1342 474 1383 512; x_wconf 93' lang='lat' dir='ltr'><em>II</em></span> <span class='ocrx_word' id='word_1_35' title='bbox 1411 476 1507 524; x_wconf 85' lang='lat'><em>612,</em></span> <span class='ocrx_word' id='word_1_36' title='bbox 1535 476 1559 513; x_wconf 89' lang='grc'>9</span> <span class='ocrx_word' id='word_1_37' title='bbox 1591 478 1660 525; x_wconf 80' lang='grc' dir='ltr'><em>τῆς</em></span> <span class='ocrx_word' id='word_1_38' title='bbox 1689 474 1859 526; x_wconf 86' lang='grc' dir='ltr'><em>πρεσβυ-</em></span> 
     </span>
     <span class='ocr_line' id='line_1_5' title="bbox 294 528 1857 587; baseline 0.001 -17"><span class='ocrx_word' id='word_1_39' title='bbox 294 537 402 583; x_wconf 81' lang='grc' dir='ltr'><em>τικῆς</em></span> <span class='ocrx_word' id='word_1_40' title='bbox 441 530 650 583; x_wconf 76' lang='grc' dir='ltr'><em>ἁψάμενον</em></span> <span class='ocrx_word' id='word_1_41' title='bbox 687 528 858 582; x_wconf 80' lang='grc' dir='ltr'><em>ἡλικίας,</em></span> <span class='ocrx_word' id='word_1_42' title='bbox 894 531 995 587; x_wconf 78' lang='grc' dir='ltr'><em>ᾑτινι</em></span> <span class='ocrx_word' id='word_1_43' title='bbox 1035 530 1249 583; x_wconf 83' lang='grc' dir='ltr'><em>συμφέρειν</em></span> <span class='ocrx_word' id='word_1_44' title='bbox 1286 531 1358 582; x_wconf 83' lang='grc' dir='ltr'><em>τὴν</em></span> <span class='ocrx_word' id='word_1_45' title='bbox 1395 531 1708 585; x_wconf 80' lang='grc' dir='ltr'><em>ἀπραγμοσύνην</em></span> <span class='ocrx_word' id='word_1_46' title='bbox 1734 530 1857 584; x_wconf 55' lang='lat' dir='ltr'><em>’Amt—</em></span> 
     </span>
     <span class='ocr_line' id='line_1_6' title="bbox 294 589 1858 643; baseline 0 -12"><span class='ocrx_word' id='word_1_47' title='bbox 294 595 409 643; x_wconf 86' lang='grc' dir='ltr'><em>λοχος</em></span> <span class='ocrx_word' id='word_1_48' title='bbox 435 589 455 630; x_wconf 87' lang='grc' dir='ltr'><em>ὅ</em></span> <span class='ocrx_word' id='word_1_49' title='bbox 481 589 646 642; x_wconf 78' lang='grc' dir='ltr'><em>ποιητὴς</em></span> <span class='ocrx_word' id='word_1_50' title='bbox 677 589 918 641; x_wconf 85' lang='grc' dir='ltr'><em>ἀπεφήνατο.</em></span> <span class='ocrx_word' id='word_1_51' title='bbox 971 592 1077 642; x_wconf 89' lang='lat' dir='ltr'>quod</span> <span class='ocrx_word' id='word_1_52' title='bbox 1109 592 1381 630; x_wconf 72' lang='lat' dir='ltr'>testimonium</span> <span class='ocrx_word' id='word_1_53' title='bbox 1407 593 1588 642; x_wconf 88' lang='lat' dir='ltr'>quamvis</span> <span class='ocrx_word' id='word_1_54' title='bbox 1619 605 1740 643; x_wconf 85' lang='lat' dir='ltr'>grave</span> <span class='ocrx_word' id='word_1_55' title='bbox 1771 605 1858 631; x_wconf 88' lang='lat' dir='ltr'>esse</span> 
     </span>
     <span class='ocr_line' id='line_1_7' title="bbox 294 647 1860 703; baseline 0 -13"><span class='ocrx_word' id='word_1_56' title='bbox 294 651 519 699; x_wconf 84' lang='lat' dir='ltr'>concedam,</span> <span class='ocrx_word' id='word_1_57' title='bbox 550 655 687 689; x_wconf 87' lang='lat' dir='ltr'>tamen</span> <span class='ocrx_word' id='word_1_58' title='bbox 713 651 911 689; x_wconf 79' lang='lat' dir='ltr'>sententia</span> <span class='ocrx_word' id='word_1_59' title='bbox 935 663 1014 690; x_wconf 91' lang='lat' dir='ltr'><em>non</em></span> <span class='ocrx_word' id='word_1_60' title='bbox 1038 651 1096 689; x_wconf 88' lang='lat' dir='ltr'>ita</span> <span class='ocrx_word' id='word_1_61' title='bbox 1122 653 1352 701; x_wconf 84' lang='lat' dir='ltr'>comparata</span> <span class='ocrx_word' id='word_1_62' title='bbox 1380 654 1452 702; x_wconf 82' lang='lat' dir='ltr'>est,</span> <span class='ocrx_word' id='word_1_63' title='bbox 1482 655 1531 689; x_wconf 92' lang='lat' dir='ltr'><em>ut</em></span> <span class='ocrx_word' id='word_1_64' title='bbox 1555 652 1691 690; x_wconf 87' lang='lat' dir='ltr'>eadem</span> <span class='ocrx_word' id='word_1_65' title='bbox 1722 647 1860 703; x_wconf 87' lang='lat' dir='ltr'>(aliter</span> 
     </span>
     <span class='ocr_line' id='line_1_8' title="bbox 294 706 1858 763; baseline 0 -14"><span class='ocrx_word' id='word_1_66' title='bbox 294 706 498 763; x_wconf 83' lang='lat' dir='ltr'>expressa)</span> <span class='ocrx_word' id='word_1_67' title='bbox 530 723 610 749; x_wconf 91' lang='lat' dir='ltr'><em>non</em></span> <span class='ocrx_word' id='word_1_68' title='bbox 633 710 756 748; x_wconf 87' lang='lat' dir='ltr'>etiam</span> <span class='ocrx_word' id='word_1_69' title='bbox 783 710 887 749; x_wconf 89' lang='lat' dir='ltr'>alius</span> <span class='ocrx_word' id='word_1_70' title='bbox 912 713 1030 760; x_wconf 85' lang='lat' dir='ltr'>poeta</span> <span class='ocrx_word' id='word_1_71' title='bbox 1059 710 1122 748; x_wconf 90' lang='lat' dir='ltr'>uti</span> <span class='ocrx_word' id='word_1_72' title='bbox 1145 710 1335 760; x_wconf 88' lang='lat' dir='ltr'>potuerit.</span> <span class='ocrx_word' id='word_1_73' title='bbox 1383 711 1530 761; x_wconf 85' lang='lat' dir='ltr'>itaque,</span> <span class='ocrx_word' id='word_1_74' title='bbox 1562 710 1596 749; x_wconf 86' lang='lat' dir='ltr'>si</span> <span class='ocrx_word' id='word_1_75' title='bbox 1621 708 1740 761; x_wconf 82' lang='grc' dir='ltr'><em>ἀμνοὶ</em></span> <span class='ocrx_word' id='word_1_76' title='bbox 1765 710 1858 749; x_wconf 65' lang='lat' dir='ltr'><em>seri·v</em></span> 
     </span>
     <span class='ocr_line' id='line_1_9' title="bbox 294 769 863 821; baseline -0.002 -13"><span class='ocrx_word' id='word_1_77' title='bbox 294 771 425 821; x_wconf 85' lang='lat' dir='ltr'>batur,</span> <span class='ocrx_word' id='word_1_78' title='bbox 457 769 607 808; x_wconf 79' lang='lat' dir='ltr'>comico</span> <span class='ocrx_word' id='word_1_79' title='bbox 639 769 863 807; x_wconf 77' lang='lat' dir='ltr'><strong>tribuerim.</strong></span> 
     </span>
    </p>
   </div>
   <div class='ocr_carea' id='block_1_3' title="bbox 1022 850 1132 891">
    <p class='ocr_par' dir='ltr' id='par_1_3' title="bbox 1022 850 1132 891">
     <span class='ocr_line' id='line_1_10' title="bbox 1022 850 1132 891; baseline 0.009 -1"><span class='ocrx_word' id='word_1_80' title='bbox 1022 850 1132 891; x_wconf 89' lang='grc'><strong>1211</strong></span> 
     </span>
    </p>
   </div>
   <div class='ocr_carea' id='block_1_4' title="bbox 577 928 1691 1131">
    <p class='ocr_par' dir='ltr' id='par_1_4' title="bbox 577 928 1691 1131">
     <span class='ocr_line' id='line_1_11' title="bbox 579 928 1530 988; baseline 0 -14"><span class='ocrx_word' id='word_1_81' title='bbox 579 931 690 974; x_wconf 83' lang='grc' dir='ltr'><em>ἀλλὰ</em></span> <span class='ocrx_word' id='word_1_82' title='bbox 720 931 911 983; x_wconf 79' lang='grc' dir='ltr'><strong><em>ξενῶνας</em></strong></span> <span class='ocrx_word' id='word_1_83' title='bbox 942 928 1036 986; x_wconf 76' lang='grc' dir='ltr'><em>οἶγε</em></span> <span class='ocrx_word' id='word_1_84' title='bbox 1067 930 1140 974; x_wconf 88' lang='grc' dir='ltr'><em>καὶ</em></span> <span class='ocrx_word' id='word_1_85' title='bbox 1172 931 1311 988; x_wconf 77' lang='grc' dir='ltr'><em>ῥᾶνον</em></span> <span class='ocrx_word' id='word_1_86' title='bbox 1343 933 1530 987; x_wconf 80' lang='grc' dir='ltr'><em>δόμους,</em></span> 
     </span>
     <span class='ocr_line' id='line_1_12' title="bbox 579 1001 1691 1059; baseline 0 -14"><span class='ocrx_word' id='word_1_87' title='bbox 579 1003 782 1059; x_wconf 78' lang='grc' dir='ltr'><em>στρώννυ</em></span> <span class='ocrx_word' id='word_1_88' title='bbox 813 1019 859 1045; x_wconf 87' lang='grc' dir='ltr'><em>τε</em></span> <span class='ocrx_word' id='word_1_89' title='bbox 890 1004 1039 1053; x_wconf 81' lang='grc' dir='ltr'><em>κοίτας</em></span> <span class='ocrx_word' id='word_1_90' title='bbox 1066 1001 1139 1045; x_wconf 82' lang='grc' dir='ltr'><em>καὶ</em></span> <span class='ocrx_word' id='word_1_91' title='bbox 1173 1003 1312 1058; x_wconf 89' lang='grc' dir='ltr'><em>πυρὸς</em></span> <span class='ocrx_word' id='word_1_92' title='bbox 1344 1002 1507 1058; x_wconf 79' lang='grc' dir='ltr'><em>φλέξον</em></span> <span class='ocrx_word' id='word_1_93' title='bbox 1538 1001 1691 1058; x_wconf 83' lang='grc' dir='ltr'><em>μένος,</em></span> 
     </span>
     <span class='ocr_line' id='line_1_13' title="bbox 577 1071 1585 1131; baseline -0.001 -14"><span class='ocrx_word' id='word_1_94' title='bbox 577 1075 772 1131; x_wconf 79' lang='grc' dir='ltr'><em>κρατῆρά</em></span> <span class='ocrx_word' id='word_1_95' title='bbox 802 1073 840 1116; x_wconf 86' lang='grc' dir='ltr'><em>τ’</em></span> <span class='ocrx_word' id='word_1_96' title='bbox 878 1078 1009 1131; x_wconf 78' lang='grc' dir='ltr'><em>αἴρου</em></span> <span class='ocrx_word' id='word_1_97' title='bbox 1038 1071 1112 1116; x_wconf 81' lang='grc' dir='ltr'><em>καὶ</em></span> <span class='ocrx_word' id='word_1_98' title='bbox 1143 1075 1221 1116; x_wconf 93' lang='grc' dir='ltr'><em>τὸν</em></span> <span class='ocrx_word' id='word_1_99' title='bbox 1251 1074 1435 1128; x_wconf 81' lang='grc' dir='ltr'><em>ἥδιστον</em></span> <span class='ocrx_word' id='word_1_100' title='bbox 1466 1073 1585 1130; x_wconf 83' lang='grc' dir='ltr'><em>κέρα.</em></span> 
     </span>
    </p>
   </div>
   <div class='ocr_carea' id='block_1_5' title="bbox 292 1159 1857 1449">
    <p class='ocr_par' dir='ltr' id='par_1_5' title="bbox 292 1159 1857 1449">
     <span class='ocr_line' id='line_1_14' title="bbox 412 1159 1856 1214; baseline 0 -15"><span class='ocrx_word' id='word_1_101' title='bbox 412 1162 644 1200; x_wconf 70' lang='lat' dir='ltr'><strong>Athenaeus</strong></span> <span class='ocrx_word' id='word_1_102' title='bbox 666 1164 703 1212; x_wconf 84' lang='lat'><em>2,</em></span> <span class='ocrx_word' id='word_1_103' title='bbox 723 1163 778 1200; x_wconf 85' lang='lat'><em>48</em></span> <span class='ocrx_word' id='word_1_104' title='bbox 788 1174 822 1212; x_wconf 86' lang='lat' dir='ltr'><em>a,</em></span> <span class='ocrx_word' id='word_1_105' title='bbox 853 1160 1031 1211; x_wconf 85' lang='lat' dir='ltr'>proxime</span> <span class='ocrx_word' id='word_1_106' title='bbox 1056 1162 1149 1210; x_wconf 88' lang='lat' dir='ltr'>post</span> <span class='ocrx_word' id='word_1_107' title='bbox 1172 1160 1466 1199; x_wconf 86' lang='lat' dir='ltr'>Anaxandridis</span> <span class='ocrx_word' id='word_1_108' title='bbox 1491 1161 1540 1199; x_wconf 87' lang='lat' dir='ltr'><strong>fr.</strong></span> <span class='ocrx_word' id='word_1_109' title='bbox 1562 1162 1628 1200; x_wconf 86' lang='lat'><strong>70.</strong></span> <span class='ocrx_word' id='word_1_110' title='bbox 1679 1159 1856 1214; x_wconf 86' lang='grc' dir='ltr'><em>στρώννυ</em></span> 
     </span>
     <span class='ocr_line' id='line_1_15' title="bbox 293 1217 1856 1273; baseline -0.001 -13"><span class='ocrx_word' id='word_1_111' title='bbox 293 1219 413 1271; x_wconf 73' lang='lat' dir='ltr'>Mus]</span> <span class='ocrx_word' id='word_1_112' title='bbox 441 1217 551 1272; x_wconf 75' lang='grc' dir='ltr'><em>στρῶ“</em></span> <span class='ocrx_word' id='word_1_113' title='bbox 590 1221 636 1259; x_wconf 87' lang='grc' dir='ltr'><em>Ε.</em></span> <span class='ocrx_word' id='word_1_114' title='bbox 656 1219 860 1273; x_wconf 82' lang='grc' dir='ltr'><em>στρωμνὰς</em></span> <span class='ocrx_word' id='word_1_115' title='bbox 880 1219 921 1259; x_wconf 84' lang='lat' dir='ltr'><strong>C.</strong></span> <span class='ocrx_word' id='word_1_116' title='bbox 984 1221 1020 1259; x_wconf 88' lang='lat'><em>3.</em></span> <span class='ocrx_word' id='word_1_117' title='bbox 1045 1219 1160 1272; x_wconf 84' lang='grc' dir='ltr'><em>αἴρου</em></span> <span class='ocrx_word' id='word_1_118' title='bbox 1181 1218 1232 1270; x_wconf 90' lang='lat' dir='ltr'><em>L]</em></span> <span class='ocrx_word' id='word_1_119' title='bbox 1255 1219 1369 1272; x_wconf 81' lang='grc' dir='ltr'><em>αἴγου</em></span> <span class='ocrx_word' id='word_1_120' title='bbox 1388 1220 1435 1258; x_wconf 89' lang='lat' dir='ltr'><strong>B.</strong></span> <span class='ocrx_word' id='word_1_121' title='bbox 1485 1217 1609 1272; x_wconf 72' lang='grc' dir='ltr'><em>ἅργου</em></span> <span class='ocrx_word' id='word_1_122' title='bbox 1631 1219 1710 1259; x_wconf 80' lang='grc' dir='ltr'><em>ΟΕ.</em></span> <span class='ocrx_word' id='word_1_123' title='bbox 1732 1241 1781 1247; x_wconf 89' lang='grc'>-</span> <span class='ocrx_word' id='word_1_124' title='bbox 1805 1220 1856 1258; x_wconf 88' lang='lat' dir='ltr'><em>ad</em></span> 
     </span>
     <span class='ocr_line' id='line_1_16' title="bbox 300 1278 1856 1331; baseline -0.001 -12"><span class='ocrx_word' id='word_1_125' title='bbox 300 1281 515 1331; x_wconf 83' lang='lat' dir='ltr'>satyricam</span> <span class='ocrx_word' id='word_1_126' title='bbox 536 1281 713 1319; x_wconf 88' lang='lat' dir='ltr'>fabulam</span> <span class='ocrx_word' id='word_1_127' title='bbox 731 1279 871 1319; x_wconf 85' lang='lat' dir='ltr'>referri</span> <span class='ocrx_word' id='word_1_128' title='bbox 889 1279 1009 1318; x_wconf 88' lang='lat' dir='ltr'>iussit</span> <span class='ocrx_word' id='word_1_129' title='bbox 1028 1278 1201 1318; x_wconf 85' lang='lat' dir='ltr'>Cobetus</span> <span class='ocrx_word' id='word_1_130' title='bbox 1214 1279 1262 1318; x_wconf 89' lang='lat' dir='ltr'><em>N.</em></span> <span class='ocrx_word' id='word_1_131' title='bbox 1276 1280 1302 1318; x_wconf 90' lang='lat'><strong>1.</strong></span> <span class='ocrx_word' id='word_1_132' title='bbox 1318 1281 1372 1319; x_wconf 85' lang='lat'><em>47</em></span> <span class='ocrx_word' id='word_1_133' title='bbox 1394 1281 1493 1318; x_wconf 87' lang='lat' dir='ltr'>extr.</span> <span class='ocrx_word' id='word_1_134' title='bbox 1508 1280 1573 1317; x_wconf 87' lang='lat' dir='ltr'><strong>Tr.</strong></span> <span class='ocrx_word' id='word_1_135' title='bbox 1587 1292 1645 1330; x_wconf 81' lang='lat' dir='ltr'><strong>gr.</strong></span> <span class='ocrx_word' id='word_1_136' title='bbox 1660 1280 1707 1317; x_wconf 86' lang='lat' dir='ltr'><strong>fr.</strong></span> <span class='ocrx_word' id='word_1_137' title='bbox 1723 1279 1856 1329; x_wconf 86' lang='lat' dir='ltr'>adesp.</span> 
     </span>
     <span class='ocr_line' id='line_1_17' title="bbox 295 1336 1857 1392; baseline -0.001 -14"><span class='ocrx_word' id='word_1_138' title='bbox 295 1342 349 1379; x_wconf 88' lang='lat'><em>63</em></span> <span class='ocrx_word' id='word_1_139' title='bbox 376 1340 425 1378; x_wconf 91' lang='lat' dir='ltr'><em>N.</em></span> <span class='ocrx_word' id='word_1_140' title='bbox 466 1341 500 1379; x_wconf 89' lang='lat' dir='ltr'>si</span> <span class='ocrx_word' id='word_1_141' title='bbox 526 1340 698 1380; x_wconf 76' lang='lat' dir='ltr'>comicus</span> <span class='ocrx_word' id='word_1_142' title='bbox 723 1340 894 1390; x_wconf 85' lang='lat' dir='ltr'>scripsit,</span> <span class='ocrx_word' id='word_1_143' title='bbox 913 1338 1080 1392; x_wconf 82' lang='lat' dir='ltr'>parodia</span> <span class='ocrx_word' id='word_1_144' title='bbox 1098 1340 1160 1377; x_wconf 88' lang='lat' dir='ltr'>est</span> <span class='ocrx_word' id='word_1_145' title='bbox 1179 1339 1242 1378; x_wconf 89' lang='lat' dir='ltr'>vel</span> <span class='ocrx_word' id='word_1_146' title='bbox 1261 1336 1436 1377; x_wconf 86' lang='lat' dir='ltr'>imitatio</span> <span class='ocrx_word' id='word_1_147' title='bbox 1455 1338 1700 1389; x_wconf 78' lang='lat' dir='ltr'>tragoediae,</span> <span class='ocrx_word' id='word_1_148' title='bbox 1720 1339 1857 1389; x_wconf 85' lang='lat' dir='ltr'>quales</span> 
     </span>
     <span class='ocr_line' id='line_1_18' title="bbox 292 1397 1857 1449; baseline -0.001 -11"><span class='ocrx_word' id='word_1_149' title='bbox 292 1399 515 1449; x_wconf 73' lang='lat' dir='ltr'>permultae</span> <span class='ocrx_word' id='word_1_150' title='bbox 547 1401 706 1439; x_wconf 83' lang='lat' dir='ltr'>exstant</span> <span class='ocrx_word' id='word_1_151' title='bbox 736 1399 778 1437; x_wconf 89' lang='lat' dir='ltr'>in</span> <span class='ocrx_word' id='word_1_152' title='bbox 811 1398 1051 1448; x_wconf 85' lang='lat' dir='ltr'>Antiphanis</span> <span class='ocrx_word' id='word_1_153' title='bbox 1089 1397 1337 1448; x_wconf 87' lang='lat' dir='ltr'>aliorumque</span> <span class='ocrx_word' id='word_1_154' title='bbox 1369 1398 1617 1448; x_wconf 72' lang='lat' dir='ltr'><strong>fragmentis.</strong></span> <span class='ocrx_word' id='word_1_155' title='bbox 1679 1399 1857 1436; x_wconf 76' lang='lat' dir='ltr'>ceterum</span> 
     </span>
    </p>
   </div>
   <div class='ocr_carea' id='block_1_6' title="bbox 294 1459 1134 1579">
    <p class='ocr_par' dir='ltr' id='par_1_6' title="bbox 294 1459 1134 1579">
     <span class='ocr_line' id='line_1_19' title="bbox 294 1459 817 1509; baseline 0 -12"><span class='ocrx_word' id='word_1_156' title='bbox 294 1459 343 1497; x_wconf 80' lang='lat' dir='ltr'><strong>cf.</strong></span> <span class='ocrx_word' id='word_1_157' title='bbox 374 1459 512 1509; x_wconf 88' lang='lat' dir='ltr'><strong>Eurip.</strong></span> <span class='ocrx_word' id='word_1_158' title='bbox 544 1459 693 1498; x_wconf 86' lang='lat' dir='ltr'>Alcest.</span> <span class='ocrx_word' id='word_1_159' title='bbox 721 1460 817 1498; x_wconf 86' lang='lat'><strong>547.</strong></span> 
     </span>
     <span class='ocr_line' id='line_1_20' title="bbox 1020 1538 1134 1579; baseline 0 0"><span class='ocrx_word' id='word_1_160' title='bbox 1020 1538 1134 1579; x_wconf 87' lang='grc'><strong>1212</strong></span> 
     </span>
    </p>
   </div>
   <div class='ocr_carea' id='block_1_7' title="bbox 292 1619 1857 2411">
    <p class='ocr_par' dir='ltr' id='par_1_7' title="bbox 292 1619 1857 1961">
     <span class='ocr_line' id='line_1_21' title="bbox 410 1619 1856 1676; baseline -0.001 -13"><span class='ocrx_word' id='word_1_161' title='bbox 410 1625 610 1676; x_wconf 84' lang='lat' dir='ltr'>Diogenes</span> <span class='ocrx_word' id='word_1_162' title='bbox 636 1624 769 1662; x_wconf 85' lang='lat' dir='ltr'>Laert.</span> <span class='ocrx_word' id='word_1_163' title='bbox 797 1625 841 1674; x_wconf 87' lang='lat'><em>6,</em></span> <span class='ocrx_word' id='word_1_164' title='bbox 869 1625 922 1663; x_wconf 90' lang='lat'><em>93</em></span> <span class='ocrx_word' id='word_1_165' title='bbox 948 1621 1047 1673; x_wconf 81' lang='grc' dir='ltr'><em>πρὸς</em></span> <span class='ocrx_word' id='word_1_166' title='bbox 1074 1619 1330 1673; x_wconf 82' lang='grc' dir='ltr'><em>Ἀλέξανδρον</em></span> <span class='ocrx_word' id='word_1_167' title='bbox 1356 1621 1590 1674; x_wconf 82' lang='grc' dir='ltr'><em>πυθόμενον</em></span> <span class='ocrx_word' id='word_1_168' title='bbox 1617 1622 1652 1662; x_wconf 84' lang='grc' dir='ltr'><em>εἰ</em></span> <span class='ocrx_word' id='word_1_169' title='bbox 1675 1622 1856 1675; x_wconf 85' lang='grc' dir='ltr'><em>βούλεται</em></span> 
     </span>
     <span class='ocr_line' id='line_1_22' title="bbox 294 1676 1856 1735; baseline -0.001 -13"><span class='ocrx_word' id='word_1_170' title='bbox 294 1682 416 1723; x_wconf 76' lang='grc' dir='ltr'><em>αὐτοῦ</em></span> <span class='ocrx_word' id='word_1_171' title='bbox 454 1682 526 1734; x_wconf 81' lang='grc' dir='ltr'><em>τὴν</em></span> <span class='ocrx_word' id='word_1_172' title='bbox 563 1683 731 1735; x_wconf 78' lang='grc' dir='ltr'><em>πατρίδα</em></span> <span class='ocrx_word' id='word_1_173' title='bbox 762 1681 1073 1733; x_wconf 79' lang='grc' dir='ltr'><em>ἀνορθωθῆναι,</em></span> <span class='ocrx_word' id='word_1_174' title='bbox 1104 1680 1182 1732; x_wconf 75' lang='grc' dir='ltr'><em>ἔφη</em></span> <span class='ocrx_word' id='word_1_175' title='bbox 1215 1676 1427 1735; x_wconf 81' lang='grc' dir='ltr'><em>(Κράτης)·</em></span> <span class='ocrx_word' id='word_1_176' title='bbox 1466 1681 1531 1721; x_wconf 84' lang='grc' dir='ltr'><em>καὶ</em></span> <span class='ocrx_word' id='word_1_177' title='bbox 1562 1682 1599 1721; x_wconf 90' lang='grc' dir='ltr'><em>τί</em></span> <span class='ocrx_word' id='word_1_178' title='bbox 1629 1682 1706 1730; x_wconf 70' lang='grc' dir='ltr'><em>δεῖς</em></span> <span class='ocrx_word' id='word_1_179' title='bbox 1737 1681 1856 1721; x_wconf 79' lang='grc' dir='ltr'><em>πάλιν</em></span> 
     </span>
     <span class='ocr_line' id='line_1_23' title="bbox 292 1738 1856 1795; baseline -0.001 -13"><span class='ocrx_word' id='word_1_180' title='bbox 292 1742 366 1795; x_wconf 76' lang='grc' dir='ltr'><em>γὰρ</em></span> <span class='ocrx_word' id='word_1_181' title='bbox 404 1743 497 1790; x_wconf 85' lang='grc' dir='ltr'><em>ἴσως</em></span> <span class='ocrx_word' id='word_1_182' title='bbox 534 1741 648 1789; x_wconf 73' lang='grc' dir='ltr'><em>ἄλλος</em></span> <span class='ocrx_word' id='word_1_183' title='bbox 676 1738 928 1793; x_wconf 81' lang='grc' dir='ltr'><em>Ἀλέξανδρος</em></span> <span class='ocrx_word' id='word_1_184' title='bbox 960 1739 1085 1791; x_wconf 79' lang='grc' dir='ltr'><em>αὐτὴν</em></span> <span class='ocrx_word' id='word_1_185' title='bbox 1117 1740 1376 1792; x_wconf 79' lang='grc' dir='ltr'><em>κατασκάψει·</em></span> <span class='ocrx_word' id='word_1_186' title='bbox 1414 1740 1539 1793; x_wconf 74' lang='grc' dir='ltr'><em>ἔχειν</em></span> <span class='ocrx_word' id='word_1_187' title='bbox 1575 1742 1598 1780; x_wconf 91' lang='grc' dir='ltr'><em>δ</em></span> <span class='ocrx_word' id='word_1_188' title='bbox 1607 1739 1623 1780; x_wconf 81' lang='grc' dir='ltr'>ὲ</span> <span class='ocrx_word' id='word_1_189' title='bbox 1653 1741 1856 1791; x_wconf 85' lang='grc' dir='ltr'><em>πατρίδα</em></span> 
     </span>
     <span class='ocr_line' id='line_1_24' title="bbox 293 1796 1857 1855; baseline -0.002 -13"><span class='ocrx_word' id='word_1_190' title='bbox 293 1801 492 1850; x_wconf 78' lang='grc' dir='ltr'><em>ἀδοξίαν</em></span> <span class='ocrx_word' id='word_1_191' title='bbox 516 1801 602 1849; x_wconf 73' lang='grc' dir='ltr'><em>καὶ</em></span> <span class='ocrx_word' id='word_1_192' title='bbox 638 1801 810 1841; x_wconf 87' lang='grc' dir='ltr'><em>πενίαν</em></span> <span class='ocrx_word' id='word_1_193' title='bbox 842 1799 1061 1840; x_wconf 81' lang='grc' dir='ltr'><em>ἀνάλωτα</em></span> <span class='ocrx_word' id='word_1_194' title='bbox 1091 1805 1143 1855; x_wconf 75' lang='grc' dir='ltr'><em>τῇ</em></span> <span class='ocrx_word' id='word_1_195' title='bbox 1175 1800 1288 1855; x_wconf 77' lang='grc' dir='ltr'><em>τύχῃ</em></span> <span class='ocrx_word' id='word_1_196' title='bbox 1320 1799 1396 1839; x_wconf 82' lang='grc' dir='ltr'><em>καὶ</em></span> <span class='ocrx_word' id='word_1_197' title='bbox 1428 1798 1694 1854; x_wconf 80' lang='grc' dir='ltr'><em>Διογένους</em></span> <span class='ocrx_word' id='word_1_198' title='bbox 1732 1796 1857 1840; x_wconf 85' lang='grc' dir='ltr'><em>εἶναι</em></span> 
     </span>
     <span class='ocr_line' id='line_1_25' title="bbox 293 1859 1855 1913; baseline -0.001 -12"><span class='ocrx_word' id='word_1_199' title='bbox 293 1862 508 1913; x_wconf 79' lang='grc' dir='ltr'><em>πολίτης,</em></span> <span class='ocrx_word' id='word_1_200' title='bbox 549 1860 958 1913; x_wconf 80' lang='grc' dir='ltr'><em>ἀνεπιβουλεύτου</em></span> <span class='ocrx_word' id='word_1_201' title='bbox 1000 1859 1181 1913; x_wconf 81' lang='grc' dir='ltr'><em>φθόνῳ.</em></span> <span class='ocrx_word' id='word_1_202' title='bbox 1244 1873 1291 1899; x_wconf 82' lang='lat' dir='ltr'>ex</span> <span class='ocrx_word' id='word_1_203' title='bbox 1335 1861 1479 1911; x_wconf 85' lang='lat' dir='ltr'>quibus</span> <span class='ocrx_word' id='word_1_204' title='bbox 1519 1860 1742 1899; x_wconf 89' lang='lat' dir='ltr'>Meinekius</span> <span class='ocrx_word' id='word_1_205' title='bbox 1783 1861 1855 1899; x_wconf 89' lang='lat' dir='ltr'><em>hos</em></span> 
     </span>
     <span class='ocr_line' id='line_1_26' title="bbox 294 1922 634 1961; baseline -0.003 0"><span class='ocrx_word' id='word_1_206' title='bbox 294 1934 433 1961; x_wconf 84' lang='lat' dir='ltr'>versus</span> <span class='ocrx_word' id='word_1_207' title='bbox 465 1922 634 1960; x_wconf 88' lang='lat' dir='ltr'>effinxit:</span> 
     </span>
    </p>

    <p class='ocr_par' dir='ltr' id='par_1_8' title="bbox 578 1988 1306 2044">
     <span class='ocr_line' id='line_1_27' title="bbox 578 1988 1306 2044; baseline -0.001 -13"><span class='ocrx_word' id='word_1_208' title='bbox 578 1991 678 2044; x_wconf 76' lang='grc' dir='ltr'><em>ἔχειν</em></span> <span class='ocrx_word' id='word_1_209' title='bbox 712 1989 754 2031; x_wconf 79' lang='grc' dir='ltr'><em>δὲ</em></span> <span class='ocrx_word' id='word_1_210' title='bbox 785 1988 938 2044; x_wconf 85' lang='grc' dir='ltr'><em>πατρίδ’</em></span> <span class='ocrx_word' id='word_1_211' title='bbox 968 1990 1132 2039; x_wconf 80' lang='grc' dir='ltr'><em>ἀδοξίαν</em></span> <span class='ocrx_word' id='word_1_212' title='bbox 1162 1989 1306 2039; x_wconf 79' lang='grc' dir='ltr'><em>ἐπαξιῶ</em></span> 
     </span>
    </p>

    <p class='ocr_par' dir='ltr' id='par_1_9' title="bbox 577 2047 1583 2105">
     <span class='ocr_line' id='line_1_28' title="bbox 577 2047 1583 2105; baseline -0.002 -14"><span class='ocrx_word' id='word_1_213' title='bbox 577 2052 719 2091; x_wconf 87' lang='grc' dir='ltr'><em>πενίαν</em></span> <span class='ocrx_word' id='word_1_214' title='bbox 750 2047 800 2102; x_wconf 80' lang='grc' dir='ltr'><em>τ’,</em></span> <span class='ocrx_word' id='word_1_215' title='bbox 832 2049 1012 2090; x_wconf 84' lang='grc' dir='ltr'><em>ἀνάλωτα</em></span> <span class='ocrx_word' id='word_1_216' title='bbox 1043 2055 1087 2105; x_wconf 81' lang='grc' dir='ltr'><em>τῇ</em></span> <span class='ocrx_word' id='word_1_217' title='bbox 1119 2050 1236 2105; x_wconf 83' lang='grc' dir='ltr'><em>τύχῃ,</em></span> <span class='ocrx_word' id='word_1_218' title='bbox 1267 2048 1333 2089; x_wconf 83' lang='grc' dir='ltr'><em>καὶ</em></span> <span class='ocrx_word' id='word_1_219' title='bbox 1364 2048 1583 2103; x_wconf 81' lang='grc' dir='ltr'><em>Διογένους</em></span> 
     </span>
    </p>

    <p class='ocr_par' dir='ltr' id='par_1_10' title="bbox 292 2107 1854 2411">
     <span class='ocr_line' id='line_1_29' title="bbox 578 2107 1443 2165; baseline -0.001 -15"><span class='ocrx_word' id='word_1_220' title='bbox 578 2107 679 2150; x_wconf 83' lang='grc' dir='ltr'><em>εἶναι</em></span> <span class='ocrx_word' id='word_1_221' title='bbox 710 2110 888 2161; x_wconf 84' lang='grc' dir='ltr'><em>πολίτης,</em></span> <span class='ocrx_word' id='word_1_222' title='bbox 919 2108 1254 2162; x_wconf 84' lang='grc' dir='ltr'><em>ἀνεπιβουλεύτου</em></span> <span class='ocrx_word' id='word_1_223' title='bbox 1286 2109 1443 2165; x_wconf 83' lang='grc' dir='ltr'><em>φθόνῳ.</em></span> 
     </span>
     <span class='ocr_line' id='line_1_30' title="bbox 293 2177 1852 2231; baseline -0.002 -9"><span class='ocrx_word' id='word_1_224' title='bbox 293 2184 361 2222; x_wconf 83' lang='lat' dir='ltr'>sed</span> <span class='ocrx_word' id='word_1_225' title='bbox 400 2180 585 2221; x_wconf 69' lang='lat' dir='ltr'>‘fortasse</span> <span class='ocrx_word' id='word_1_226' title='bbox 621 2191 702 2221; x_wconf 86' lang='lat' dir='ltr'><em>non</em></span> <span class='ocrx_word' id='word_1_227' title='bbox 736 2182 876 2221; x_wconf 82' lang='lat' dir='ltr'>comici</span> <span class='ocrx_word' id='word_1_228' title='bbox 907 2184 1066 2231; x_wconf 82' lang='lat' dir='ltr'>poetae,</span> <span class='ocrx_word' id='word_1_229' title='bbox 1105 2181 1172 2220; x_wconf 89' lang='lat' dir='ltr'>sed</span> <span class='ocrx_word' id='word_1_230' title='bbox 1204 2181 1331 2231; x_wconf 86' lang='lat' dir='ltr'>ipsius</span> <span class='ocrx_word' id='word_1_231' title='bbox 1363 2184 1456 2219; x_wconf 85' lang='lat' dir='ltr'>sunt</span> <span class='ocrx_word' id='word_1_232' title='bbox 1489 2177 1686 2219; x_wconf 68' lang='lat' dir='ltr'><em>Cratetis.9</em></span> <span class='ocrx_word' id='word_1_233' title='bbox 1735 2181 1852 2219; x_wconf 89' lang='lat' dir='ltr'>Mein.</span> 
     </span>
     <span class='ocr_line' id='line_1_31' title="bbox 292 2239 1854 2292; baseline -0.001 -12"><span class='ocrx_word' id='word_1_234' title='bbox 292 2244 463 2281; x_wconf 86' lang='lat' dir='ltr'>solutam</span> <span class='ocrx_word' id='word_1_235' title='bbox 496 2242 715 2281; x_wconf 88' lang='lat' dir='ltr'>orationem</span> <span class='ocrx_word' id='word_1_236' title='bbox 753 2242 794 2280; x_wconf 91' lang='lat' dir='ltr'>in</span> <span class='ocrx_word' id='word_1_237' title='bbox 825 2241 998 2280; x_wconf 74' lang='lat' dir='ltr'><em>editione</em></span> <span class='ocrx_word' id='word_1_238' title='bbox 1029 2240 1220 2292; x_wconf 83' lang='lat' dir='ltr'>Diogenis</span> <span class='ocrx_word' id='word_1_239' title='bbox 1253 2240 1413 2279; x_wconf 84' lang='lat' dir='ltr'>exhibet</span> <span class='ocrx_word' id='word_1_240' title='bbox 1450 2239 1632 2278; x_wconf 85' lang='lat' dir='ltr'>Cobetus.</span> <span class='ocrx_word' id='word_1_241' title='bbox 1694 2240 1727 2278; x_wconf 87' lang='lat' dir='ltr'>si</span> <span class='ocrx_word' id='word_1_242' title='bbox 1761 2243 1854 2278; x_wconf 81' lang='lat' dir='ltr'>sunt</span> 
     </span>
     <span class='ocr_line' id='line_1_32' title="bbox 292 2299 1852 2352; baseline -0.002 -12"><span class='ocrx_word' id='word_1_243' title='bbox 292 2302 432 2340; x_wconf 84' lang='lat' dir='ltr'>comici</span> <span class='ocrx_word' id='word_1_244' title='bbox 477 2302 658 2352; x_wconf 81' lang='lat' dir='ltr'>cynicum</span> <span class='ocrx_word' id='word_1_245' title='bbox 701 2301 981 2351; x_wconf 89' lang='lat' dir='ltr'>philosophum</span> <span class='ocrx_word' id='word_1_246' title='bbox 1022 2300 1119 2338; x_wconf 82' lang='lat' dir='ltr'>haec</span> <span class='ocrx_word' id='word_1_247' title='bbox 1157 2299 1286 2338; x_wconf 80' lang='lat' dir='ltr'>dicere</span> <span class='ocrx_word' id='word_1_248' title='bbox 1324 2299 1529 2350; x_wconf 85' lang='lat' dir='ltr'>fingentis,</span> <span class='ocrx_word' id='word_1_249' title='bbox 1568 2311 1710 2338; x_wconf 82' lang='lat' dir='ltr'>versus</span> <span class='ocrx_word' id='word_1_250' title='bbox 1740 2301 1759 2337; x_wconf 93' lang='lat'>1</span> <span class='ocrx_word' id='word_1_251' title='bbox 1796 2299 1852 2337; x_wconf 73' lang='lat' dir='ltr'>sic</span> 
     </span>
     <span class='ocr_line' id='line_1_33' title="bbox 292 2354 1675 2411; baseline -0.001 -13"><span class='ocrx_word' id='word_1_252' title='bbox 292 2362 460 2400; x_wconf 87' lang='lat' dir='ltr'>fortasse</span> <span class='ocrx_word' id='word_1_253' title='bbox 493 2361 723 2400; x_wconf 85' lang='lat' dir='ltr'>scribendus</span> <span class='ocrx_word' id='word_1_254' title='bbox 756 2363 832 2399; x_wconf 88' lang='lat' dir='ltr'>est:</span> <span class='ocrx_word' id='word_1_255' title='bbox 868 2358 1079 2411; x_wconf 79' lang='grc' dir='ltr'><em>ἐπεύχομαι</em></span> <span class='ocrx_word' id='word_1_256' title='bbox 1111 2356 1152 2397; x_wconf 81' lang='grc' dir='ltr'><em>δὲ</em></span> <span class='ocrx_word' id='word_1_257' title='bbox 1182 2354 1337 2411; x_wconf 87' lang='grc' dir='ltr'><em>πατρίδ’</em></span> <span class='ocrx_word' id='word_1_258' title='bbox 1371 2357 1470 2410; x_wconf 75' lang='grc' dir='ltr'><em>ἔχειν</em></span> <span class='ocrx_word' id='word_1_259' title='bbox 1501 2356 1675 2405; x_wconf 83' lang='grc' dir='ltr'><em>ἀδοξίαν.</em></span> 
     </span>
    </p>
   </div>
   <div class='ocr_carea' id='block_1_8' title="bbox 574 2567 1527 2768">
    <p class='ocr_par' dir='ltr' id='par_1_11' title="bbox 574 2567 1527 2768">
     <span class='ocr_line' id='line_1_34' title="bbox 576 2567 1456 2624; baseline -0.005 -11"><span class='ocrx_word' id='word_1_260' title='bbox 576 2571 712 2613; x_wconf 83' lang='grc' dir='ltr'><em>ἵππον</em></span> <span class='ocrx_word' id='word_1_261' title='bbox 742 2569 958 2624; x_wconf 81' lang='grc' dir='ltr'><em>τελώνην,</em></span> <span class='ocrx_word' id='word_1_262' title='bbox 990 2568 1276 2624; x_wconf 82' lang='grc' dir='ltr'><em>συκοφάντην</em></span> <span class='ocrx_word' id='word_1_263' title='bbox 1307 2567 1456 2622; x_wconf 86' lang='grc' dir='ltr'><em>ἀετόν,</em></span> 
     </span>
     <span class='ocr_line' id='line_1_35' title="bbox 574 2638 1527 2697; baseline -0.003 -13"><span class='ocrx_word' id='word_1_264' title='bbox 574 2643 796 2697; x_wconf 81' lang='grc' dir='ltr'><em>βάτραχον</em></span> <span class='ocrx_word' id='word_1_265' title='bbox 830 2642 1067 2695; x_wconf 87' lang='grc' dir='ltr'><em>σοφιστήν,</em></span> <span class='ocrx_word' id='word_1_266' title='bbox 1100 2639 1316 2691; x_wconf 85' lang='grc' dir='ltr'><em>ὀψοποιὸν</em></span> <span class='ocrx_word' id='word_1_267' title='bbox 1348 2638 1527 2694; x_wconf 83' lang='grc' dir='ltr'><em>ἐμπίδα,</em></span> 
     </span>
     <span class='ocr_line' id='line_1_36' title="bbox 575 2708 1507 2768; baseline -0.004 -13"><span class='ocrx_word' id='word_1_268' title='bbox 575 2712 846 2768; x_wconf 85' lang='grc' dir='ltr'><em>ἀλεκτρυόνα</em></span> <span class='ocrx_word' id='word_1_269' title='bbox 868 2708 1079 2754; x_wconf 43' lang='grc' dir='ltr'><em>’κίναιδον</em></span> <span class='ocrx_word' id='word_1_270' title='bbox 1111 2710 1192 2753; x_wconf 86' lang='grc' dir='ltr'><em>οὐκ</em></span> <span class='ocrx_word' id='word_1_271' title='bbox 1225 2710 1313 2752; x_wconf 81' lang='grc' dir='ltr'><em>ἴδοι</em></span> <span class='ocrx_word' id='word_1_272' title='bbox 1344 2725 1410 2758; x_wconf 81' lang='grc' dir='ltr'><em>τις</em></span> <span class='ocrx_word' id='word_1_273' title='bbox 1441 2710 1507 2752; x_wconf 79' lang='grc' dir='ltr'><em>ἄν.</em></span> 
     </span>
    </p>
   </div>
   <div class='ocr_carea' id='block_1_9' title="bbox 410 2793 1849 2848">
    <p class='ocr_par' dir='ltr' id='par_1_12' title="bbox 410 2793 1849 2848">
     <span class='ocr_line' id='line_1_37' title="bbox 410 2793 1849 2848; baseline -0.003 -11"><span class='ocrx_word' id='word_1_274' title='bbox 410 2800 609 2838; x_wconf 82' lang='lat' dir='ltr'>Lueianus</span> <span class='ocrx_word' id='word_1_275' title='bbox 650 2799 752 2838; x_wconf 81' lang='lat' dir='ltr'><strong>Gall.</strong></span> <span class='ocrx_word' id='word_1_276' title='bbox 789 2801 841 2837; x_wconf 85' lang='lat'><em>27</em></span> <span class='ocrx_word' id='word_1_277' title='bbox 884 2797 1056 2848; x_wconf 84' lang='grc' dir='ltr'><em>τελώνην</em></span> <span class='ocrx_word' id='word_1_278' title='bbox 1097 2796 1218 2836; x_wconf 79' lang='grc' dir='ltr'><em>ἵππον</em></span> <span class='ocrx_word' id='word_1_279' title='bbox 1255 2793 1281 2847; x_wconf 73' lang='grc' dir='ltr'>ἢ</span> <span class='ocrx_word' id='word_1_280' title='bbox 1319 2807 1404 2835; x_wconf 90' lang='grc' dir='ltr'><em>συκ.</em></span> <span class='ocrx_word' id='word_1_281' title='bbox 1448 2795 1556 2848; x_wconf 82' lang='grc' dir='ltr'><em>βάτρ.</em></span> <span class='ocrx_word' id='word_1_282' title='bbox 1593 2793 1619 2846; x_wconf 76' lang='grc' dir='ltr'><strong>ἢ</strong></span> <span class='ocrx_word' id='word_1_283' title='bbox 1658 2793 1849 2846; x_wconf 82' lang='grc' dir='ltr'><em>σοφιστὴν</em></span> 
     </span>
    </p>
   </div>
   <div class='ocr_carea' id='block_1_10' title="bbox 291 2853 1898 2910">
    <p class='ocr_par' dir='ltr' id='par_1_13' title="bbox 291 2853 1898 2910">
     <span class='ocr_line' id='line_1_38' title="bbox 291 2853 1898 2910; baseline -0.002 -13"><span class='ocrx_word' id='word_1_284' title='bbox 291 2857 448 2897; x_wconf 82' lang='grc' dir='ltr'><em>κολοιὸν</em></span> <span class='ocrx_word' id='word_1_285' title='bbox 473 2856 499 2910; x_wconf 77' lang='grc' dir='ltr'>ἢ</span> <span class='ocrx_word' id='word_1_286' title='bbox 525 2856 724 2909; x_wconf 83' lang='grc' dir='ltr'><em>ὀψοποιὸν</em></span> <span class='ocrx_word' id='word_1_287' title='bbox 748 2856 922 2896; x_wconf 81' lang='grc' dir='ltr'><em>κώνωπα</em></span> <span class='ocrx_word' id='word_1_288' title='bbox 945 2855 972 2908; x_wconf 74' lang='grc' dir='ltr'>ἢ</span> <span class='ocrx_word' id='word_1_289' title='bbox 997 2856 1176 2896; x_wconf 86' lang='grc' dir='ltr'><em>κίναιδον</em></span> <span class='ocrx_word' id='word_1_290' title='bbox 1202 2854 1261 2894; x_wconf 88' lang='grc' dir='ltr'><em>ἀλ.</em></span> <span class='ocrx_word' id='word_1_291' title='bbox 1286 2884 1296 2894; x_wconf 89' lang='grc'><strong>.</strong></span> <span class='ocrx_word' id='word_1_292' title='bbox 1317 2885 1326 2894; x_wconf 93' lang='grc'><strong>.</strong></span> <span class='ocrx_word' id='word_1_293' title='bbox 1348 2886 1356 2894; x_wconf 93' lang='grc'><strong>.</strong></span> <span class='ocrx_word' id='word_1_294' title='bbox 1382 2853 1455 2894; x_wconf 80' lang='grc' dir='ltr'><em>οὐκ</em></span> <span class='ocrx_word' id='word_1_295' title='bbox 1480 2853 1530 2894; x_wconf 69' lang='grc' dir='ltr'><em>ἂν</em></span> <span class='ocrx_word' id='word_1_296' title='bbox 1556 2854 1666 2901; x_wconf 78' lang='grc' dir='ltr'><em>ἴδοις.</em></span> <span class='ocrx_word' id='word_1_297' title='bbox 1708 2868 1847 2894; x_wconf 83' lang='lat' dir='ltr'>versus</span> <span class='ocrx_word' id='word_1_298' title='bbox 1895 2900 1898 2902; x_wconf 66' lang='lat'>‚</span> 
     </span>
    </p>
   </div>
   <div class='ocr_carea' id='block_1_11' title="bbox 291 2914 1848 2966">
    <p class='ocr_par' dir='ltr' id='par_1_14' title="bbox 291 2914 1848 2966">
     <span class='ocr_line' id='line_1_39' title="bbox 291 2914 1848 2966; baseline -0.002 -10"><span class='ocrx_word' id='word_1_299' title='bbox 291 2918 519 2957; x_wconf 86' lang='lat' dir='ltr'>coniectura</span> <span class='ocrx_word' id='word_1_300' title='bbox 536 2931 614 2956; x_wconf 90' lang='lat' dir='ltr'><em>non</em></span> <span class='ocrx_word' id='word_1_301' title='bbox 641 2916 854 2956; x_wconf 85' lang='lat' dir='ltr'>admodum</span> <span class='ocrx_word' id='word_1_302' title='bbox 881 2920 990 2956; x_wconf 85' lang='lat' dir='ltr'>certa</span> <span class='ocrx_word' id='word_1_303' title='bbox 1007 2916 1187 2955; x_wconf 87' lang='lat' dir='ltr'>restituit</span> <span class='ocrx_word' id='word_1_304' title='bbox 1205 2915 1460 2966; x_wconf 63' lang='lat' dir='ltr'>Fritmehius,</span> <span class='ocrx_word' id='word_1_305' title='bbox 1480 2915 1579 2953; x_wconf 80' lang='lat' dir='ltr'>conl.</span> <span class='ocrx_word' id='word_1_306' title='bbox 1599 2914 1765 2952; x_wconf 84' lang='lat' dir='ltr'>Philem.</span> <span class='ocrx_word' id='word_1_307' title='bbox 1781 2915 1848 2953; x_wconf 88' lang='lat'><strong>89.</strong></span> 
     </span>
    </p>
   </div>
   <div class='ocr_carea' id='block_1_12' title="bbox 1931 3085 2014 3334">
    <p class='ocr_par' dir='ltr' id='par_1_15' title="bbox 1931 3085 2014 3334">
     <span class='ocr_line' id='line_1_40' title="bbox 1931 3085 2014 3334; baseline 0 0"><span class='ocrx_word' id='word_1_308' title='bbox 1931 3085 2014 3334; x_wconf 60' lang='lat'><em>-5</em></span> 
     </span>
    </p>
   </div>
  </div>
 </body>
</html>
