2014 3334
262 220 345 262 728
612 237 616 242 »
785 222 1129 255 SUPPLEMENTA
1155 222 1261 257 voL
1288 223 1306 255 1

258 330 659 385 προπαροξυνόμενον
690 330 764 371 οὐκ
795 330 899 370 ἔστιν
930 329 1070 382 ὄνομα,
1102 329 1186 372 ἀλλ’
1216 331 1420 387 ἐπίρρημα.
1476 349 1522 375 ac
1547 336 1679 391 χαρίεν
1702 337 1824 379 etiam

260 393 306 441 A,
339 394 386 431 ut
408 391 626 430 adnotavit
657 391 865 430 Brunsius.
926 390 1029 429 nihil
1061 391 1109 430 de
1144 405 1192 431 ea
1227 406 1270 432 re
1308 395 1347 433 in
1388 396 1447 434 ed.
1477 395 1574 435 Ath.
1607 395 1825 436 Kaibelius.

380 451 476 490 153.
515 450 796 501 significationi
835 450 948 489 verbi
984 448 1187 491 ἐπανιέναι
1223 453 1384 505 vulgari
1426 468 1503 494 usu
1539 457 1723 507 receptae
1759 455 1825 495 hic

261 512 390 550 locum
422 522 501 549 non
533 522 617 549 esse
649 510 735 560 ipse
766 509 872 549 novi.
935 510 1003 549 sed
1034 523 1113 550 non
1145 512 1261 552 video
1293 526 1364 553 cur
1395 527 1443 553 ca
1467 527 1568 566 quae
1599 515 1664 554 hic
1693 527 1824 555 neces-

260 571 366 609 saria
398 571 460 608 est
491 569 651 608 admitti
683 582 762 608 non
792 570 929 619 possit.
983 581 1077 608 nam
1102 572 1425 612 emendationum
1457 574 1617 625 quidem
1649 575 1698 614 ab
1724 575 1824 615 Her-

258 629 442 669 werdeno
473 628 616 668 Mnem.
643 642 680 668 n.
706 629 742 666 X
771 631 822 669 77
856 629 1155 679 propositarum
1185 634 1329 671 neutra
1359 633 1585 684 accipietur.

380 690 475 728 161.
508 690 656 742 φρονεῖ
674 685 745 740 μὲν
771 684 865 741 ἕτερ’
890 689 1041 728 Nauck.
1078 690 1226 730 Bullet.
1247 691 1424 733 Petersb.
1445 693 1503 731 VI
1525 695 1591 734 61.
1623 693 1825 745 Melanges
1887 748 1902 752 ..
1959 668 1995 725 *2⁴

260 748 294 785 V
329 749 425 787 229.

381 809 476 846 168.
514 807 763 847 barbarismo
808 807 921 846 tituli
957 807 1086 848 Attici
1130 809 1227 849 haec
1264 811 1499 852 inlustravit
1534 812 1828 853 Herwerdenus
1903 835 1906 837 ·

259 867 398 917 Lapid.
433 867 481 905 dc
514 867 605 906 dial.
638 866 722 906 Att.
755 869 848 906 test.
879 882 918 918 p.
946 869 1013 907 60.

380 927 483 976 173,
511 928 534 965 6
573 926 780 976 parodiam
818 939 903 966 esse
940 928 1142 977 proverbii
1181 923 1339 983 (Liban.
1377 931 1504 980 Epist.
1543 927 1617 985 65)
1661 928 1830 984 ἄρξομαι

260 984 298 1033 ἐξ
335 983 529 1038 ἀγαθοῖο,
567 985 779 1037 τελευτήσω
813 983 850 1025 ὃ
886 982 946 1026 ἐπ’
980 1001 1145 1038 αμεινον
1182 991 1318 1028 monet
1353 991 1506 1030 Nauck.
1537 991 1630 1031 Mel.
1663 990 1699 1029 V
1731 993 1829 1032 230.

381 1047 485 1096 174,
518 1047 560 1084 4.
603 1046 725 1084 etiam
771 1046 979 1085 Kaibelius
1023 1059 1111 1087 meo
1155 1048 1303 1088 iudicio
1347 1063 1507 1089 versum
1550 1051 1828 1090 difficillimum

256 1105 407 1144 frustra
449 1105 674 1155 temptavit.
720 1127 775 1132 ——
825 1108 890 1145 13.
932 1107 979 1145 cf.
1023 1120 1124 1158 quae
1170 1109 1220 1147 ad
1261 1109 1449 1149 Timoclis
1496 1109 1721 1150 Conisalum
1763 1109 1830 1150 ad-

258 1166 464 1204 notantur.

382 1226 477 1274 175,
512 1226 535 1263 2
566 1237 638 1263 Sor.
671 1222 921 1275 ἐξανήλωται.

381 1285 479 1334 184,
511 1285 536 1322 2
570 1284 760 1322 Meinekii
793 1285 1063 1324 coniecturam
1095 1283 1134 1338 (ὅ
1166 1283 1417 1341 Πυαγόρου),
1450 1302 1566 1340 quam
1600 1289 1825 1339 neglectam

258 1356 282 1381 a
306 1356 367 1382 me
406 1344 576 1382 miratur
613 1343 789 1382 Muhlius
829 1344 909 1383 Zur
941 1344 1083 1385 Gesch.
1124 1347 1193 1385 der
1231 1348 1301 1387 alt.
1339 1347 1453 1387 Korn.
1483 1349 1564 1387 119
1592 1361 1630 1388 n.
1657 1350 1696 1399 4,
1736 1361 1826 1388 con-

259 1403 364 1442 sulto
395 1416 474 1442 non
510 1403 827 1444 commemoravi.

380 1463 480 1512 188,
515 1464 536 1501 1
571 1462 610 1501 τί
637 1461 736 1513 φής;
775 1462 813 1502 τί
841 1465 969 1518 σιγᾷς;
1003 1459 1159 1518 (eiectis
1191 1463 1276 1518 λέγε
1301 1461 1415 1519 ταχύ)
1449 1467 1550 1506 conl.
1576 1466 1696 1518 Soph.
1722 1467 1824 1506 Phil.

261 1523 361 1561 805.
411 1522 536 1561 Arist.
568 1522 664 1572 Lys:
696 1525 763 1561 70.
813 1523 969 1562 Thesm.
999 1525 1083 1562 144
1114 1525 1268 1564 Nauck.
1300 1526 1391 1564 Mel.
1424 1526 1459 1563 V
1493 1527 1590 1565 216.

382 1582 477 1620 197.
509 1582 648 1619 eadem
679 1582 922 1621 Bachmann.
954 1583 1103 1623 Anecd.
1135 1585 1154 1622 I
1187 1586 1284 1635 339,
1318 1586 1385 1625 27.

382 1642 476 1680 199.
515 1641 562 1678 cf.
594 1641 746 1679 Nauck.
774 1641 904 1680 Lexic.
940 1643 1108 1682 Vindob.
1141 1638 1327 1697 (gramm.
1358 1645 1441 1684 cod.
1468 1640 1631 1698 Hamb.)
1662 1648 1760 1697 269,
1788 1648 1826 1686 3.

379 1701 462 1739 203
496 1700 601 1738 inter
632 1699 754 1739 dubia
785 1701 1056 1751 recipiendum
1088 1705 1161 1742 est.
1211 1704 1258 1742 cf.
1286 1703 1491 1743 Chaerem.
1516 1705 1564 1743 fr.
1593 1707 1645 1744 16
1674 1705 1827 1744 Nauck.

378 1761 475 1799 217.
506 1759 675 1798 Photius
711 1757 956 1810 Φιλέψιος..
978 1762 1205 1812 ,Φιλεψίου
1238 1762 1559 1814 μνημονεύουσιν
1591 1763 1634 1803 οἱ
1658 1769 1728 1816 τῆς
1758 1763 1827 1817 ἀρ-

258 1818 368 1868 χαίας
393 1818 602 1874 κωμωδίας
626 1817 785 1870 ποιηταὶ
811 1818 886 1858 ἐπὶ
911 1822 968 1875 τῷ
994 1820 1164 1872 μεταξὺ
1190 1827 1281 1862 τῶν
1308 1823 1614 1877 δημηγοριῶν
1634 1823 1827 1875 μύθους

257 1875 423 1930 λέγειν.
472 1859 753 1934 κεκωμῴδηται
785 1876 827 1918 δὲ
858 1877 924 1918 καὶ
954 1879 1010 1927 εἰς
1040 1882 1300 1935 πανουργίαν.

377 1938 558 1977 Platonis
590 1939 828 1988 fragmentis
861 1940 1041 1979 addenda
1074 1944 1167 1979 sunt

984 2079 1103 2123 1981>

377 2163 701 2215 Etymologicum
732 2165 883 2204 Milleri
910 2161 1136 2218 (Melanges
1164 2162 1269 2220 217)
1296 2166 1458 2219 εὕρηται
1487 2167 1554 2208 καὶ
1585 2166 1627 2208 ἐν
1658 2172 1824 2224 συστολῇ
1903 2189 1905 2191 ’

256 2221 298 2261 τὸ
337 2223 484 2270 Μίνως
520 2222 627 2275 παρὰ
664 2224 868 2263 Πλάτωνι·
907 2221 965 2264 ι”ν
1001 2224 1118 2277 ἅπερ
1156 2225 1300 2281 δοκῇς
1337 2223 1547 2279 Ἀχιλλεῦ
1587 2226 1714 2267 ε’στιν
1751 2228 1826 2268 ότε

258 2282 412 2321 Μίνω.
462 2281 548 2322 ἀντὶ
579 2289 649 2322 τοῦ
681 2283 837 2335 μίμνων
870 2280 915 2336 (ἢ
947 2283 1010 2323 ὅτι
1034 2284 1142 2336 παρὰ
1172 2284 1214 2325 τὸ
1246 2286 1375 2338 μίμνω
1407 2284 1826 2342 cod.Sorb.Ga1sf)

261 2342 395 2392 Etym.
422 2342 524 2381 Gud.
553 2344 650 2393 394,
678 2345 731 2382 22
759 2343 905 2391 Μίνως
930 2339 1030 2398 (non
1054 2339 1261 2399 Μείνως).
1283 2345 1463 2399 εὕρηται
1487 2345 1553 2385 καὶ
1582 2345 1690 2400 παρὰ
1714 2347 1825 2387 Πλά-

258 2416 353 2440 τωνι
389 2403 441 2456 τῷ
454 2405 659 2458 κωμικῷ,
697 2404 767 2442 ubi
805 2406 898 2453 post
935 2402 1094 2455 εὕρηται
1126 2419 1192 2443 και
1223 2418 1313 2444 cum
1345 2406 1430 2445 cod.
1463 2406 1574 2446 Sorb.
1607 2407 1742 2458 Etym,
1773 2421 1824 2447 m.

260 2462 357 2508 588,
391 2463 444 2500 26
478 2463 581 2500 teste
615 2461 840 2502 Gaisfmdio
882 2463 1067 2502 lacunam
1098 2465 1262 2515 habeat,
1299 2477 1348 2503 ex
1379 2467 1461 2505 eod.
1493 2466 1724 2506 Florentino
1757 2467 1822 2505 ad-

261 2520 434 2558 dendum
465 2522 625 2560 videtur
655 2520 697 2561 ἐν
729 2524 908 2576 συστολῇ.
969 2523 1198 2562 trimetrum
1227 2524 1444 2563 iambicum
1477 2525 1593 2564 citari
1619 2526 1824 2565 Nauckius

256 2579 448 2619 indicavit
481 2581 627 2620 Bullet.
658 2581 836 2621 Petersb.
870 2582 970 2620 XIII
1001 2584 1098 2622 355.
1158 2583 1363 2635 Melangcs
1396 2584 1431 2622 V
1465 2587 1567 2624 231:
1599 2585 1823 2625 emendatio

259 2639 381 2678 dubia
411 2641 486 2679 est.
546 2641 749 2691 ingeniose
780 2641 957 2680 Dilesius
988 2642 1029 2680 in
1062 2642 1207 2681 litteris
1238 2643 1289 2682 ad
1320 2656 1384 2682 me
1416 2644 1521 2684 datis
1554 2643 1621 2683 ἴνα
1650 2657 1723 2697 περ
1751 2659 1824 2685 πο-

258 2697 388 2749 δώκης
406 2697 510 2738 ἐστὶν
531 2695 737 2751 Ἀχιλεὺς
723 2699 745 2739 o'
763 2714 802 2739 τε
822 2700 979 2748 Μίνως.
1024 2702 1073 2741 cf.
1092 2715 1197 2741 nunc
1217 2703 1337 2741 etiam
1358 2703 1494 2743 Herm.
1513 2703 1649 2742 XXIII
1664 2706 1761 2745 283.
1782 2706 1822 2744 4.

258 2758 363 2823 quod
390 2759 423 2797 si
448 2772 586 2798 verum
613 2763 685 2810 est,
711 2760 965 2799 notissimum
989 2761 1092 2800 illud
1118 2762 1269 2801 scolion
1294 2762 1555 2813 significatur.
1605 2764 1674 2802 sed
1697 2765 1821 2803 nomi-

257 2817 318 2855 nis
349 2817 495 2865 Μίνως
524 2820 722 2869 syllabam
753 2820 927 2870 priorem
953 2833 977 2858 a
1001 2823 1122 2870 poeta
1146 2821 1283 2859 Attico
1309 2825 1532 2873 correptam
1559 2835 1655 2873 esse,
1687 2837 1822 2874 quam-

258 2888 378 2926 quam
410 2878 586 2916 testatur
618 2879 954 2931 Etymologicum,
985 2893 1103 2932 aegre
1136 2880 1310 2920 adducor
1341 2884 1387 2920 ut
1418 2882 1588 2921 credam.

1980 982 1982 984 ⁴
1981 905 1990 918 Ι
1987 882 1991 892 ,Α
1983 853 1991 860 ’γ
1985 760 1988 762 ι
1986 734 1990 735 1

2006 1108 2014 1152 ...ΛΑἸ
2007 1070 2014 1093 ..1
2003 968 2014 1053 *ma-,ka
1996 888 2014 954 ’.ᾳ-’ῥ-
1995 742 2001 754 ““

1979 1485 1986 1492 x
1976 1278 1979 1283 .

1993 1513 2014 1634 mam
1994 1294 2014 1502 Qviuumnm
1991 1189 2014 1280 ,fs-²:⁴¹·
2008 1166 2010 1170 -
