2014 3334
235 252 322 294 744
753 239 1097 287 SUPPLEMENTA
1122 252 1230 288 VOL.
1256 253 1292 285 11

351 367 449 405 283.
493 362 612 414 ἄνθρ.
645 362 775 411 οὐδεὶς
807 362 1022 414 φιλοπότης
1053 361 1156 402 ἐστιν
1186 362 1306 410 κακός
1336 363 1489 402 Nauck.
1522 363 1615 402 Mel.
1634 364 1669 401 V
1701 365 1798 403 236.

245 471 250 474 ι
351 427 447 471 301,
483 426 519 462 1.
563 421 612 462 οὐ
644 422 783 476 μεθύω
814 421 889 475 γὰρ
929 426 1065 462 contra
1096 424 1269 461 mebrum
1299 422 1453 461 Kaibel.
1517 420 1580 461 ἐπὶ
1609 426 1798 462 τοσοῦτον

172 485 174 492 ’
231 480 293 539 (τὸ
324 488 513 523 τοσοῦτον
545 478 732 536 casaub.)
765 482 967 523 Herwerd.
1003 484 1100 522 189.
1182 484 1217 522 2.
1259 480 1653 534 διορίζεσθάβεβαίως
1688 477 1799 534 (cum

232 540 352 596 crasi)
384 544 501 582 idem.
1846 546 1850 547 ⁷

352 605 450 642 321.
494 603 542 641 cf.
576 601 674 641 Call.
709 604 774 650 11,
809 604 846 641 2.
883 622 930 627 —
967 601 1110 640 Miller.
1143 601 1348 652 Melanges
1380 602 1465 639 415
1501 599 1745 653 λευκόπυγος
1776 597 1797 639 ὁ

232 661 449 714 ἄνανδρος,
486 660 552 701 καὶ
589 659 754 713 ἔμπαλιν
794 661 1046 713 μελάμπυγος
1087 658 1107 699 ὁ
1139 658 1331 712 ἀνδρεῖος.
1393 660 1441 699 cf.
1473 661 1597 698 etiam
1627 659 1799 710 Hesych-

232 723 350 762 Phola.
383 721 492 760 Suid.
524 719 766 773 λευκόπυγος
798 720 861 773 (Ο.
895 721 1078 759 Kaehler.
1114 715 1230 767 902).

353 815 531 855 Alexidis
563 816 789 867 fragmenta
820 818 914 855 sunt
946 816 1068 855 etiam

960 956 1078 998 27810

447 1037 541 1081 ἀλλ’
579 1037 649 1081 ἐπὶ
680 1039 729 1081 τὸ
761 1042 933 1094 πλῆθος
964 1037 1168 1093 ἐμφερεῖς
1197 1039 1302 1088 τοὺς
1334 1035 1504 1086 οἰκέτας

446 1112 627 1166 ἔχοντας
659 1111 759 1161 ὄψει
790 1112 894 1161 τοὺς
925 1111 1117 1165 τρόπους
1147 1116 1240 1159 τοῖς
1272 1110 1514 1159 δεσπόταις.

445 1189 537 1232 τοῖς
568 1182 730 1237 ἤθεσιν
762 1182 847 1239 γὰρ
881 1177 947 1232 οἷς
977 1179 1244 1238 ὑπηρετοῦσ’
1281 1179 1347 1223 ἀεὶ

445 1252 725 1311 προσέχουσα
757 1253 932 1303 τούτοις
962 1253 988 1308 ἡ
1022 1253 1155 1308 φύσις
1185 1252 1463 1309 κεράννυται.

352 1340 548 1380 Stobaeus
586 1340 722 1380 Floril.
757 1342 824 1391 62,
857 1341 913 1378 40
953 1335 1146 1386 Ἀλέξιδος
1177 1339 1225 1378 A.
1290 1341 1327 1378 3.
1365 1333 1424 1385 οἷς
1462 1334 1698 1390 ὑπηρετοῦσ’
1744 1336 1805 1377 ἀεὶ

234 1399 443 1450 Valcken]
482 1403 562 1447 τοῖς
598 1398 849 1451 ὑπηρετοῦσα
887 1397 964 1438 καὶ.
1027 1400 1101 1438 hoc
1133 1400 1403 1449 fragmentum
1435 1411 1524 1437 cum
1562 1397 1693 1437 nescio
1725 1411 1803 1449 quo

233 1473 366 1500 errore
398 1460 586 1499 induchus
618 1473 688 1509 pro
722 1459 914 1510 adespoto
945 1459 1132 1497 haberem
1166 1453 1234 1512 (cf.
1268 1454 1344 1511 54)
1378 1457 1506 1497 omisi.

959 1575 1045 1617 303
1054 1578 1079 1616 b

353 1662 585 1701 Athenaeus
608 1663 647 1712 6,
669 1663 783 1701 2300
815 1655 905 1701 οἶδα
938 1658 979 1699 δὲ
1011 1658 1117 1713 κάγώ
1150 1674 1236 1699 τινα
1267 1659 1430 1710 πολίτην
1461 1656 1649 1711 ἡμέτερον
1679 1660 1843 1710 πτωχ-χ

234 1721 405 1770 αλαζόνα
428 1725 505 1761 κτλ.
567 1722 638 1760 ubi
669 1722 752 1761 cod.
787 1720 814 1759 C
854 1714 944 1760 οἶδά
975 1734 1082 1771 τινα,
1119 1718 1267 1771 φησὶν
1288 1716 1484 1771 Ἄλεξις,
1515 1719 1679 1770 πολίτην
1709 1715 1805 1770 ἠμέ-

234 1797 357 1834 τερον.
414 1778 618 1821 ‘videntur
655 1780 833 1819 Alexidis
871 1781 994 1819 verba
1030 1776 1186 1820 inesse'.
1238 1778 1284 1818 G.
1303 1779 1458 1817 Kaibel.
1507 1779 1678 1817 fortasse

449 1873 456 1880 .
491 1872 499 1880 .
531 1840 732 1891 πολίτην
763 1834 1079 1891 πτωχαλαζόν’
1115 1833 1205 1878 οἷδ’
1241 1837 1348 1891 ἐγώ,

448 1897 498 1948 ὃς
530 1899 647 1952 ἔχων
680 1900 890 1951 δραχμῆς
921 1898 1106 1937 ἅπαντα
1137 1897 1480 1950 τάργυρώματα

450 1958 561 2012 ἐβόα
592 1962 747 1998 καλῶν
778 1957 858 1998 τὸν
888 1953 1035 2008 παῖδ’,
1068 1954 1133 1997 ἕν’
1170 1955 1281 1997 ὄντα
1312 1955 1391 1996 καὶ
1422 1956 1591 2008 μόνον,

450 2017 652 2070 ὀνόμασι
690 2016 1158 2069 δὲ’ψαμμακοσίοηη
1195 2016 1459 2069 χρώμενον,

443 2076 556 2118 ’παῖ
580 2078 926 2130 Στρομβιχίδη,
957 2083 1046 2116 τῶν
1078 2076 1430 2130 ἀργυρωμάτων
1463 2074 1517 2115 σὺ
1549 2074 1607 2127 μὴ

450 2145 539 2178 τῶν
571 2143 851 2189 χειμερινῶν
883 2142 992 2188 νῦν,
1024 2135 1139 2176 ἀλλὰ
1170 2142 1259 2175 τῶν
1290 2132 1520 2187 θερινῶν’
1553 2134 1642 2186 ἔφη

451 2194 723 2250 (παράθες).

964 2288 1083 2331 3451>

356 2378 645 2429 Fragmentum
676 2376 854 2415 Alexidis
887 2389 934 2414 ex
965 2375 1104 2426 ignota
1136 2375 1271 2425 aliqua.
1302 2373 1524 2423 comoedia,
1563 2372 1627 2411 cui
1659 2374 1805 2423 Περια-

237 2437 362 2490 γωγοί
383 2438 448 2476 vel
473 2435 727 2489 Μυριαγωγά
758 2436 902 2474 titulus
930 2437 1046 2485 esset,
1068 2433 1327 2484 Gomperzius
1357 2432 1556 2472 invenisse
1590 2432 1665 2471 sibi
1683 2432 1804 2472 vide-

239 2499 359 2536 batur
384 2497 470 2536 Vol.
495 2496 655 2535 Hercul.
689 2496 736 2534 ed
769 2494 892 2534 Oxon.
923 2495 965 2533 II
995 2495 1064 2533 fol.
1099 2496 1194 2533 102.
1245 2492 1344 2532 Coll.
1365 2490 1441 2531 'alu
1461 2492 1625 2542 Neapol.
1645 2491 1728 2530 ΠΠ
1749 2493 1804 2531 94

240 2552 413 2609 (stchr.
433 2557 460 2594 f.
482 2559 620 2594 &stem
641 2569 774 2607 gymn.
798 2556 924 2604 1865,
947 2549 1064 2606 825).
1115 2554 1185 2593 sed
1209 2564 1372 2603 prorsus
1397 2551 1676 2598 incerta-sunt
1701 2564 1803 2602 quae

237 2616 295 2655 ibi
325 2617 526 2667 leguntur.
578 2616 624 2655 cf.
656 2615 811 2654 Nauck.
843 2615 934 2653 Mel.
955 2613 990 2651 V
1024 2614 1119 2652 236.
1143 2615 1166 2652 7
1172 2644 1179 2652 .

881 2740 1164 2774 OLEARGHUS

358 2817 423 2856 Fr.
458 2820 495 2869 1,
529 2819 552 2855 2
598 2816 756 2855 ἅπασαν
801 2815 1015 2867 ἐπομόσας,
1060 2816 1093 2854 si
1131 2814 1248 2854 modo
1287 2815 1394 2853 reciae
1439 2814 1679 2852 sententiam
1720 2812 1805 2852 eius

239 2879 491 2926 interpretor,
524 2876 625 2915 Ellis
657 2876 790 2915 Amer.
821 2876 962 2915 Journ.
988 2875 1045 2913 VI
1078 2877 1114 2914 6.

361 2937 399 2987 5,
433 2938 471 2975 2.
523 2936 571 2976 cf.
603 2936 726 2975 etiam
756 2935 973 2986 Antiphan.
1007 2937 1101 2974 199.
