2014 3334
0 2795 10 2869 αγις,
0 2619 13 2782 -vf-u——u-
0 2570 7 2606 ν’.

734 249 902 284 ΑΔΗΛΔ
927 247 1188 284 ΟΠΟΤΕΡΑΣ
1661 247 1749 290 563

913 382 998 426 891

458 443 653 485 πλίνθον
684 441 871 491 πλύνειν

292 527 460 568 Photius
492 507 752 568 ὄνου”πόκαι.
802 530 851 568 cf.
875 530 973 569 853.
1010 529 1168 568 laterem
1199 529 1374 567 lavarem
1405 528 1565 567 Terent.
1593 527 1750 567 Phorm.

179 590 215 638 1,
247 590 288 639 4,
321 590 357 628 9.
408 589 472 627 est
501 588 628 639 igitur
659 589 832 627 fortasse
863 588 1099 639 Apollodori
1133 587 1309 638 Carystii
1342 600 1388 626 ex
1415 588 1751 636 Epiclicazomeno.

923 716 1010 760 892

459 776 693 834 πολύζςοον
724 777 862 820 κακόν

295 862 467 903 Bekker.
499 863 649 904 Anecd.
683 864 752 915 58,-
786 865 810 903 9
844 860 908 903 ἐπὶ
937 861 1046 903 πάνυ
1077 867 1247 916 γηραιοῦ
1279 861 1404 910 εἴποις
1433 859 1498 904 ἄν.

919 991 1005 1035 893

459 1052 711 1107 ποντοκύκη
743 1052 859 1107 γυνή

294 1139 466 1178 Bekker.
498 1140 645 1180 Anecd.
681 1141 748 1191 61,
784 1143 804 1178 1
852 1135 878 1190 ἡ
911 1138 1015 1178 οὕτω
1046 1143 1288 1191 πανοῦργος,
1322 1136 1375 1186 ὡς
1406 1136 1472 1177 καὶ
1502 1135 1575 1188 τὴν
1606 1136 1754 1176 θάλατ-

174 1213 248 1237 ταν
283 1203 423 1238 κυκᾶν.
479 1196 533 1246 ὥς
575 1198 910 1250 πηξιθάλαττα
951 1195 977 1249 ’ἡ
1015 1196 1088 1248 τὴν
1126 1197 1335 1238 θάλασσαν
1374 1197 1495 1249 πῆξαι
1537 1194 1755 1247 δυναμένη,

175 1256 316 1309 ἥκιστα
347 1256 618 1310 πηγνυμένην.
674 1273 834 1299 ποντοκ.
854 1256 998 1309 Bekk]
1030 1272 1198 1310 πρωτοκ.
1230 1258 1314 1297 cod.
1339 1279 1388 1284 —
1413 1257 1558 1296 Arcad.
1581 1258 1678 1307 102,
1701 1258 1753 1296 19

175 1317 405 1369 παντοκύκη
424 1314 451 1368 ἡ
470 1317 700 1371 ταραχώδης
718 1317 834 1373 γυνή.
873 1331 919 1357 ac
938 1317 1168 1369 παντοκύκη
1188 1318 1359 1357 Lobeok.
1380 1317 1500 1368 Soph.
1519 1317 1583 1357 Ai.
1603 1331 1641 1368 p.
1659 1318 1754 1355 144.

887 1490 894 1498 ,
927 1446 1014 1490 894

461 1531 739 1586 πραγματίαις
770 1529 794 1573 ὁ
820 1531 953 1586 λόγος

297 1617 468 1657 Bekker.
500 1617 649 1657 Anecd.
682 1618 752 1669 58,
786 1620 808 1657 7
843 1614 864 1656 ὅ
895 1616 1104 1670 πράγματα
1134 1614 1198 1656 καὶ
1231 1614 1374 1668 ἀηδίας
1404 1613 1597 1668 παρέχων.

928 1734 1016 1776 895

463 1817 760 1873 πρεσβύτερος
790 1817 974 1873 Κρόνου
1005 1814 1228 1874 (Κόδρου)

297 1902 441 1942 Pollux
474 1904 512 1954 2,
548 1905 616 1943 16.
672 1904 720 1942 of.
754 1905 841 1943 860
873 1905 914 1942 et
948 1905 1074 1943 1043.
1123 1902 1304 1955 πρότεροι
1334 1902 1496 1954 Κρόνου
1530 1902 1655 1941 Arist.
1679 1902 1753 1941 Av.

179 1964 278 2003 469.
323 1963 495 2014 Hesych.
525 1962 787 2015 πρεσβύτερος
811 1961 990 2015 Κόδρου·
1022 1963 1215 2017 παροιμία
1240 1961 1304 2002 ἐπὶ
1328 1968 1406 2002 τῶν
1431 1961 1539 2001 πάνυ
1564 1964 1755 2001 παλαιῶν.

178 2024 395 2074 utrumque
427 2025 519 2073 apte
551 2023 631 2062 dici
661 2026 832 2074 poterat.
882 2023 931 2062 cf.
964 2023 1087 2062 etiam
1119 2024 1253 2074 Etym.
1282 2036 1332 2062 m.
1353 2024 1452 2073 524,
1478 2024 1546 2062 38.
1580 2021 1756 2061 Cramer.

179 2082 329 2122 Anecd.
361 2081 430 2122 Ox,
462 2082 503 2121 H
536 2084 633 2131 230,
667 2084 733 2122 20.

492 2204 494 2207 ·
927 2186 1013 2229 896

463 2247 649 2302 πυθμὴν
680 2246 818 2289 δικῶν

204 2363 235 2394 δι
297 2331 469 2431 Bekgor.
507 2333 656 2372 Anoed.
697 2335 768 2381 59,
803 2334 857 2372 26
910 2327 998 2372 οἷον
1044 2331 1129 2385 ῥίζα
1172 2333 1314 2383 δικῶν,
1364 2331 1581 2383 φιλόδικος.
1643 2331 1755 2382 φιλό-

177 2405 306 2439 νεικος
338 2404 381 2431 co
413 2423 422 2432 .

923 2473 1008 2516 897

468 2554 539 2599 ἐπὶ
569 2556 716 2612 πυγὴν
746 2558 930 2600 καθίσαι

301 2647 548 2683 ταπεινῶσαι.
596 2642 839 2682 Baehmann.
871 2643 1020 2683 Anecd.
1051 2642 1070 2681 I
1103 2644 1201 2691 231,
1235 2644 1303 2681 22.

923 2770 1009 2813 898

469 2851 538 2896 ἐπὶ
574 2853 722 2908 πυγὴν
757 2852 929 2910 τρέχειν

302 2940 357 2989 εἰς
387 2939 562 2983 τούπίσω
593 2937 748 2993 τρέχειν.
798 2940 1043 2980 Bachmann.
1077 2939 1223 2979 Anecd.
1255 2939 1274 2978 I
1308 2941 1406 2991 231,
1439 2941 1507 2979 23.

1397 3005 1467 3042 36*
