2014 3334
333 191 418 235 736
850 208 1195 250 SUPPLEMENTA
1220 219 1330 258 VOL,
1353 223 1390 255 11

441 309 536 357 234,
572 313 596 350 3
617 283 619 285 ’

318 365 489 414 Apollin.
532 372 575 420 2,
596 374 638 411 ,5
690 376 999 423 sphaeristarum
1045 390 1215 427 contrast

317 428 731 477 catastropharum
758 448 875 484 yyros
905 441 932 478 d

314 514 321 520 .
356 512 364 520 .
397 513 405 522 .
438 486 484 524 de
513 491 670 530 ruinoso
700 495 803 540 flexa
833 509 874 536 se

311 549 459 596 στροφῇ
492 546 645 589 Kaibel.

429 606 524 655 235,
559 609 582 646 6
615 610 780 660 τούτους
811 622 932 657 ταῦτα
964 619 1117 662 Kaibel.

427 664 524 715 236,
557 668 580 704 2
616 681 687 709 scr.
726 673 970 725 Φλειάσιος.

424 724 526 772 244,
560 728 585 764 2
627 742 700 779 pro
745 731 790 771 εὖ

303 778 392 818 Mel.
426 781 462 817 V
491 785 587 824 245.

423 843 525 893 245,
559 847 585 883 4
617 859 698 887 non
736 852 883 893 suffieit
921 856 1181 901 Herwerdeni
1213 861 1341 921 (177)
1378 870 1583 926 βλαβερόν.
1616 900 1671 906 —-
1705 883 1756 922 ad
1784 862 1896 928 Ille·v

718 910 793 950 hoe
824 914 1096 966 fragmentum
1133 924 1258 964 refert
1291 926 1332 966 O.
1362 928 1527 974 Orusius
1565 950 1602 988 p.
1638 941 1741 993 160,
1779 957 1870 987 con·
1907 990 1910 992 ,

297 898 407 937 deam
439 901 682 954 Antiphanis

295 955 449 998 iectura
479 961 642 1004 incerta.

283 1371 392 1413 Conf.
421 1377 543 1419 serm.
574 1384 640 1432 12,
668 1387 722 1426 35
749 1401 786 1437 p.
809 1391 891 1430 571
922 1394 981 1433 ed.
1010 1395 1217 1441 Oombefis.
1247 1403 1373 1445 Paris.

282 1445 355 1481 pro
387 1440 535 1485 μᾶλλον
561 1441 725 1495 Gregor.
759 1447 941 1491 Nazianz.
974 1454 1015 1493 II
1047 1459 1176 1499 239d.

399 1497 495 1537 262.
528 1502 597 1550 qui
629 1510 980 1558 exaggerationem
1011 1516 1113 1557 hanc
1144 1521 1311 1562 nimiam
1343 1526 1442 1568 dicit
1475 1528 1698 1582 (Herwerd.
1733 1538 1852 1597 177),

278 1556 469 1596 sermonis
502 1561 682 1612 vulgaris
715 1568 914 1610 rationem
944 1586 1024 1614 non
1055 1577 1268 1633 intellegit,
1302 1586 1449 1627 nedum
1482 1593 1633 1634 comici.

393 1617 488 1665 276,
506 1621 542 1658 2.
565 1622 589 1660 3
610 1622 669 1662 ita
689 1625 955 1671 distribuendi
969 1639 1085 1676 erant
1102 1638 1294 1682 Θετταλὸν
1311 1639 1316 1698 1
1331 1643 1453 1699 λέγεις
1465 1652 1611 1706 κομιδῆ
1624 1653 1692 1695 τὸν
1705 1656 1845 1714 ἄνδρα.

395 1676 501 1727 277,
538 1681 572 1718 1.
612 1697 668 1730 τις
700 1685 862 1744 εἰσφέρῃ
901 1691 1024 1734 Dobr.
1062 1698 1278 1751 πριάμενός
1320 1719 1377 1753 τις
1420 1707 1581 1767 εἰσφέρῃ
1620 1710 1729 1769 (init.
1749 1735 1752 1738 ·
1769 1715 1846 1776 ἂν)

269 1728 490 1775 Wilamow.
523 1741 631 1790 apud
662 1744 816 1787 Kaibel.
1199 1768 1202 1769 ⁷

336 1828 338 1830 ,
386 1795 482 1834 288.
516 1799 563 1838 cf.
596 1801 777 1845 Menand.
811 1809 907 1850 845.

385 1854 487 1904 300,
523 1860 558 1897 1.
604 1862 652 1900 ef.
693 1866 815 1906 etiam
860 1869 966 1910 Plut.
1004 1874 1102 1916 Mor.
1145 1881 1228 1919 127
1243 1883 1269 1920 f.
1307 1905 1356 1912 —-
1392 1891 1574 1930 consulto
1615 1906 1696 1935 non
1733 1910 1837 1939 eom-

264 1916 480 1954 memoravi
506 1917 645 1960 Alcaei
672 1923 790 1974 lyrici
815 1942 974 1970 versum
1001 1936 1254 1980 notissimum
1280 1948 1446 1996 propter
1469 1949 1833 1999 dissimilitudinem

265 1972 496 2014 sententiae.

378 2034 463 2073 310
489 2038 635 2079 excidit
665 2038 850 2087 ‘Suidas'.
897 2047 1151 2107 ἁλουργίδων
1176 2059 1257 2100 iam
1276 2062 1562 2120 Bernhardyus
1579 2071 1622 2111 in
1641 2075 1696 2113 ed
1721 2077 1828 2118 Suid.

378 2094 473 2132 315.
507 2097 745 2142 adversatur
773 2106 942 2150 Meinek.
975 2112 1119 2156 Philol.
1150 2118 1251 2159 XIII
1282 2124 1379 2163 531.

375 2153 458 2192 319
491 2156 656 2210 πάθημα
685 2163 837 2206 Nauck.
871 2169 963 2210 Mel.
996 2172 1034 2210 V
1066 2177 1163 2217 229.

372 2212 456 2251 322
495 2215 707 2260 delendum
745 2227 823 2277 est,
861 2230 894 2267 si
933 2243 1024 2270 cum
1056 2235 1082 2273 J

250 2266 395 2309 Anecd.
431 2274 533 2326 116,
569 2279 619 2317 11
655 2282 706 2320 ad
742 2283 1015 2336 Antiphontem

252 2326 298 2364 ef.
335 2328 485 2371 Nauck.
521 2337 616 2377 233.

1084 2240 1303 2280 ernstedtio
1344 2246 1620 2290 testimonium
1653 2253 1820 2297 Bekker.

1056 2289 1223 2348 (Tetral.
1257 2304 1293 2339 A
1321 2304 1359 2354 2,
1387 2301 1431 2358 9)
1464 2309 1717 2352 referendum
1749 2319 1819 2356 est.

242 2508 343 2545 cont.
377 2509 476 2551 Elhs
508 2515 640 2557 Amer.
673 2521 753 2561 Jou
806 2557 812 2564 .

241 2563 351 2605 Stud.
383 2571 470 2610 erit.
502 2573 564 2613 ΙΠ
597 2580 662 2617 71.

358 2627 414 2668 Of.
448 2633 569 2673 etiam
602 2638 735 2690 adesp.
771 2645 868 2686 302.

834 2761 1213 2806 ANAXANDRLDES

350 2806 414 2846 Fr.
451 2812 493 2861 1,
526 2815 565 2853 2.
616 2817 802 2860 Similiter
840 2822 975 2866 ὅντινα
1007 2830 1171 2883 τρόπον;
1199 2835 1206 2885 Ι
1233 2833 1346 2888 ’ἡμεῖς
1382 2845 1458 2882 κτλ.
1491 2858 1595 2885 nunc
1626 2848 1800 2903 Madvig.

231 2860 397 2905 Advers.
430 2870 516 2910 erit.
548 2873 611 2913 III
644 2879 708 2918 67.

630 311 874 370 ἐξεκρούσθη
905 320 1008 362 Ellis
1039 313 1174 366 Amen.
1207 330 1348 371 Journ.
1371 323 1434 373 ‘VI
1461 338 1498 389 2,
1525 341 1904 394 conferens‘ffidoffi.-

1215 383 1367 431 amtium
1407 399 1534 443 paria
1577 403 1679 443 inter
1718 412 1978 466 νοΐαίᾶὼ’-;Ϊ““

932 443 1214 490 aplicabantar.
1279 453 1318 500 5,
1347 454 1400 492 17
1425 467 1503 504 per
1533 463 1886 521 catastropham

903 503 1143 552 reconliyere.
1194 509 1298 549 unde
1330 511 1371 550 in
1403 527 1438 554 v.
1468 518 1491 555 6
1519 515 1670 570 ἀπόδος
1699 523 1743 577 ἐν
1765 542 1882 571 κατα-

793 738 876 786 ρεῑν
920 738 1091 780 fortasse
1137 745 1391 789 scribendum
1434 753 1573 805 ζητεῖν.
1641 763 1688 800 ef.
1721 763 1873 810 Nauck.

895 1335 1003 1374 otore
1042 1339 1179 1380 tamen
1208 1355 1289 1383 non
1319 1349 1525 1391 nominato
1558 1357 1665 1405 apud
1693 1359 1855 1405 Maxim.
1907 1365 1911 1368 ’

1398 1410 1523 1451 1675.
1544 1434 1605 1442 —
1625 1419 1647 1456 1
1675 1424 1859 1472 κρεῖσσον

1944 945 2014 988 -·1Ῑ
