2014 3334
276 249 362 291 176
604 273 607 278 s
912 251 1210 286 ΜΕΝΑΝΔΡΟΤ

1018 385 1104 426 576
1887 403 1912 424 ο

489 463 622 508 οὐδὲν
654 467 864 521 διαβολῆς
896 465 1017 508 ἐστιν
1049 465 1392 524 ἐπιπονώτερον·

488 538 569 592 τὴν
602 537 650 580 ἐν
683 537 815 597 ἑτέρῳ
848 538 932 594 γὰρ
964 537 1171 594 κειμένην
1203 538 1420 596 ἁμαρτίαν

489 610 551 661 εἰς
583 608 748 665 μέμψιν
782 610 901 652 ἰδίαν
933 609 1070 652 αὐτὸν
1101 609 1342 665 ἐπάναγκες
1373 613 1537 666 λαβεῖν.

395 696 590 735 stobaeus
609 697 748 736 Floril.
769 698 838 748 42,
859 698 885 734 4
919 696 1167 750 Μενάνδρου
1200 697 1313 737 Voss.
1340 698 1461 737 Hens.
1494 700 1535 736 et
1560 698 1690 737 Trina.
1723 696 1847 750 Εὐρι-

275 755 395 795 πίδου
430 751 690 809 Ἀλεξάνδρου
722 757 771 795 Α.
834 754 980 810 Εὐριπ.
1015 753 1131 804 meg.
1168 753 1194 808 ἢ
1232 757 1479 809 Μενάνδρου
1511 758 1557 796 Β.
1625 760 1668 797 ab
1702 758 1849 797 lemma

276 813 377 868 Εὐρ.
405 811 480 855 Ἀλ.
513 816 690 866 pertinet
721 816 772 854 ad
793 818 861 866 42,
883 818 907 854 3
930 812 996 870 (fr.
1019 818 1071 856 57
1093 813 1174 866 Ν).
1224 817 1383 856 Maxim.
1405 816 1515 856 Conf.
1539 818 1604 868 10,
1626 820 1680 857 32
1702 832 1740 868 p.
1762 819 1846 858 563

276 875 484 915 Combefis.
530 876 730 915 Antonius
749 877 841 914 Mel.
863 877 917 915 53
938 890 976 926 p.
1000 878 1065 916 79.
1131 879 1167 915 1.
1194 873 1268 915 ἔστ’
1298 875 1624 929 ἐπιφθονώτερον
1643 877 1848 917 Herwerd.

275 935 422 974 Mnem.
446 949 536 975 nov.
552 935 610 974 VI
638 937 704 976 78.
769 938 804 974 2.
826 934 868 974 ἐν
889 948 965 974 om.
986 936 1117 975 Trino.
1181 938 1219 975 3.
1240 936 1295 983 εἰς
1316 935 1501 986 Salmas]
1523 934 1595 976 ἀεὶ.
1627 936 1693 976 δεῖ
1714 937 1848 976 Dindf.

1017 1075 1101 1118 577

490 1158 609 1209 ὅστις
641 1155 689 1201 δὲ
723 1158 975 1213 διαβολαϊσι
1005 1160 1206 1201 πείθεται
1237 1160 1361 1215 ταχύ,

488 1230 586 1284 ἤτοι
617 1230 811 1286 πονηρὸς
843 1230 976 1280 αὐτός
1007 1229 1099 1272 ἐστι
1129 1231 1234 1280 τοὺς
1265 1232 1471 1287 τρόπους,

489 1300 515 1356 ἢ
547 1301 797 1344 παντάπασι
830 1302 1070 1359 παιδαρίου
1101 1302 1284 1357 γνώμην
1315 1303 1414 1358 ἔχει.

398 1388 595 1427 Stobaeus
634 1389 771 1432 Floril.
806 1390 873 1439 42,
908 1391 931 1428 6
977 1388 1226 1442 Μενάνδρου
1258 1389 1307 1429 A.
1357 1389 1515 1428 Maxim.
1549 1388 1659 1428 Conf.
1695 1390 1759 1437 10,
1794 1391 1848 1428 32

275 1462 311 1498 Ρ.
346 1449 430 1487 563
472 1447 680 1487 Oombefis.
741 1448 891 1487 Anton.
924 1449 1015 1488 Mel.
1049 1451 1102 1488 53
1137 1463 1174 1499 p.
1207 1451 1274 1488 79.
1361 1451 1400 1488 2.
1437 1447 1540 1488 ἐστιν
1581 1446 1699 1496 αὐτὸς
1734 1448 1850 1489 Voss.

275 1508 399 1547 Heus.
454 1511 536 1555 τοῖς
567 1506 725 1560 τρόποις
756 1509 862 1548 Max.
894 1507 1006 1548 Conf.
1055 1506 1123 1547 τὸν
1155 1506 1300 1562 τρόπον
1331 1508 1424 1547 Ant.

1023 1636 1109 1679 578

492 1720 563 1762 δεῖ
589 1720 668 1762 τὸν
699 1722 893 1763 πολιτῶν
923 1726 1188 1777 προστατεῖν
1219 1720 1487 1777 αἱρούμενον

492 1792 574 1846 τὴν
603 1797 684 1834 τοῦ
716 1794 854 1846 λόγου
885 1789 967 1847 μὲν
1000 1792 1193 1847 δύναμιν
1225 1791 1306 1834 οὐκ
1339 1791 1604 1847 ἐπίφθονον,

490 1864 594 1918 ἤθει
627 1861 676 1906 δὲ
707 1869 880 1922 χρηστῷ
915 1862 1276 1921 συγκεκραμένην
1308 1865 1434 1919 ἔχειν.

397 1950 592 1989 S‘nobaeus
633 1951 771 1990 Floril.
810 1952 884 1999 45,
918 1953 942 1989 8
988 1950 1236 2004 Μενάνδρου
1273 1953 1317 1990 A.
1394 1946 1611 1990 ‘sententia
1654 1951 1849 1990 eothurno

278 2023 397 2060 quam
430 2023 544 2049 socco
577 2007 761 2062 dignior.'
787 2011 906 2050 Mein.
957 2013 1000 2049 at
1031 2011 1231 2050 interdum
1264 2011 1383 2049 etiam
1416 2023 1521 2050 nova
1552 2010 1755 2049 comoedia
1786 2023 1849 2048 res

276 2070 458 2119 publicas
491 2070 669 2121 attingib.

1018 2152 1103 2193 579

491 2233 518 2288 ἡ
551 2239 638 2276 νῦν
669 2233 755 2276 ὑπό
787 2249 925 2277 τινων
956 2235 1198 2290 χρηστότης
1228 2232 1478 2289 καλουμένη

491 2310 653 2361 μεθῆκε
685 2306 764 2348 τὸν
795 2306 903 2348 ὅλον
934 2307 997 2356 εἰς
1027 2307 1246 2361 πονηρίαν
1277 2307 1395 2359 βίον·

492 2376 639 2428 οὐδεὶς
670 2378 754 2434 γὰρ
787 2377 954 2420 ἀδικῶν
985 2377 1194 2433 τυγχάνει
1225 2378 1447 2433 τιμωρίας.

399 2464 596 2503 Stobaeus
617 2464 753 2503 Floril.
774 2465 842 2516 46,
866 2467 916 2503 11
945 2464 1194 2516 Μενάνδρου
1213 2463 1262 2502 A.
1327 2466 1364 2504 1.
1395 2477 1514 2502 τινων
1534 2462 1706 2514 AVoss.]
1734 2478 1849 2511 τινος.

279 2526 317 2563 2.
368 2522 536 2575 μεθῆκε]
582 2521 773 2575 μετέθηκε
806 2523 851 2562 Gr.
884 2526 931 2562 A.
963 2524 1163 2574 Hirschig.
1232 2524 1334 2562 Ann.
1374 2523 1461 2561 orit.
1496 2525 1563 2562 26.
1632 2524 1680 2564 cf.
1714 2523 1851 2563 Cobet.

278 2583 327 2623 N.
358 2584 383 2622 l.
417 2586 483 2623 87.
545 2584 744 2638 πονηρίαν
776 2582 943 2634 Gesner]
977 2582 1162 2636 ἀπορίαν.

1023 2711 1110 2754 580

494 2797 541 2838 τί
569 2797 776 2851 διακενῆς
807 2793 849 2839 εἶ
876 2796 1082 2853 χρηστός;
1117 2794 1140 2837 ὁ
1173 2794 1386 2850 δεσπότης

493 2867 625 2918 αὐτὸς
656 2867 867 2910 ἀπολλύει
897 2867 1053 2920 πάντα,
1087 2867 1142 2908 σὺ
1174 2863 1222 2908 δὲ
1254 2866 1312 2921 μὴ
1345 2866 1597 2921 λαμβάνεις,

493 2939 659 2981 σαυτὸν
691 2938 940 2996 ἐπιτρίβεις,
974 2937 1054 2980 οὐκ
1086 2935 1256 2997 ἐκεῖνον
1289 2936 1485 2992 ὠφελεῖς.
