2014 3334
257 244 343 286 428
630 297 633 302 s
825 207 830 210 ³
906 242 1165 276 ΑΔΕΣΠΟΤΑ

258 370 350 397 vero
376 355 434 394 ita
459 355 658 393 inmutata
689 355 794 402 sunta,
820 355 867 392 ut
893 354 1173 404 argumen‘num
1199 353 1357 391 tantum
1389 352 1505 392 modo
1537 364 1699 392 scaenae
1728 365 1819 392 nar-

257 417 379 463 retur,
410 427 489 453 non
519 414 642 454 verba
671 414 891 453 serventur.

995 515 1078 558 113

374 616 614 654 Plutarchus
646 614 743 654 Mor.
779 614 898 653 615d
941 611 1077 652 ἑστιῶν
1115 608 1208 664 (τις)
1245 613 1426 660 πλείονας
1468 611 1630 653 ἕκαστον
1671 610 1820 653 ἐκέλευε

256 681 334 714 τῶν
365 673 566 713 εἰσιόντων
598 672 688 713 ὅποι
719 672 899 725 βούλεται
929 671 1215 724 παρεμβάλλειν
1239 670 1306 711 καὶ
1334 672 1650 722 κατακλίνεσθαι,
1682 670 1747 712 διὰ
1777 670 1820 712 τὸ

256 732 321 773 καὶ
352 731 488 781 ξένους
525 732 591 772 καὶ
621 733 779 779 πολίτας
815 730 881 770 καὶ
911 730 1101 782 συνήθεις
1137 729 1203 770 καὶ
1234 731 1402 779 οἰκείους
1438 730 1504 770 καὶ
1541 730 1639 779 ὅλως
1674 745 1818 772 παντο-

258 791 409 839 δαποὺς
449 791 541 839 τοὺς
580 789 842 865 κεκλημένους
883 785 994 830 εἶναι.
1076 786 1144 844 (2)
1180 793 1336 830 πολλῶν
1373 785 1448 830 ουν
1483 788 1563 842 ἤδη
1599 789 1822 864 παρόντων,

258 850 367 899 ξένος
396 866 452 899 τις
484 850 611 902 ὥσπερ
643 849 925 902 εὐπάρυφος
955 847 1004 889 ἐκ
1033 850 1305 923 κωμῳδίας,
1336 848 1476 901 ἐσθῆτί
1501 863 1540 889 τε
1571 855 1725 904 περιττῇ
1756 848 1823 889 καὶ

258 910 480 950 ἀκολουθία
518 910 672 949 παίδων
709 907 1076 961 ὑποσολοικότερος,
1113 903 1209 960 ἧκεν
1240 907 1328 961 ἄχρι
1363 914 1440 948 τῶν
1470 912 1613 960 θυρῶν
1649 914 1719 949 τοῦ
1750 907 1821 948 ἀν-

259 970 410 1021 δρῶνος
455 967 521 1008 καὶ
563 969 693 1024 κύκλῳ
736 972 818 1016 ταῖς
862 966 1001 1019 όψεσιν
1045 966 1224 1008 ἐπελθὼν
1267 967 1373 1015 τοὺς
1402 966 1704 1019 κατακειμένους
1747 967 1823 1008 οὐκ

261 1027 456 1101 ηθέλησεν
488 1028 693 1078 εἰσελθεῖν,
724 1024 807 1067 ἀλλ’
844 1025 959 1083 ᾤχετο
986 1026 1132 1067 ἀπιών·
1163 1026 1228 1067 καὶ
1258 1030 1414 1067 πολλῶν
1445 1026 1717 1078 μεταθεόντων
1749 1026 1824 1067 οὐκ

258 1087 335 1138 ἔφη
367 1086 434 1126 τὸν
465 1084 577 1134 ἄξιον
609 1086 751 1126 ἑαυτοῦ
783 1086 904 1126 τόπον
936 1084 1034 1139 ὅρᾶν
1070 1086 1313 1138 λειπόμενον.
1375 1081 1441 1140 (3)
1473 1085 1625 1126 ἐκεῖνον
1651 1084 1722 1138 μὲν
1747 1081 1822 1126 ουν

258 1149 388 1202 πολλῷ
419 1144 553 1199 γέλωτι
590 1146 813 1198 χαίροντας,
854 1144 1132 1197 ευφημουντας
1166 1143 1375 1197 ἐκπέμπειν
1408 1144 1541 1196 δόμων
1573 1143 1753 1186 ἐκέλευον
1784 1146 1827 1186 οἱ

258 1206 542 1254 κατακείμενοι·
580 1204 646 1245 καὶ
675 1204 749 1258 γὰρ
781 1200 883 1257 ἦσαν
920 1204 1057 1245 πολλοὶ
1097 1205 1258 1258 μετρίως
1287 1203 1602 1252 υποπεπωκότες.
1662 1206 1824 1245 videtur

260 1267 348 1304 tota
379 1265 603 1304 comoediae
635 1277 776 1304 scaena
805 1265 870 1303 vel
900 1265 1077 1304 narratio
1109 1264 1350 1304 adumbrari.
1399 1265 1542 1304 Pollux
1575 1267 1614 1315 7,
1646 1266 1701 1304 46
1737 1264 1823 1316 εἴδη

258 1322 438 1374 ἐσθήτων
471 1355 479 1363 .
512 1354 522 1364 .
552 1354 562 1363 .
593 1321 618 1374 ἡ
638 1323 950 1377 παραπόρφυρος
975 1321 1001 1375 ἢ
1030 1321 1083 1371 ὡς
1108 1321 1133 1374 ἡ
1165 1322 1248 1363 νέα
1277 1323 1499 1379 κωμῳδία
1531 1322 1822 1376 ευπάρυφος.

259 1385 307 1422 cf.
326 1383 486 1422 Nicostr
506 1386 543 1422 9.
592 1396 663 1422 neo
695 1384 839 1422 desunt
869 1396 1058 1423 versuum
1088 1383 1279 1435 vestigia:
1321 1381 1413 1432 ὄψει
1450 1379 1485 1421 δ’
1521 1381 1701 1422 ἐπελθὼν
1731 1382 1824 1431 τοὺς

257 1439 559 1493 κατακειμένους
583 1442 734 1497 κύκλῳ.
755 1473 764 1481 .
785 1473 793 1481 .
806 1441 879 1482 οὐκ
899 1441 975 1493 ἔφη
1005 1441 1010 1491 Ι
1037 1441 1103 1481 τὸν
1123 1440 1235 1489 ἄξιον
1255 1440 1377 1482 αὑτοῦ
1397 1440 1517 1482 τόπον
1536 1439 1642 1494 ὁρᾶν
1659 1441 1822 1496 (λελειμ-

258 1497 397 1552 μένον)
430 1530 440 1540 .
471 1530 481 1540 .
504 1516 522 1540 ’.
555 1499 765 1554 χαίροντες,
797 1500 1068 1552 εὐφημοῦντες
1093 1499 1303 1553 ἐκπέμπειν
1332 1500 1466 1552 δόμων
1493 1499 1499 1553 Ι
1527 1499 1707 1541 ἐκέλευον
1726 1532 1736 1542 .
1765 1533 1773 1541 .
1803 1533 1812 1541 .

257 1558 394 1599 πολλοὶ
425 1560 585 1613 μετρίως
615 1559 689 1613 γὰρ
720 1555 822 1612 ἦσαν
853 1559 1166 1608 ὑποπεπωκότες.

997 1664 1082 1706 114

540 1749 594 1788 A.
625 1754 714 1796 πῶς
744 1747 858 1789 εἰσιν
890 1747 937 1789 οἱ
963 1760 1077 1802 πυρο
1119 1781 1426 1790 ......

540 1819 588 1859 Β.
621 1819 667 1859 τί
694 1816 747 1859 δέ
775 1829 846 1860 σοι
878 1816 998 1873 μέλει
1029 1806 1165 1870 τοῦτ’χ;
1198 1822 1251 1861 Α.
1284 1818 1418 1861 οὐδεν
1441 1851 1616 1861 .....

542 1889 604 1938 εἰς
634 1889 715 1943 τὴν
747 1888 964 1943 ἀλήθειαν
995 1901 1216 1946 καταχρησ
1245 1924 1252 1932 .
1292 1924 1300 1932 .
1339 1924 1348 1933 .
1387 1924 1395 1932 .

540 1958 596 2002 ἂν
626 1961 780 2015 τίμιος,
812 1959 977 2003 δακέτῳ
1011 1959 1050 2003 6’
1088 1960 1198 2017 ὑπερ
1230 1977 1250 2003 ε
1280 1996 1288 2003 .
1326 1995 1335 2003 .
1375 1995 1383 2003 .
1423 1995 1432 2004 .

497 2041 517 2072 5
537 2029 740 2085 πένητος·
772 2031 937 2073 αἰσθοῦ
968 2032 1133 2074 σαυτὸν
1165 2033 1273 2075 ὄντα
1301 2066 1309 2074 .
1348 2066 1357 2074 .
1395 2065 1404 2074 .

542 2102 801 2157 ἄνθρωπον·
834 2102 1076 2158 ἄνθρωπον
1109 2100 1158 2145 δὲ
1188 2119 1242 2145 κα
1283 2137 1291 2145 .
1342 2135 1352 2145 .
1401 2138 1410 2145 .
1461 2137 1469 2144 .

540 2172 615 2215 ἵνα
646 2172 703 2227 μὴ
731 2170 955 2230 ’πιθυμῇς
984 2180 1073 2216 τῶν
1103 2173 1215 2231 ὑπερ
1244 2208 1253 2217 .
1291 2208 1299 2216 .
1338 2208 1347 2217 .
1387 2209 1394 2216 .

378 2259 665 2310 Fragmentum
690 2271 713 2297 a
733 2260 1028 2300 Tischendorfio
1054 2261 1271 2312 inventum,
1303 2274 1327 2299 a
1347 2260 1496 2300 Cobeto
1528 2273 1618 2300 cum
1643 2261 1691 2300 fr.
1712 2261 1822 2301 Men-

260 2318 372 2356 andr.
394 2319 479 2357 530
500 2318 653 2357 editum
671 2318 816 2357 Mnem.
834 2332 922 2359 nov.
942 2319 1026 2358 ΠΙΙ
1047 2321 1130 2359 285
1147 2333 1203 2371 sq.
1266 2322 1303 2359 2.
1335 2321 1673 2365 ΤΟΤΤΟΟΤΘΕΝ
1692 2320 1822 2360 Tisch-

259 2379 296 2415 4.
328 2379 530 2412 ΤΕΙΜΙΟΣ
560 2380 600 2416 el)
630 2380 859 2413 ZETIIEPE
895 2379 1024 2419 Tisoh.
1090 2382 1126 2419 7.
1157 2380 1442 2415 ΕΠῙΘΤΜΗΙΣ
1468 2381 1509 2418 el:
1534 2374 1667 2414 THEP
1692 2379 1822 2419 Tisch-

380 2438 416 2475 1.
446 2434 567 2488 πυροὶ
602 2433 695 2489 παρ’
742 2433 838 2488 ἡμῖν
875 2436 1004 2486 ὥνιοι;
1049 2437 1187 2478 Cobet.
1223 2436 1344 2490 πυροὶ
1381 2434 1466 2478 κατ’
1513 2436 1663 2491 ἀγορὰν
1693 2436 1823 2490 ὥνιοις

259 2495 500 2534 Fritzschius
537 2496 596 2534 De
636 2497 788 2548 prolog.
820 2498 1005 2548 quibusd.
1035 2497 1147 2537 Rost.
1183 2499 1293 2538 1877
1325 2512 1364 2548 p.
1390 2499 1429 2549 4,
1464 2498 1740 2538 Wilamowitz.
1782 2500 1823 2538 et

262 2554 466 2604 Gomperz.
495 2555 631 2594 Herm.
656 2556 724 2595 XI.
806 2558 844 2595 2.
875 2555 1011 2596 οὐδέν
1048 2555 1144 2596 ἀλλὰ
1181 2556 1375 2608 βούλομαι
1405 2556 1500 2597 Oob.
1533 2554 1667 2608 οὐδέν,
1698 2552 1821 2609 οἶμαι,

259 2612 399 2652 κωλύει
430 2614 621 2653 Fritzsch.
673 2612 797 2654 οὐθέν
827 2616 974 2655 retinet
1005 2616 1208 2671 (ἔοωρθΥΖ.
1255 2617 1354 2656 conl.
1386 2617 1520 2668 Etym.
1552 2630 1602 2655 m.
1636 2618 1735 2667 640,
1766 2618 1820 2656 13

261 2671 511 2722 σεσημείωται
547 2671 588 2712 τὸ
619 2672 727 2724 παρὰ
763 2674 991 2731 Μενάνδρῳ
1031 2672 1156 2714 οὐθὲν
1188 2673 1291 2726 μέλει
1328 2686 1391 2714 σοι
1422 2673 1489 2727 (fr.
1523 2670 1639 2728 918).
1685 2673 1819 2715 ουδέν·

260 2729 410 2783 ὥσπερ
455 2731 622 2788 εἰσόδῳ
658 2733 705 2772 Κ,
787 2736 823 2773 3.
861 2738 1132 2787 καταχρησθαι
1173 2736 1226 2790 τῷ
1269 2733 1369 2790 λόγῳ
1408 2734 1502 2774 Cob.
1551 2737 1822 2788 καταχρῆσθαι

261 2787 404 2844 τάγορᾷ
436 2791 638 2842 Frilzzsch„
668 2795 715 2831 ut
747 2792 795 2831 ad
827 2793 951 2844 τίμιος
981 2808 1018 2834 v.
1050 2795 1075 2832 4
1109 2794 1287 2844 suppleri
1318 2794 1446 2844 possit
1475 2809 1501 2844 η
1527 2792 1663 2846 ἀγορά.
1702 2794 1821 2832 aliter

262 2848 367 2886 enim
398 2851 647 2890 scribendum
673 2864 757 2891 esse
782 2852 902 2903 τίμιοι
933 2850 994 2904 (οἱ
1013 2848 1165 2906 πυροί)
1213 2856 1483 2905 καταχρῆσθαι
1513 2852 1749 2905 βούλομαι
1771 2853 1819 2891 Κ.

263 2908 302 2945 4.
334 2905 429 2957 ἐμοῦ
460 2914 529 2947 τοῦ
562 2908 716 2962 σφόδρα
741 2910 834 2951 Cob.
884 2910 1085 2952 εκάστου
1115 2910 1220 2951 τόδε
1246 2913 1293 2951 Κ.
1357 2914 1394 2952 5.
1426 2910 1534 2964 όντα,
1568 2911 1708 2951 Φειδία
1726 2911 1819 2951 Gob.

1999 2723 2014 2803 Ξ

2004 2816 2014 2840 Ἴ

2002 2843 2014 2871 ’ἔ
