2014 3334
265 230 352 272 632
600 239 604 244 ²
913 199 1173 265 AAEEIio'rA

994 339 1102 382 1331

549 426 604 465 A.
634 423 817 478 χαίροις,
843 419 1063 477 Ὑψιπύλη
1095 425 1216 478 φίλη.
1322 477 1325 481 .

548 496 597 535 B.
629 494 734 544 τοὺς
764 492 896 549 ἐμοὺς
925 492 1069 536 πλέκω
1100 495 1363 550 κορύμβους.

550 568 602 607 Α.
635 564 689 607 οὔ
722 575 793 607 σοι
824 563 936 619 λέγω
966 563 1067 620 περὶ
1098 565 1270 608 τούτου.

551 638 600 678 Β.
632 635 768 691 οὑμὸς
800 635 975 690 ἀκοίτης
1006 634 1214 678 ἐνταῦθα.

387 722 620 773 Apostolius
651 724 716 772 18,
749 724 773 761 8
807 718 832 772 ἡ
858 722 1049 773 παροιμία
1079 722 1248 762 τάττεται
1279 721 1342 762 ἐπὶ
1379 730 1456 763 τῶν
1487 723 1677 777 λεγόντων
1708 723 1832 775 ἀσύμ-

267 798 384 833 φωνα
403 781 468 821 καὶ
488 781 742 832 ἀκατάλληλα.
794 779 910 832 ὁμοία
934 786 978 836 τῇ
1005 777 1095 834 ξἐγὼ
1116 780 1286 834 σκόροδά
1305 794 1367 822 σοι
1391 781 1502 836 λέγω,
1528 782 1576 822 σὺ
1597 781 1638 822 δὲ
1664 780 1832 835 κρόμμυ’

267 838 492 897 ἄποκρίνῃ’.
550 844 586 880 2.
613 855 695 892 κορ.
715 841 1040 891 ni„t1·ansposuit
1054 841 1198 893 Bergk.
1213 838 1362 893 P.1yr.2
1375 857 1413 892 p.
1431 845 1555 890 1077.
1611 845 1649 882 4.
1674 841 1833 894 ἀκοίτης

267 900 470 952 Leutsch.]
499 898 646 947 ἄκοιτις
672 901 734 940 vel
760 899 851 951 ἥκοι
875 915 941 948 τις.
992 914 1039 939 ex
1064 901 1266 940 comoedia
1290 902 1419 952 petita
1438 903 1623 942 videntur
1642 903 1834 953 Bergkio:

268 962 373 1011 quod
416 961 514 999 mihi
559 959 735 1011 quidem,
774 960 931 999 etiamsi
976 973 1161 999 scaenam
1198 961 1367 1000 similem
1411 962 1539 1012 fingas
1570 962 1693 1001 Arist.
1728 962 1835 1001 Eccl.

270 1022 352 1060 952
369 1033 438 1072 sq.,
468 1033 662 1071 perquam
695 1019 861 1058 dubium
891 1019 1062 1059 videtur.

997 1136 1110 1178 1332

386 1223 584 1262 Aristides
621 1222 660 1261 II
700 1224 783 1262 398
826 1223 960 1262 Dindf.
1010 1220 1276 1276 περιέρχονται
1319 1219 1381 1276 (οἷ
1414 1218 1667 1276 Χριστιανοὶ)
1709 1221 1836 1271 ἄλλως

266 1283 419 1334 βροτῶν
451 1281 592 1321 εἴδωλα
623 1281 828 1332 καμόντων
861 1311 870 1320 .
902 1312 911 1321 .
944 1311 952 1320 .
985 1281 1058 1322 δύο
1091 1281 1249 1334 μορφὰς
1280 1280 1429 1334 ἔχοντες
1461 1281 1547 1322 ἀντὶ
1577 1288 1714 1335 τριῶν,
1756 1288 1837 1334 τῆς

266 1347 493 1394 τραγικῆς
533 1340 645 1393 βοὸς
685 1347 775 1380 τῶν
816 1341 1014 1392 ἱματίων
1054 1347 1144 1381 τῶν
1183 1340 1442 1394 ἠπημένων
1482 1340 1624 1381 οὐδὲν
1669 1341 1836 1392 διαφέ-

267 1416 440 1453 ροντες.
490 1401 560 1440 ubi
587 1402 709 1439 schol.
732 1403 829 1452 728,
850 1403 906 1440 30
933 1401 1048 1440 Dind.
1089 1399 1294 1448 πολυειδὲς
1317 1402 1525 1453 πεποίηται
1558 1402 1687 1453 δρᾶμα
1713 1400 1834 1452 Εὐρι-

266 1461 384 1511 πίδης
417 1457 657 1513 (Πολύειδος
683 1463 722 1499 et
742 1458 942 1515 Εὐριπίδῃ
963 1461 1113 1499 Nauck.
1129 1462 1193 1499 Tr.
1215 1475 1274 1511 gr.
1295 1462 1341 1501 fr.
1370 1475 1408 1512 p.
1428 1458 1548 1512 440),
1581 1460 1623 1500 ἐν
1655 1453 1686 1515 ᾧ
1716 1461 1836 1512 βοῦν

267 1520 532 1571 τρίχρωμον
563 1523 674 1559 ποιεῖ
698 1517 907 1571 εὑρῆσθαι.
945 1522 985 1558 et
1019 1523 1114 1570 729,
1149 1523 1197 1559 11
1235 1518 1465 1571 ἠπημένων·
1498 1526 1575 1559 τῶν
1607 1519 1651 1559 ἐκ
1681 1522 1836 1559 πολλῶν

269 1577 600 1632 συνερραμμένων
638 1575 706 1631 (cf.
739 1592 840 1630 quae
872 1579 1080 1617 Nauckius
1119 1580 1168 1618 ad
1209 1580 1376 1618 titulum
1408 1579 1566 1630 Polyidi
1598 1580 1837 1629 Euripideae

269 1636 508 1690 adnotavit).
557 1639 718 1678 videtur
754 1639 925 1677 comicus
963 1638 1109 1688 aliquis
1148 1640 1259 1678 bovis
1290 1640 1354 1678 vel
1385 1639 1504 1678 vituli
1542 1639 1651 1677 illius
1691 1639 1837 1688 pellem

269 1712 290 1738 e
315 1698 438 1737 variis
468 1699 610 1747 pannis
648 1700 852 1736 consutam
883 1698 1074 1736 inrisisse.
1124 1699 1192 1738 sed
1206 1706 1281 1738 ‘res
1306 1711 1558 1749 nequaquam
1584 1700 1697 1736 extra
1722 1698 1835 1736 dubi-

270 1758 461 1796 tationem
501 1758 633 1807 posita
674 1759 747 1796 est.
809 1757 994 1796 Reiskius
1026 1770 1127 1807 quae
1167 1759 1218 1797 ad
1251 1758 1468 1797 Aristidem
1506 1758 1714 1796 adnotavit
1745 1770 1836 1796 con-

270 1819 375 1856 sulto
407 1817 698 1866 praetermitto.
1484 1833 1487 1836 ·

1001 1896 1113 1938 1333

389 1984 620 2022 Athenaeus
655 1985 691 2031 2,
725 1984 813 2022 53a
860 1982 1057 2035 Φρύνιχος
1088 1977 1155 2037 (fr.
1189 1978 1276 2035 60).
1321 1981 1431 2022 ἄλλοι
1463 1980 1506 2022 δέ
1537 1978 1840 2035 εοέμυγδαλιῗις

270 2041 330 2091 ὡς
361 2038 538 2089 καλάς’.
595 2055 696 2093 quae
716 2042 897 2093 intellegi
924 2056 1002 2081 non
1022 2044 1200 2094 possunt,
1217 2033 1309 2080 'nisi
1330 2043 1427 2081 haec
1446 2055 1603 2093 quoque
1624 2055 1671 2080 ex
1690 2042 1838 2080 comico

271 2104 404 2152 aliquo
442 2103 628 2151 excerpta
666 2114 751 2140 esse
783 2104 950 2140 statuas.
1000 2114 1046 2140 ac
1077 2103 1246 2140 fortasse
1278 2115 1349 2152 pro
1388 2099 1498 2140 ἄλλοι
1537 2101 1652 2142 scrib.
1684 2098 1839 2149 ἄλλοθι,

272 2166 319 2201 ut
351 2162 461 2201 aliud
482 2161 698 2212 Phrynichi
724 2161 996 2211 fragmentum
1020 2161 1230 2200 indicetur.
1280 2174 1357 2211 quo
1383 2164 1510 2200 metro
1538 2173 1633 2199 usus
1659 2160 1713 2199 sit
1735 2161 1839 2210 quis-

272 2222 362 2273 quis
394 2223 533 2260 auctor
565 2223 625 2259 est
656 2221 868 2260 verborum
899 2233 978 2260 non
1010 2221 1184 2270 adparet.

1000 2336 1114 2378 1334

391 2423 583 2462 Aelianus
602 2422 694 2460 Var.
715 2423 751 2462 h.
778 2425 842 2472 12,
876 2424 928 2461 18
961 2421 1008 2461 τά
1037 2437 1080 2474 γε
1111 2419 1191 2473 μὴν
1222 2423 1418 2460 τελευταῖα
1449 2400 1613 2473 (Φάων
1645 2418 1665 2459 ὅ
1697 2416 1833 2475 καλὸς)

273 2481 525 2534 ἀπεσφάγη
566 2482 803 2532 μοιχεύων
848 2479 1001 2528 ἁλούς.
1059 2478 1316 2520 ‘comoediam
1347 2475 1536 2530 sapiunt'.
1569 2479 1614 2519 Ο.
1646 2481 1835 2519 Ribbeck.

273 2542 448 2587 ComR.
469 2537 534 2587 fr.2
557 2543 609 2580 97
643 2541 684 2579 in
711 2541 797 2580 adn.
834 2563 882 2567 --
918 2555 997 2580 non
1030 2541 1112 2580 sine
1144 2540 1279 2591 aliqua
1311 2540 1559 2578 dubitatione
1591 2540 1835 2579 accesserim.

1000 2644 1113 2688 1335

391 2733 533 2771 Pollux
555 2734 593 2782 8,
615 2734 666 2771 21
692 2727 957 2784 (δικαστήρια)
977 2729 1024 2770 τὸ
1039 2730 1260 2782 Μητίχου
1286 2729 1501 2779 κάλλιον,
1528 2723 1576 2768 οὗ
1596 2727 1835 2780 μνημονεύει

269 2789 504 2844 Ἀνδροτίων
537 2823 544 2830 .
578 2822 586 2829 .
620 2822 627 2830 .
660 2789 701 2830 τὸ
741 2787 782 2829 δὲ
813 2791 997 2842 Μητίχου
1030 2788 1280 2840 δικαστήριον
1311 2786 1427 2841 μέγα,
1458 2787 1560 2828 οὕτω
1591 2786 1741 2839 κληθὲν
1772 2787 1836 2827 ἐπὶ

275 2847 392 2904 (ἀπὸ)
425 2848 690 2902 ἀρχιτέκτονος
723 2850 919 2901 Μητίχου.
969 2851 1016 2889 cf.
1049 2850 1183 2899 adesp.
1219 2851 1344 2887 1325.
1392 2846 1434 2886 τὸ
1472 2846 1656 2898 Μητίχου
1698 2847 1834 2886 καλιόν

275 2911 488 2959 Bergk.·R.
508 2923 539 2949 c.
561 2910 645 2948 Att.
669 2912 720 2948 18
754 2905 829 2948 ‘ita
859 2910 1105 2959 adpellatum
1130 2910 1189 2954 vel
1207 2921 1231 2947 a
1251 2909 1363 2957 vulyo
1392 2907 1452 2947 vel
1473 2920 1495 2945 a
1515 2907 1663 2946 comico
1689 2907 1835 2958 aliquo,

2002 2577 2014 3023 ξ

1990 3026 2014 3334 ,
