2014 3334
270 228 357 270 236
613 262 616 266 ,
914 229 1210 262 MENANAPOT

268 341 382 380 deest
418 354 480 391 ap.
511 341 681 379 Bekker.
739 339 892 379 Choria.
924 340 1041 390 Apol.
1082 340 1190 378 mim.
1228 334 1296 394 (cf.
1329 335 1436 395 494)
1480 345 1557 379 τῶν
1599 340 1841 394 Μενάνδρου

267 397 546 451 πεποιημένων
576 398 800 451 προσώπων
831 429 840 439 .
861 430 870 439 .
891 430 900 439 .
931 399 1140 451 Κνήμων
1172 398 1389 447 δυσκόλους
1419 399 1605 451 ἐποίησεν
1636 395 1748 440 εἶναι.
1791 401 1840 442 of.

270 460 314 499 O.
347 460 538 500 Ribbeck.
570 460 666 511 Agr.
703 461 770 510 12,
802 460 870 511 qui
903 459 1133 499 Cnemonem
1170 460 1490 511 protagonistam
1520 461 1682 509 Dyscoli
1716 460 1840 500 fuisse

270 520 384 570 eique
410 520 638 558 comoediae
666 520 740 558 hoe
760 520 1032 570 fragmentum
1063 519 1367 559 attribuendum
1391 532 1479 558 esse
1511 520 1744 559 arbitratur.
1800 522 1843 559 at

270 579 320 618 ab
340 579 430 619 aliis
450 579 660 619 Smicrines
683 581 864 619 vocatur.
914 580 960 618 of.
983 592 1083 631 quae
1104 579 1155 618 ad
1181 579 1347 618 titulum
1367 579 1530 630 Dyscoli
1550 579 1840 620 adnotavimus.
1905 576 1908 580 ’

1009 695 1094 738 899

553 779 689 821 τᾶλλα
721 778 760 820 δ’
797 779 852 821 ἄν
883 794 948 829 τις
978 779 1202 834 καταβάλῃ

390 865 520 903 Schol.
553 865 719 903 Aristid.
752 866 851 913 541,
886 867 942 905 30
973 865 1110 904 Dindf.
1153 865 1387 916 καταβαλεῖν
1425 862 1514 902 ἀντὶ
1550 869 1619 904 τοῦ
1658 864 1842 917 σπείρειν.

268 922 335 962 καὶ
366 921 608 978 Μένανδρος
633 927 710 963 κτλ.
755 938 845 963 eum
877 926 1018 976 fragm.
1042 927 1095 964 96
1127 925 1283 964 incerta
1313 924 1543 964 conieohura
1574 925 1842 976 coniungebat

270 983 555 1024 Schneidewin.
589 983 698 1023 Coni.
731 984 818 1023 crit.
853 987 919 1024 66.

1015 1065 1102 1106 900

554 1150 601 1189 τί
627 1148 711 1203 γὰρ
744 1147 828 1202 ἐγὼ
860 1148 1199 1203 κατελειπόμην;

389 1234 533 1273 Sextus
564 1235 716 1285 Empir.
750 1235 891 1285 Pyrrh.
925 1235 1029 1284 Hyp.
1067 1238 1102 1284 1,
1139 1235 1219 1274 189
1252 1232 1318 1273 καὶ
1349 1233 1390 1273 τὸ
1422 1234 1460 1273 τί
1488 1233 1576 1274 ἀντὶ
1606 1239 1676 1274 τοῦ
1710 1233 1776 1274 διὰ
1806 1234 1845 1274 τί

270 1293 616 1346 παραλαμβάνεται
647 1292 754 1346 παρὰ
786 1293 1017 1349 Μενάνδρῳ
1050 1296 1127 1332 κτλ.

554 1493 718 1543 ὕδατος
750 1493 901 1543 αὐτοῖς
932 1493 986 1535 οὐ
1019 1494 1151 1548 μετόν

390 1580 535 1620 Suidas
568 1578 616 1619 οὐ
648 1578 764 1631 μετὸν
796 1578 922 1635 αὐτῷ·
953 1578 1041 1618 ἀντὶ
1071 1584 1141 1619 τοῦ
1173 1578 1247 1619 οὐκ
1279 1578 1367 1627 ἐξόν
1394 1609 1402 1618 .
1424 1610 1431 1618 .
1453 1610 1461 1618 .
1491 1577 1732 1632 Μένανδρος
1762 1582 1840 1619 κτλ.

1010 1696 1096 1737 902

556 1768 748 1810 ἔνδοθεν
781 1765 830 1810 δὲ
861 1769 1033 1824 πρίεται

389 1854 617 1905 Etymolog.
656 1868 707 1893 m.
747 1856 849 1904 688,
892 1857 944 1893 13
994 1852 1121 1894 ἰστέον
1165 1852 1221 1893 ὅτι
1265 1854 1307 1894 οἱ
1341 1851 1552 1906 Ἀθηναῖοι
1595 1853 1644 1894 οὐ
1686 1852 1842 1908 λέγουσι

269 1913 412 1965 πρίζω,
449 1911 546 1952 ἀλλὰ
577 1911 693 1966 χωρὶς
729 1918 799 1953 τοῦ
831 1915 853 1961 ζ
880 1914 992 1966 πρίω.
1054 1912 1120 1953 καὶ
1160 1912 1267 1966 παρὰ
1299 1914 1529 1970 Μενάνδρῳ
1562 1917 1639 1953 κτλ.
1700 1913 1840 1954 ἔνδοθι

270 1973 355 2012 eod.
389 1973 423 2011 V
456 1987 517 2024 ap.
550 1972 675 2012 Gaisf.
711 1975 836 2013 1938.

1011 2054 1098 2096 903

557 2125 845 2182 ἐκκορηθείης
877 2126 933 2168 σύ
964 2141 1026 2180 γε.

392 2213 523 2252 Schol.
556 2212 760 2263 Aristoph.
786 2212 876 2252 Pac.
906 2213 959 2251 59
994 2214 1034 2250 et
1066 2211 1209 2251 Suidas
1241 2210 1515 2263 ἐκκορηθείης·
1547 2209 1624 2264 ἀρά
1654 2224 1711 2258 τις
1741 2210 1840 2262 αὕτη

273 2275 354 2319 τοῖς
385 2270 575 2324 ἀρχαίοις,
607 2271 660 2319 ὥς
690 2285 770 2310 που
801 2269 867 2310 καὶ
898 2267 921 2310 ὁ
953 2268 1196 2324 Μένανδρός
1227 2282 1326 2322 φησι
1355 2269 1541 2317 πολλάκις
1565 2273 1642 2309 κτλ.
1701 2269 1840 2321 βουλό-

272 2346 390 2382 μενος
427 2330 469 2370 τὸ
510 2329 638 2383 ἄρδην
676 2329 894 2370 ἀπολέσθαι
937 2336 1120 2382 σημᾶναι.
1182 2329 1368 2377 πολλάκις
1405 2343 1479 2370 om.
1513 2329 1622 2369 Suid.
1653 2342 1678 2368 a
1707 2330 1840 2369 verbis

272 2394 414 2441 poetae
446 2392 612 2430 seclusit
641 2391 762 2429 Mein.
793 2391 963 2430 fortasse
995 2392 1223 2445 Παλλακῇ
1255 2390 1303 2428 Κ.
1354 2390 1528 2429 Zonaras
1563 2391 1644 2428 671
1680 2387 1842 2441 ἐκκορη-

272 2451 404 2501 θείης·
442 2453 639 2498 παντελῶς
678 2448 955 2501 ἀφανισθείης.
1006 2447 1247 2501 Μένανδρος
1277 2451 1354 2488 κτλ.
1404 2449 1591 2487 Eustassh.
1626 2451 1752 2499 1887,
1785 2451 1839 2488 34

273 2508 532 2563 ἐκκορηθείης
562 2508 650 2549 ἀντὶ
679 2515 749 2549 τοῦ
781 2507 834 2557 ὡς
864 2509 1054 2561 κάθαρμα
1084 2507 1331 2560 ἕκβληθείης.
1379 2508 1558 2559 Aloiphr.
1594 2511 1632 2559 3,
1666 2510 1720 2547 62
1752 2508 1838 2548 init.

273 2568 546 2623 ἕκκορηθείης,
572 2569 630 2609 ὅτι
649 2567 811 2623 ἄκαιρος
830 2564 948 2608 εἶκαὶ
967 2568 1093 2616 λάλος.
1143 2569 1261 2607 aliter
1281 2568 1421 2618 Eupol.
1445 2569 1541 2616 233,
1563 2570 1600 2607 4.
1633 2567 1838 2618 Arisssoph.

274 2630 320 2667 fr.
356 2632 451 2669 266.
1193 2635 1198 2638 ”

1017 2696 1104 2738 904

559 2767 896 2825 ἀρτικροτοῦνθ’
933 2768 980 2810 οἱ
1006 2767 1150 2822 γάμοι.

393 2855 726 2895 Bekker.Anecd.
742 2857 839 2902 447,
861 2857 928 2906 20,
956 2854 1099 2893 Suidas
1125 2856 1166 2892 et
1186 2854 1359 2892 Zonaras
1387 2855 1471 2893 309
1512 2851 1838 2906 ἀρτικροτεῖσθαι,

276 2918 595 2966 συμφωνεῖσθαι,
620 2917 698 2954 κτλ.
747 2912 847 2965 φησὶ
881 2911 1130 2966 Μένανδρος.
1180 2909 1364 2952 ‘fortasse
1395 2910 1694 2966 ἠρτικροτοῦντο
1727 2907 1764 2949 δ’
1800 2911 1842 2950 οἱ
