2014 3334
304 222 391 264 650
620 203 623 208 ¹
954 225 1217 259 ΑΔΕΣΠΟΤΑ

303 336 480 376 ἐπινοῶ
514 331 551 386 (-
559 329 677 388 ῶν).
753 365 762 374 .
824 334 946 374 οὕτω
979 347 1041 375 σοι
1066 334 1131 375 καὶ
1157 334 1274 384 αὐτὸς
1299 335 1440 384 ἔνθεος
1463 335 1529 377 καὶ
1557 337 1754 388 μεθύων
1783 336 1875 379 ὑπὸ

302 402 389 436 τῶν
421 394 571 447 λόγων
602 392 925 446 περιέρχομαι.
954 395 959 443 Ι
990 398 1013 434 6
1042 397 1138 436 extr.
1160 395 1262 435 οὕτω
1287 390 1489 451 (τούτους)
1523 394 1643 445 δὶς“
1620 413 1646 449 η
1671 395 1770 450 τρὶς
1794 403 1876 450 τῆς

301 453 477 507 ἡμέρας
508 452 758 493 ἀνακυκλῶ
792 450 1047 508 (ἀνακυκλῶν
1078 469 1108 495 τ.
1134 450 1222 508 ἡμ.)
1251 451 1256 508 Ι
1283 455 1399 508 πρὸς
1430 455 1636 508 ἐμαυτὸν
1663 487 1674 497 .
1694 459 1793 498 ..7
1819 456 1875 498 οὐ

301 513 472 566 μικρὰν
504 512 590 565 ἔχω
616 514 945 566 παραμυθίαν.
997 515 1045 554 ef.
1077 515 1210 565 adesp.
1244 518 1341 555 104.
1392 517 1493 556 Mus.
1513 517 1587 557 Rh.
1608 518 1677 557 47.

871 642 998 684 1420.
1034 643 1159 686 1421.
1193 644 1308 686 1422

419 729 620 767 Lucianus
647 727 809 767 Conviv.
839 731 892 767 14
937 727 1087 768 ἐκεῖνον
1119 726 1191 780 μὲν
1228 727 1307 782 1ἤδη
1345 729 1633 783 ἐνοχλοῦντα
1670 730 1904 772 ἕπαυσεν’

300 790 345 838 ἐς
376 788 423 828 τὸ
454 786 606 841 παρὸν
633 783 916 839 Ἀρισταίνετος
948 784 1231 841 (Σκαμωνίδης
1251 790 1430 841 Alciphr.
1452 793 1489 840 3,
1511 789 1586 839 55)
1615 788 1621 843 Ι
1648 793 1707 847 τῷ
1735 790 1875 832 παιδὶ
1916 804 1919 805 ’

304 849 474 895 νεύσας
518 845 754 900 εὐμεγέθη
800 847 987 898 σκύφον
1031 846 1284 888 ἀναδοῦναι
1326 849 1431 906 αὐτῷ
1463 846 1518 903 (δ.
1550 861 1630 900 σκ.,
1661 855 1702 890 et
1733 851 1876 892 δοῦναι

301 906 375 962 Ω),
416 904 421 962 Ι
462 906 722 959 ζωρότερον
766 905 1008 960 ἐγχέαντα,
1057 907 1136 948 καὶ
1180 907 1336 949 ἐδόκει
1380 891 1492 964 (add
1530 880 1637 964 1618’)
1677 910 1683 960 Ι
1722 907 1871 983 αριστ’

300 964 675 1018 ἐπινενοηκέναι,
720 965 806 1007 οὐκ
850 966 988 1015 εἰδὼς
1032 966 1155 1007 ὅσων
1194 969 1200 1018 Ι
1239 975 1396 1009 κακῶν
1439 968 1588 1022 ἀρχὴν
1633 967 1653 1010 5
1692 969 1875 1022 σκύφος

298 1028 482 1075 ἐκεῖνος
514 1025 772 1068 ἐνεδεδώκει
805 1022 877 1080 (ἐκ.
905 1025 987 1079 ἀρχ.
1015 1025 1035 1067 5
1064 1039 1121 1067 σκ.
1149 1027 1267 1068 δώσει
1298 1023 1464 1084 κακῶν).
1489 1028 1498 1102 Ι
1531 1027 1688 1082 λαβὼν
1720 1027 1763 1070 δὲ
1793 1046 1875 1082 αμα

297 1087 317 1128 5
345 1085 629 1138 Ἀλκιδάμας
660 1083 918 1140 (Παγκράτης
938 1083 1137 1142 Alciphr.)
1170 1087 1359 1142 ἐσίγησε
1391 1087 1531 1141 μικρὸν
1563 1084 1716 1143 (λαβὼν
1748 1085 1785 1129 δ’
1821 1089 1874 1130 ἐσ.
1922 1098 1926 1099 ’

292 1143 415 1202 ’.Αλκ)
453 1145 518 1186 καὶ
561 1145 606 1194 ἐς
650 1143 892 1197 τούδαφος
933 1143 939 1198 Ι
979 1146 1262 1199 καταβαλὼν
1305 1147 1474 1188 ἑαυτὸν
1515 1147 1665 1189 ἔκειτο
1702 1145 1873 1223 ἡμίγυ-

296 1223 412 1259 μνος
439 1203 582 1260 (ἔκειθ
612 1204 715 1245 ἕαυτ.
735 1203 801 1257 ἡμ.
821 1201 890 1259 κ),
919 1206 924 1257 Ι
953 1206 1103 1258 πήξας
1128 1206 1207 1247 τὸν
1228 1204 1398 1261 ἀγκῶν’
1419 1205 1613 1283 ὀρθόν,
1636 1207 1752 1260 ἔχων
1780 1208 1875 1263 ἅμα

295 1267 374 1307 τὸν
407 1266 596 1317 σκύφον
629 1281 676 1304 εν
708 1271 758 1320 τῇ
792 1266 923 1321 δεξιᾷ
955 1261 1018 1320 (ἐν
1043 1282 1072 1305 τ.
1101 1267 1132 1306 δ
1164 1264 1227 1318 Ιτ.
1253 1279 1311 1307 σκ.
1337 1267 1387 1320 ἕχ.
1414 1283 1468 1319 αμ
1472 1263 1525 1320 ’),
1564 1263 1664 1316 οἷος
1697 1266 1717 1307 5
1749 1268 1874 1320 παρὰ

295 1343 353 1383 τῳ
395 1326 529 1381 Φόλῳ
559 1321 564 1379 Ι
585 1322 821 1379 εΗρακλῆς
852 1324 929 1365 ὑπὸ
961 1332 1039 1365 τῶν
1070 1325 1256 1379 γραφέων
1283 1323 1473 1382 (fortasse
1495 1326 1536 1367 ἐν
1556 1331 1640 1375 ταῖς
1658 1332 1873 1380 γραφαῖσιν

287 1369 393 1440 ςΗΙρ.)
427 1386 677 1425 δείκνυται
709 1384 875 1438 (ἄναδ.).
904 1407 956 1412 —-
985 1387 1032 1425 cf.
1060 1387 1160 1426 Mus.
1188 1388 1313 1427 Rhen.
1340 1390 1408 1427 42.

419 1448 470 1485 18
497 1444 577 1484 καὶ
600 1444 867 1496 παρῆλθεν’
851 1443 1067 1498 αμορφός
1086 1461 1155 1494 τις
1176 1442 1260 1501 (καὶ
1279 1445 1463 1499 παρῆλθέ
1480 1454 1558 1494 τιςΙ
1554 1479 1557 1500 Ι
1556 1442 1660 1501 αμ.)
1679 1445 1873 1500 ἀνθρω-

294 1507 462 1553 πίσκος
508 1501 620 1559 (add.
659 1506 848 1544 Fritzseh.
887 1519 933 1544 ex
978 1501 1057 1559 19)
1103 1504 1411 1558 ἐξυρημένος,
1452 1507 1456 1556 Ι
1496 1503 1658 1559 ὀλίγας
1701 1505 1778 1546 ἐπὶ
1820 1513 1872 1562 τῇ

294 1571 480 1619 κορυφῇ
524 1565 654 1616 τρίχας
697 1562 835 1616 ὀρθὰς
875 1564 991 1616 ἔχων
1031 1560 1193 1620 (ὀλίγην
1225 1565 1289 1605 ἐπὶ
1318 1580 1350 1605 τ.
1381 1581 1417 1606 κ.
1454 1565 1582 1617 κόμην
1619 1563 1750 1618 ὀρθὴν
1788 1562 1872 1621 ἐ’χ.).

295 1621 409 1673 οὗτος
442 1623 685 1676 ὠρχήσατό
718 1639 757 1663 τε
798 1626 802 1672 Ι
843 1628 1087 1664 κατακλῶν
1118 1624 1290 1664 ἑαυτὸν
1327 1624 1405 1664 καὶ
1448 1623 1770 1677 διαστρέφων,
1813 1624 1873 1675 ὡς

296 1681 439 1739 (ὅπως)
470 1686 475 1732 Ι
502 1683 739 1738 γελοιότερος
765 1685 909 1736 φανείη
942 1680 1111 1738 (γέλοιος
1136 1679 1232 1739 εἴη),
1263 1683 1567 1725 κάνάπαιστα
1599 1691 1872 1738 συγκροτῶν

296 1746 503 1797 διεξῆλθεν
537 1740 804 1798 (συνεκρότει)
834 1739 838 1798 Ι
868 1744 1203 1797 αἰγυπτιάζων.
1260 1749 1492 1795 anapaestos
1522 1746 1586 1784 hie
1618 1758 1704 1785 esse
1737 1742 1872 1786 ‘molle

298 1819 487 1845 versuum
519 1818 645 1856 genus
674 1800 870 1844 Sotadeos’
903 1807 1039 1844 monet
1068 1806 1322 1845 Fritzsehius.

413 1868 586 1904 ceterum
629 1864 677 1903 ad
716 1866 790 1903 hoe
828 1865 1157 1916 philosophorum
1196 1865 1423 1905 convivium
1460 1866 1631 1904 fortasse
1666 1865 1873 1915 pertinent,

295 1926 417 1964 etiam
455 1938 555 1975 quae
595 1924 830 1963 Helmotim.
874 1927 926 1963 12
965 1926 1180 1964 narrantm
1219 1922 1239 1964 5
1278 1924 1512 1979 διδᾴσκαλος
1543 1923 1745 1975 σκύφον
1779 1926 1871 1964 Νε-

295 1983 511 2034 στόρειόν
553 1998 657 2022 τινα
697 1979 775 2035 (N.
815 1981 993 2035 ἁρπάσας
1029 1983 1187 2035 σκύφον
1224 1980 1336 2035 τινὰ)
1378 1979 1382 2038 Ι
1423 1982 1680 2035 καταφέρει
1723 1983 1870 2024 αὐτοῦ

296 2040 399 2098 (αυτ.
431 2039 485 2098 κ.)
519 2043 722 2095 πλησίον
754 2042 1101 2095 κατακειμένου
1130 2041 1136 2098 Ι
1162 2042 1241 2084 καὶ
1273 2043 1422 2092 ουτως
1453 2042 1720 2096 ἐκράτησεν.

950 2172 1076 2216 1423.
1112 2172 1227 2216 1424

415 2260 612 2300 Continuo
651 2260 713 2299 his
752 2260 1032 2312 subiungenda
1067 2259 1280 2300 videbatur
1316 2258 1573 2309 Aleiphronis
1605 2254 1675 2312 (3,
1707 2253 1784 2312 55)
1822 2259 1872 2298 de

298 2322 435 2359 eodem
469 2321 551 2358 sine
585 2320 706 2359 dubio
737 2320 1064 2371 philosophorum
1097 2319 1278 2359 convivio
1310 2319 1501 2358 narratio.
1563 2320 1731 2369 uterque
1764 2319 1870 2357 enim

297 2380 437 2419 eadem
468 2382 515 2418 ut
547 2380 706 2419 videtur
731 2380 938 2419 comoedia
967 2391 1064 2419 usus
1097 2381 1171 2429 est,
1203 2378 1271 2417 sed
1297 2379 1366 2427 ita,
1397 2380 1446 2417 ut
1464 2378 1684 2428 Alciphron
1710 2378 1871 2429 quidem

293 2442 437 2488 poetae
459 2439 769 2491 descriptionem
788 2440 1026 2490 simpliciter
1052 2441 1293 2489 excerperet,
1317 2438 1519 2484 Lueianus
1545 2436 1727 2489 διήγησιν
1754 2437 1871 2477 eomi-

294 2513 394 2550 cam,
422 2499 646 2538 breviorem
671 2499 783 2538 illam
804 2500 963 2550 quidem
986 2499 1131 2550 quippe
1157 2498 1197 2536 in
1219 2510 1372 2550 scaena,
1405 2497 1525 2537 sicuti
1550 2498 1680 2536 faeere
1705 2497 1871 2548 solebat,

296 2559 346 2597 ad
388 2559 622 2598 inrisionem
671 2559 1001 2610 philosophorum
1044 2570 1139 2598 suae
1170 2558 1327 2596 aetatis
1371 2557 1636 2607 amplificaret
1677 2557 1870 2607 novisque

295 2618 496 2658 coloribus
530 2622 750 2658 exornaret.
807 2620 855 2657 of.
887 2619 987 2657 Mus.
1018 2618 1142 2656 Rhen.
1168 2617 1305 2655 XLIII
1337 2618 1393 2656 40
1408 2629 1464 2667 sq.

415 2678 635 2728 Aleiphron
668 2681 804 2717 autem
827 2680 864 2728 3,
885 2679 953 2728 55,
988 2681 1009 2717 1
1038 2691 1194 2729 παρην
1226 2669 1301 2715 ουν
1333 2674 1376 2715 ἐν
1406 2674 1575 2727 πρώτοις
1608 2670 1672 2727 (δὲ
1697 2670 1869 2727 πρῶτος)

291 2735 582 2788 Ἐτυμοκλῆς
602 2733 684 2790 (vel
706 2750 956 2789 quocumque
976 2738 1134 2776 nomine
1153 2731 1376 2788 gaudebat)
1397 2733 1418 2774 5
1437 2733 1648 2781 Στωικὸς
1676 2729 1682 2788 Ι
1709 2729 1870 2783 οὗτος,

292 2795 316 2837 ’ὅ
354 2802 562 2849 κουριῶν
600 2795 647 2836 τὸ
685 2795 895 2849 γένειον,
934 2795 954 2836 5
993 2795 1201 2848 ρυπαρός
1239 2791 1280 2848 (ὅ
1306 2810 1339 2847 ρ.
1366 2789 1501 2845 οὗτος,
1532 2792 1554 2834 5
1585 2809 1615 2834 τ.
1640 2809 1675 2847 γ.
1700 2790 1774 2845 κ.),
1807 2791 1812 2845 Ι
1849 2791 1869 2833 5

296 2855 554 2908 ρυσότερον
592 2862 670 2895 τῶν
707 2857 1005 2908 βαλλαντίων
1038 2856 1154 2908 ἔχων
1184 2853 1232 2894 τὸ
1264 2854 1520 2907 πρόσωπον
1551 2849 1702 2907 (οῢχων
1733 2851 1774 2892 τὸ
1805 2867 1870 2904 πρ.

300 2931 330 2973 ρ.
354 2914 421 2967 (3.).
451 2911 457 2969 Ι
494 2918 516 2954 2
544 2921 702 2968 παρῆν
735 2913 782 2956 δὲ
813 2914 892 2959 καὶ
927 2914 1279 2971 Θεμισταγόρας
1310 2913 1396 2954 οὑκ
1421 2918 1492 2954 τοῦ
1517 2912 1779 2966 περιπάτου
1801 2943 1809 2952 .
1829 2942 1840 2954 .
1860 2944 1868 2952 .
