2014 3334
535 249 951 285 ΔΜΦΙΣΒΗΤΗΣΙΜΑ
974 249 1059 285 KAI
1084 250 1409 286 HAPEPPPAQA
1673 250 1757 292 (317

53 342 57 349 ⁴
137 328 145 334 t
190 357 249 400 11
274 361 374 400 337.
421 357 690 412 ἀνουθέτητος
713 361 840 401 παῖδα
865 365 985 402 voco.
1015 360 1143 415 πατήρ
1168 362 1322 402 Nauck.
1349 363 1449 403 Mus.
1477 363 1550 403 Rh.
1580 363 1633 403 v1
1662 365 1759 404 470.

190 419 328 460 utrum
364 431 504 460 verum
540 421 594 460 sit
631 433 719 461 cum
765 433 844 461 non
881 423 1056 473 constet,
1097 422 1219 462 etiam
1256 422 1398 462 comici
1435 422 1488 463 sit
1524 436 1575 462 an
1614 424 1758 476 tragici

189 477 356 520 dubium
389 482 461 520 est.

921 538 1033 581 1258

474 619 651 674 ἄπαιρε·
684 622 743 676 μή
774 636 851 677 μοι
883 619 1107 678 στέφανον
1138 619 1340 678 ἀμφιθῇς
1370 622 1494 680 κάρᾳ.

154 759 158 762 ²
309 705 494 746 Clemens
524 706 639 746 Alex.
667 708 784 749 I‘aed.
814 710 852 760 2,
878 710 918 759 8,
945 710 1013 748 70.
1063 708 1263 748 senarium
1297 722 1382 749 esse
1415 709 1603 750 Potterus
1636 711 1758 749 anim-

189 765 382 818 advertit,
419 766 490 805 sed
528 767 699 806 fortasse
736 770 800 808 est
836 768 992 820 tragici.
1053 781 1296 820 quamquam
1332 782 1461 820 neque
1498 768 1600 821 κάρα
1630 783 1758 821 neque

190 822 452 876 ἀμφιτιθέναι
464 821 768 886 (ἀμφικεῖσθαι)
783 840 808 867 a
822 828 1062 877 comicorum
1077 828 1366 868 consuetudine
1379 842 1544 880 prorsus
1557 829 1759 869 abhorret.

918 944 1031 987 1259

474 1027 677 1083 Μίλητος
707 1026 837 1083 αὐχεῖ
863 1027 1037 1071 κίταλία
1069 1026 1304 1079 δοξάζεται.

191 1140 193 1145 .
306 1110 490 1152 Clemens
515 1113 627 1154 Alex.
654 1114 774 1154 Paed.
801 1117 839 1165 2,
867 1116 934 1165 10,
963 1116 1044 1154 111
1073 1112 1116 1154 τὸ
1146 1111 1354 1162 πολυτελὲς
1383 1120 1454 1167 τῆς
1485 1113 1654 1167 ἐσθῆτος
1679 1116 1758 1155 διε-

186 1168 403 1224 λέγχωμεν,
439 1170 698 1226 ἐπιλέγοντες
734 1173 857 1226 τρίχες
887 1171 970 1214 ἐστὲ
999 1173 1230 1226 προβάτων,
1267 1189 1344 1214 καν
1368 1176 1430 1214 Μ.
1461 1174 1514 1215 αὖ
1594 1173 1671 1214 κᾶν
1697 1172 1758 1215 Ἰτ.

189 1229 407 1282 δοξάζηται.
470 1233 645 1273 comicus
677 1234 849 1274 fortasse
875 1236 1258 1274 commemoraverat
1288 1232 1387 1287 ἔρια,
1418 1231 1482 1286 ἐφ’
1512 1250 1534 1275 ο
1595 1238 1671 1275 κτλ.
1711 1238 1759 1275 ut

186 1288 353 1343 κίταλία,
384 1291 535 1332 Cratin.
566 1293 661 1333 min.
697 1295 750 1334 13
782 1292 986 1346 κίχθύδια.

916 1410 1031 1453 1260

472 1490 726 1548 ἐπίφθονον
757 1491 906 1550 χρῆμ”
923 1491 1045 1536 ἐστὶν
1076 1494 1316 1550 ἅνθρωπος
1345 1494 1491 1550 φύσει.

303 1577 575 1618 Philostratus
607 1579 690 1620 Vit.
722 1581 834 1631 soph.
863 1582 899 1631 1,
927 1582 995 1631 21,
1023 1582 1043 1620 1
1073 1579 1193 1631 φύσει
1223 1578 1295 1632 μὲν
1325 1578 1399 1634 γὰρ
1431 1579 1572 1632 ἕπίφθ.
1603 1595 1659 1633 χρ.
1685 1578 1757 1621 ἅν-

185 1639 365 1689 θρωποι.
418 1639 467 1677 cf.
493 1638 630 1690 Eurip.
655 1639 848 1679 Androm.
877 1642 958 1679 141
994 1638 1220 1691 ἐπίφθονόν
1250 1655 1288 1680 τι
1311 1644 1441 1694 χρῆμα
1465 1643 1641 1692 θηλειῶν
1666 1639 1756 1692 ἔφυ.

188 1696 387 1736 incertum
417 1699 556 1738 utrum
588 1699 729 1739 comici
760 1699 814 1739 sit
845 1712 897 1739 an
927 1700 1084 1752 tragici.

917 1828 1027 1871 1261

470 1909 664 1966 χαλεπὸν
694 1908 907 1965 γενέσθαι
937 1910 1069 1967 λιμὸν
1100 1908 1170 1954 ἐπὶ
1200 1916 1261 1970 τῷ
1294 1911 1524 1968 δράγματι.

306 1995 451 2035 Iulian.
477 1996 618 2048 Misop.
645 1998 764 2037 369b
795 1997 832 2037 εἰ
861 1995 905 2037 δὲ
934 2002 1104 2038 τοσαῦτα
1134 1996 1253 2050 μέτρα
1282 1996 1431 2051 θέρους
1461 1993 1514 2051 ἦν
1537 1996 1631 2051 παρ’
1660 1998 1756 2051 ὑμῖν

188 2059 258 2094 τοῦ
290 2055 542 2107 νομίσματος,
571 2056 611 2095 τί
636 2057 866 2109 προσδοκᾶν
897 2055 978 2097 ἔδει
1007 2062 1235 2109 τηνικαῦτα,
1265 2055 1399 2110 ἡνίκα,
1429 2057 1555 2110 φησὶν
1583 2057 1604 2098 ὅ
1630 2059 1755 2099 Βοιώ-

189 2128 270 2162 τιος
293 2113 460 2166 ποιητής
484 2118 562 2156 κτλ.
605 2114 720 2168 λιμὸν
746 2117 836 2156 Par.
863 2119 978 2157 2964
1005 2112 1154 2172 (Boiss.
1180 2118 1255 2157 An.
1280 2131 1370 2158 nov.
1400 2114 1522 2171 187)]
1548 2117 1616 2158 τὸν
1640 2117 1755 2170 λιμὸν

189 2173 302 2224 Voss.
350 2173 418 2214 τὸν
455 2173 594 2227 λοιμὸν
619 2176 713 2216 ΜΒ.
762 2181 814 2216 τῶ
853 2175 1043 2230 δράγματι
1068 2176 1124 2227 V]
1156 2181 1208 2217 τῶ
1246 2176 1435 2230 δράχματι
1465 2178 1594 2226 MbF,
1636 2178 1755 2232 δράγ-

186 2248 278 2285 ματι
309 2234 367 2283 Pf,
399 2233 567 2288 δράματι
596 2235 665 2276 Pe.
700 2257 748 2263 —
779 2236 974 2276 indicavit
1003 2237 1156 2276 Nauck.
1206 2237 1359 2277 comica
1388 2238 1502 2287 origo
1534 2237 1657 2277 dubia
1682 2240 1754 2278 est.

179 2297 299 2343 poeta
348 2294 533 2334 Boeotius
580 2295 782 2335 Hesiodus
833 2296 982 2336 dicitur
1030 2296 1223 2336 Themist.
1263 2298 1335 2347 13,
1377 2297 1515 2349 170b,
1557 2298 1755 2338 Pindarus

187 2352 380 2393 Themist.
409 2355 447 2406 6,
476 2355 574 2394 780..
624 2367 671 2394 ac
702 2356 759 2395 sic
790 2358 959 2407 uterque
990 2356 1099 2395 haud
1130 2369 1233 2396 raro.
1289 2357 1379 2408 quis
1411 2357 1474 2396 hic
1506 2357 1755 2408 significetur

186 2424 267 2451 non
303 2413 436 2456 minus
475 2414 688 2454 obscurum
727 2417 789 2455 est
826 2428 947 2467 quam
978 2416 1197 2467 sententia,
1233 2428 1336 2466 quae
1369 2429 1623 2468 nequaquam
1655 2417 1754 2456 satis

139 2519 151 2526 ἱ
187 2470 431 2511 inlustratur
454 2473 512 2518 eis
537 2487 641 2526 quae
667 2474 877 2515 adnotavit
901 2475 1099 2515 Reiskius.
1144 2476 1308 2516 Lucian.
1343 2475 1506 2516 Hesiod.
1535 2478 1558 2515 7
1585 2475 1755 2525 ὕσαντος

187 2534 258 2571 τοῦ
289 2534 390 2571 θεοῦ
421 2530 575 2586 εὐθαλῆ
606 2532 712 2574 ἔσται
742 2532 795 2574 τὰ
826 2533 1082 2588 δράγματα.

913 2650 1029 2694 1262

471 2731 554 2787 τὴν
578 2730 846 2790 Ἡρακλειαν
875 2733 1083 2790 κειμένην
1114 2732 1346 2777 ἀνιστάναι

294 2818 496 2891 Synesius
533 2819 662 2871 Epist.
690 2821 774 2861 134
808 2816 870 2875 (p.
898 2820 1038 2870 270ss
1070 2821 1150 2860 721
1187 2816 1358 2875 Herch.)
1389 2819 1443 2872 μὴ
1481 2818 1607 2868 ἄλλως
1636 2822 1754 2873 ποίει,

187 2875 226 2917 εἰ
252 2868 311 2929 μή
337 2893 374 2917 τι
404 2877 547 2930 μεταξὺ
578 2876 731 2931 βέλτιον
760 2877 963 2933 πέπραγας
993 2894 1059 2919 και
1089 2878 1208 2919 πάλιν
1241 2880 1383 2935 διανοῇ
1414 2878 1487 2931 τὴν
1517 2876 1754 2933 Ἡράκλειαν

187 2933 310 2977 ἀνιστ.
342 2952 440 2990 κειμ.
496 2951 625 2989 neque
656 2941 798 2990 poetae
824 2940 879 2980 sit
910 2953 962 2979 an
993 2939 1121 2979 oratio
1155 2940 1301 2991 soluta,
1332 2953 1460 2992 neque
1491 2953 1594 2991 quae
1626 2940 1750 2981 Hera-
