2014 3334
269 247 357 289 516
919 248 1180 281 ΑΔΕΣΠΟΤΑ

1013 380 1100 423 598

554 461 687 506 οὐδὲν
719 471 882 520 φρονεῖ
910 464 1084 506 δίκαιον
1116 462 1307 514 ἐστυκὼς
1338 463 1462 521 ἀνήρ.

386 550 555 589 Photius
601 551 685 589 sine
727 550 1004 601 explicatione.
1066 549 1210 589 Suidas
1255 549 1424 598 ἐστυκώς
1467 565 1675 602 perperam
1720 550 1839 592 οὐδὲν

267 607 364 662 μέγα
395 624 461 661 φρ.
488 608 560 650 ἐστ.
593 608 675 660 ἀν.,
721 612 789 649 sed
832 613 940 649 recte
983 610 1089 648 idem
1133 606 1252 648 οὐδὲν
1290 625 1356 662 φρ.
1419 611 1606 651 Eustath.
1640 613 1743 663 455,
1767 615 1839 652 '40

266 668 548 720 κεφαλαιώδεις
590 670 797 722 παροιμίαι
834 664 950 708 αὗται
984 700 992 708 .
1036 699 1045 709 .
1090 700 1100 708 .
1134 671 1211 708 κτλ.
1267 670 1433 709 ridicule
1464 671 1645 722 Apostol.
1683 673 1749 722 13,
1781 673 1838 711 50

267 727 434 776 ἀστυκὸς
465 727 526 768 ἀν.
579 731 640 768 cf.¹
661 729 796 769 Cobet.
829 729 877 768 N.
910 730 935 767 ].
970 730 1066 768 181.

1014 845 1100 887 599

552 927 634 971 οὐκ
665 926 722 971 ἂν
752 927 975 984 φθάνοιμι
1003 929 1085 983 τὴν
1116 928 1335 984 μάχαιραν
1365 937 1642 985 παρακονῶν.

386 1014 553 1053 Photius
589 1016 688 1065 358,
722 1016 775 1053 25
810 1015 895 1053 sine
926 1015 1268 1065 interpretatione.
1319 1015 1521 1068 φθάνοιμι
1552 1017 1796 1057 D0b1·.Adv.
1819 1016 1839 1056 I

271 1071 374 1123 605]
409 1073 658 1125 φθανοίμην.
710 1075 758 1113 cf.
792 1073 929 1113 Cobet.
961 1074 1011 1113 N.
1037 1075 1061 1114 1.
1091 1076 1187 1113 181.
1233 1070 1391 1125 ‘parata
1423 1079 1483 1115 est
1514 1073 1704 1116 victima'.

1009 1203 1095 1245 600

554 1285 608 1328 οὐ
641 1286 805 1336 παντὸς
837 1285 1000 1342 ἀνδρὸς
1032 1285 1076 1336 ἐς
1106 1287 1338 1342 Κόρινθόν
1371 1285 1467 1328 ἐσθ’
1505 1286 1528 1329 ὁ
1559 1290 1709 1338 πλοῦς.

387 1372 555 1412 Photius
582 1373 681 1423 360,
709 1375 733 1412 8
838 1371 921 1412 ἐπεὶ
951 1371 1091 1412 πολλαὶ
1122 1367 1224 1424 ἦσαν
1256 1371 1403 1424 ἑταῖραι
1434 1371 1500 1412 καὶ
1530 1379 1608 1412 τῶν
1638 1374 1840 1414 πλουσίων

270 1431 394 1482 μόνον
426 1429 447 1471 ὅ
479 1434 614 1479 πλοῦς.
658 1433 915 1482 proverbium
948 1433 1032 1471 sine
1065 1433 1185 1471 dubio
1225 1446 1271 1470 ex
1308 1433 1511 1472 comoedia
1551 1434 1728 1472 ductum.
1789 1435 1837 1473 cf.
1877 1438 1890 1447 ‘

269 1491 406 1530 Cobet.
425 1492 474 1530 N.
496 1493 521 1531 1.
546 1493 641 1530 181.
685 1492 813 1531 Nicol.
840 1505 938 1530 com.
966 1493 1033 1531 26.
1084 1492 1235 1541 optima
1254 1494 1315 1530 est
1333 1492 1611 1542 interpretatio
1632 1493 1838 1532 Strabonis

269 1553 307 1601 8,
330 1552 413 1590 378
436 1554 534 1590 extr.
566 1552 614 1590 of.
644 1553 709 1600 12,
737 1553 834 1591 559.
865 1551 1007 1590 Horat.
1027 1551 1155 1601 Epist.
1178 1554 1213 1601 1,
1245 1554 1308 1601 17,
1336 1552 1403 1590 36.
1447 1551 1546 1591 Gell.
1570 1555 1605 1598 1,
1627 1554 1668 1602 8,
1688 1554 1715 1590 4
1740 1554 1840 1592 illud

269 1613 450 1659 frequens
488 1612 595 1659 apud
636 1610 807 1650 Graecos
844 1612 1028 1660 adamum
1058 1613 1135 1649 κτλ.
1185 1612 1285 1659 quod
1320 1613 1472 1659 frustra
1509 1613 1583 1649 iret
1613 1611 1839 1651 Corinthum

268 1671 320 1709 ad
358 1671 526 1710 Laidem
563 1672 629 1718 qm·
663 1682 743 1709 non
779 1673 902 1719 quiret
941 1672 1036 1709 dare
1076 1671 1176 1718 quod
1205 1674 1439 1718 posceretwr.
1503 1670 1667 1709 Aristid.
1699 1671 1719 1710 I
1753 1673 1836 1711 755

268 1730 401 1768 Dindf.
452 1730 597 1768 Zenob.
631 1732 668 1781 5,
701 1731 768 1769 37.
819 1730 1053 1779 Diogenian.
1089 1732 1125 1779 7,
1160 1731 1226 1768 16.
1270 1730 1450 1779 Apostol.
1485 1732 1551 1778 13,
1586 1732 1653 1769 60.
1706 1730 1837 1770 Schol.

266 1789 358 1828 Ald.
390 1789 514 1828 Arist.
547 1789 655 1828 Plut.
690 1791 786 1829 149.
836 1789 1022 1828 Eustath.
1058 1790 1154 1839 290,
1188 1791 1255 1828 34.
1305 1789 1478 1839 Hesych.
1510 1788 1559 1828 οὐ
1589 1788 1735 1837 παντὸς
1760 1793 1837 1829 κτλ.

262 1844 567 1900 Ἀριστοφάνης,
610 1849 682 1887 ubi
725 1849 935 1888 dubitatur
972 1851 1132 1898 poetam
1176 1849 1284 1887 dicat
1321 1862 1372 1887 an
1409 1850 1726 1899 grammaticum.
1787 1850 1836 1889 cf.

266 1908 472 1959 Aristoph.
506 1921 600 1948 com.
635 1910 682 1947 fr.
717 1910 798 1948 902
834 1911 874 1947 et
905 1921 1007 1960 quae
1040 1908 1247 1947 Nauckius
1280 1908 1488 1947 adnotavit
1518 1908 1722 1959 Aristoph.
1744 1909 1837 1960 Byz.

266 1982 303 2018 p.
337 1970 432 2007 237.

1006 2049 1092 2091 601

553 2138 719 2174 παῦσαι
752 2129 1019 2190 μελῳδοῦσ’,
1051 2130 1161 2173 ἀλλὰ
1192 2127 1297 2186 πεζῇ
1329 2147 1403 2186 μοι
1435 2131 1622 2186 φράσον.

387 2218 554 2257 Photius
586 2219 680 2273 πεζῇ
715 2250 722 2257 .
750 2249 758 2257 .
786 2249 795 2257 .
834 2216 898 2256 καὶ
929 2219 1023 2271 πεζῇ
1056 2217 1205 2269 φράσαι
1236 2216 1278 2256 τὸ
1310 2214 1406 2256 ἄνευ
1438 2219 1565 2267 μελῶν
1591 2220 1666 2256 κτλ.
1712 2215 1732 2256 ὃ
1758 2232 1834 2256 κω-

266 2276 389 2328 μικός.
440 2275 656 2332 μελῳδο-ῦσ’
692 2277 870 2327 Porson.]
903 2275 974 2328 μὲν
1006 2275 1152 2324 ὠιὸοὺς
1183 2277 1267 2315 cod.
1301 2298 1351 2303 —
1386 2277 1433 2316 cf.
1459 2276 1583 2316 Arist.
1609 2277 1682 2317 Av.
1710 2278 1835 2316 1381.

267 2337 406 2386 Eurip.
437 2337 486 2375 fr.
522 2339 604 2376 188
625 2338 674 2376 N.
716 2338 870 2377 Nauck.
901 2337 1011 2388 Allg.
1043 2337 1206 2388 Littztg.
1243 2337 1369 2385 1847,
1395 2337 1499 2376 499.

1014 2465 1099 2507 602

550 2550 603 2591 τὰ
640 2549 869 2591 Ταντάλου
899 2548 1090 2590 τάλαντα
1121 2549 1429 2598 τανταλίζεται.

388 2636 554 2674 Photius
582 2637 679 2684 570,
712 2638 763 2673 12
802 2635 1002 2674 Ταντάλου
1034 2633 1202 2672 τάλαντα
1234 2663 1242 2671 .
1275 2663 1283 2672 .
1316 2663 1325 2672 .
1357 2631 1410 2680 ὡς
1440 2630 1507 2672 καὶ
1537 2631 1644 2684 παρὰ
1674 2635 1727 2688 τῷ
1757 2647 1834 2672 κω-

268 2697 368 2750 μικῷ
400 2694 547 2748 εἴρηται
578 2697 656 2733 κτλ.
712 2693 758 2732 τὰ
791 2708 865 2733 om.
898 2695 981 2733 cod.
1013 2695 1060 2733 cf.
1093 2693 1274 2733 Menand.
1308 2695 1410 2742 301,
1445 2694 1481 2731 6.
1539 2692 1682 2730 Suidas
1713 2690 1759 2730 τὰ
1794 2694 1833 2731 Τ.

267 2754 435 2792 τάλαντα
459 2754 735 2801 τανταλίζεται
766 2756 806 2792 et
837 2752 883 2792 τὰ
907 2756 945 2792 Τ.
969 2752 1260 2799 ταλαντίζεται.
1308 2753 1452 2792 Zenob.
1475 2753 1512 2802 6,
1532 2753 1559 2790 4
1586 2751 1759 2802 διπλῆν
1791 2748 1834 2790 δὲ

268 2812 516 2864 συμβέβηκεν
542 2807 641 2852 εἶναι
664 2811 735 2863 τὴν
761 2813 989 2864 παροιμίαν,
1019 2810 1086 2851 καὶ
1115 2809 1187 2861 τὴν
1213 2808 1284 2862 μὲν
1308 2813 1419 2851 Ταντ.
1451 2809 1531 2849 τάλ.
1562 2810 1834 2861 τανταλίζεται,

267 2870 339 2922 τὴν
375 2870 416 2911 δὲ
453 2872 653 2911 Ταντάλου
692 2872 869 2911 τάλαντα.
919 2871 1154 2924 Diogenian.
1187 2873 1223 2918 8,
1259 2873 1325 2910 23.
1388 2870 1506 2921 Greg.
1538 2869 1656 2919 Cypr.
1690 2871 1731 2918 2,
1766 2871 1832 2909 73.

268 2931 414 2970 Macar.
435 2934 473 2983 8,
497 2935 532 2971 1.
564 2932 746 2982 Apostol.
765 2933 830 2980 16,
848 2934 913 2971 16.
946 2933 1088 2970 Anacr.
1107 2924 1188 2969 14'3
1211 2931 1356 2982 Bergk.
1370 2930 1474 2969 Plat.
1494 2929 1716 2979 Euthyphr.
1734 2929 1832 2968 116.
