2014 3334
887 251 1117 287 HAOKION
1719 253 1734 293 l
1745 252 1799 294 19

213 364 319 406 Plat.
345 377 445 404 com.
469 366 566 413 173,
600 366 636 403 7.
671 365 709 404 8.
741 368 810 416 τῆς
841 361 1006 413 ὑστέρας
1038 359 1220 419 (τάξεως)
1253 362 1484 418 τεταγμένος
1516 365 1620 405 Plat.
1648 366 1800 405 Critiae

217 426 299 466 108
316 437 348 465 0.
398 428 468 477 τῆς
492 422 650 476 πρώτης
674 423 820 473 τάξεως
838 438 869 463 τ.
890 424 985 476 Lys.
1009 426 1076 476 14,
1100 427 1167 464 11.
1203 426 1269 476 16,
1292 427 1359 465 15.
1392 426 1440 464 ef.
1462 425 1584 466 Isocr.
1609 427 1675 477 12,
1703 428 1800 466 180.

966 566 1050 607 407

427 646 461 693 ὦ
496 647 762 706 Παρμένων,
796 648 879 692 οὐκ
911 650 1033 691 ἔστιν
1065 649 1241 704 ἀγαθὸν
1272 655 1333 707 τῷ
1365 651 1449 707 βίῳ

428 722 660 778 φυόμενον
692 720 840 778 ὥσπερ
873 719 1066 777 δένδρον
1098 719 1145 764 ἐκ
1177 720 1298 777 ῥίζης
1329 726 1445 776 μιᾶς,

426 789 524 836 ἀλλ’
561 791 692 848 ἐγγὺς
723 791 901 848 ἀγαθοῦ
932 791 1224 849 παραπέφυκε
1255 791 1330 835 καὶ
1362 794 1516 849 κακόν,

426 864 474 908 ἐκ
505 871 586 908 τοῦ
617 870 757 908 κακοῦ
787 862 827 908 τ’
863 865 1051 920 ἤνεγκεν
1083 864 1259 920 ἀγαθὸν
1289 864 1316 920 ἡ
1350 865 1497 920 φύσις.

329 953 527 993 Stobaeus
547 953 685 993 Floril.
710 954 805 1002 105,
835 955 888 993 23
917 951 1167 1005 Μενάνδρου
1200 952 1388 993 Πλοκίων
1419 953 1568 1001 Θαΐδος
1601 954 1648 992 A.
1711 949 1799 993 ‘aut

208 1013 388 1053 Πλοκίου
421 1015 492 1053 aut
527 1013 676 1061 Θαΐδος
708 1014 983 1064 fragmentum
1015 1013 1211 1053 excidisse
1238 1009 1376 1053 dicas'.
1437 1013 1556 1053 Mein.
1584 1013 1694 1053 Stob.
1714 1013 1798 1052 IIII

208 1086 278 1113 vn.
310 1075 353 1113 at
383 1072 555 1114 fortasse
584 1074 706 1114 Thais
739 1075 827 1113 erat
865 1074 1056 1114 ancillula
1087 1087 1112 1113 a
1140 1073 1316 1125 Orobyla
1347 1075 1531 1127 expulsa,
1564 1087 1665 1125 quae
1699 1074 1797 1112 haee

208 1133 449 1173 Parmenoni
481 1134 650 1173 dicebat.
715 1134 910 1174 Themist.
944 1133 1010 1174 Or.
1033 1136 1086 1173 22
1121 1148 1159 1185 p.
1182 1135 1302 1174 2760
1334 1131 1436 1187 λέγει
1466 1149 1523 1181 τις
1555 1131 1688 1186 ὀρθῶς
1718 1139 1797 1173 τῶν

206 1198 277 1233 τοῦ
308 1191 475 1247 γέλωτος
511 1199 688 1245 ποιητῶν
729 1193 786 1234 ὅτι
817 1191 944 1246 μηδέν
981 1192 1086 1234 ἐστιν
1118 1192 1277 1247 ἀγαθὸν
1314 1192 1358 1233 ἐν
1389 1196 1442 1250 τῷ
1481 1194 1555 1250 βίῳ
1587 1192 1794 1245 φυόμενον

206 1251 337 1306 ὥσπερ
377 1251 547 1307 δένδρον
585 1252 628 1294 ἐκ
667 1252 775 1308 ῥίζης
806 1259 918 1306 μιᾶς,
956 1252 1017 1294 ἀεὶ
1051 1252 1093 1294 δὲ
1125 1253 1231 1311 αὐτῷ
1263 1252 1522 1307 προσπέφυκε
1561 1252 1629 1293 καὶ
1659 1253 1795 1293 κακόν.

206 1314 321 1354 addit
352 1314 560 1354 Nauckius
592 1314 749 1355 Choria.
782 1317 837 1355 23
878 1311 998 1355 οὐδὲν
1037 1311 1208 1367 ἄκρατόν
1247 1313 1326 1354 ἐστι
1356 1320 1434 1354 τῶν
1466 1319 1621 1366 κακῶν,
1659 1311 1720 1354 ἀεὶ
1752 1312 1796 1354 δέ

206 1388 242 1414 τι
272 1371 563 1427 παραπέφυκεν
594 1372 766 1429 ἀγαθόν.
799 1373 1018 1426 [Callisth]
1053 1377 1106 1415 13
1141 1373 1256 1429 ἐγγὺς
1288 1373 1448 1428 ἀγαθοῦ
1466 1372 1634 1426 ,πέφυκε
1671 1372 1795 1414 κακόν

207 1429 265 1488 (V
297 1429 485 1489 conxm).
548 1435 597 1474 cf.
631 1437 729 1484 325,
764 1436 802 1474 6.

0 1178 11 1209 ,1

0 1210 11 1242 t

0 1540 3 1548 τ
0 1318 10 1459 «νὴ-ἰνιτ

952 1553 1039 1594 408

358 1635 365 1639 χ
419 1630 488 1691 ἆρ’
525 1633 657 1679 ἐστὶν
677 1634 833 1692 ἀρετῆς
863 1633 937 1679 καὶ
968 1637 1072 1691 βίου
1103 1636 1371 1688 διδάσκαλος

419 1706 664 1765 ἐλευθέρου
694 1714 789 1758 τοῖς
820 1713 957 1750 πᾶσιν
989 1707 1248 1765 ἀνθρώποις
1282 1707 1430 1765 ἀγρός.
1479 1695 1486 1734 ¹

327 1793 524 1835 Stobaeus
557 1782 697 1834 Floril.
731 1796 799 1847 56,
834 1796 858 1835 5
893 1794 1144 1848 Μενάνδρου
1179 1795 1339 1853 Πλοκίῳ
1374 1792 1544 1852 (πλόκῳ)
1578 1798 1625 1847 A.

418 2021 578 2077 μεστὰς
610 2022 760 2078 τρίχας
792 2026 998 2078 φθειρῶν
1028 2020 1074 2064 τε
1107 2020 1181 2064 καὶ
1213 2022 1374 2078 ῥύπου,
1408 2022 1563 2072 διδοὺς

415 2099 549 2148 πιεῖν,
582 2091 819 2149 ἀνηδαξᾶτ’
859 2094 928 2149 ἄν,
961 2093 1073 2137 ὥστε
1104 2094 1163 2150 μὴ
1196 2101 1326 2136 πιεῖν.

319 2171 501 2221 Eretian.
519 2183 584 2230 17,
609 2183 661 2220 16
683 2181 813 2221 Klein.
836 2177 902 2234 (ex
923 2182 1046 2222 schol.
1059 2181 1137 2221 UV
1151 2181 1367 2234 Darembg.
1388 2195 1426 2232 p.
1442 2175 1548 2235 205)
1568 2178 1786 2234 ὀδαξησμοὶ

199 2237 225 2292 ἢ
257 2238 495 2295 ἀδαξησμοί·
528 2239 571 2280 έν
601 2240 676 2294 γάρ
707 2252 784 2281 τισι
815 2245 893 2281 τῶν
924 2239 1181 2295 ἀντιγράφων
1214 2240 1340 2289 οὕτως
1366 2240 1545 2294 εὕρομεν.
1605 2240 1680 2282 εἶσὶ
1710 2241 1785 2296 γὰρ

198 2298 369 2352 κνησμοὶ
394 2297 475 2352 μετ’
494 2299 729 2353 ε’ρεθισμοῦ,
761 2298 815 2349 ὡς
834 2300 901 2341 καὶ
925 2299 1170 2355 Μένανδρος
1190 2299 1233 2341 ἐν
1253 2301 1416 2358 Πλοκίῳ
1437 2301 1553 2353 φησί·
1580 2300 1622 2342 τὸ
1642 2300 1696 2354 μὴ
1717 2302 1786 2351 τὰς

198 2361 327 2413 τρίχας
353 2360 478 2414 αἴρων
506 2358 650 2414 (αἴρων
670 2358 726 2415 U)
759 2360 825 2401 καὶ
850 2360 919 2402 τὸν
941 2361 1072 2415 ῥύπον
1105 2360 1243 2409 διδοὺς
1268 2364 1374 2402 πιεῖν
1399 2360 1616 2410 ἀνεδάξατο
1638 2359 1715 2415 (sie
1734 2363 1782 2412 V,

198 2418 412 2469 ἀνεδέξατο
433 2415 502 2474 U),
523 2419 618 2461 ὥστε
643 2419 696 2473 μὴ
716 2425 833 2462 πιεῖν.
900 2425 935 2461 1.
962 2421 1103 2474 μεστὰς
1130 2425 1169 2462 et
1195 2425 1378 2475 φθειρῶν
1403 2422 1454 2461 Η.
1473 2422 1626 2461 Jacobi.
1659 2422 1782 2475 αἱρῶν

198 2481 385 2520 Daremb.
430 2481 578 2533 σαίρων
622 2483 769 2534 Egger.
812 2496 851 2522 τε
895 2480 962 2522 καὶ
1006 2482 1137 2535 ῥύπου
1170 2483 1220 2522 Η.
1247 2482 1396 2522 Iacobi.
1441 2480 1491 2520 ἂν
1528 2478 1694 2533 maga?
1730 2481 1780 2522 ἄν

199 2541 486 2581 Schneidewin.
519 2541 565 2581 G.
586 2555 623 2594 g.
656 2543 704 2581 A.
740 2544 852 2582 1852
886 2557 922 2593 p.
944 2544 1043 2582 422.
1076 2540 1301 2594 ἀνηδαξᾶτο
1321 2542 1537 2594 Darembg.
1565 2564 1611 2569 -
1636 2543 1780 2582 omitto

197 2602 448 2641 coniecturas
481 2615 582 2653 quae
615 2602 774 2642 defendi
805 2616 886 2642 non
916 2615 1035 2654 posse
1067 2603 1268 2643 videntur.
1320 2614 1456 2642 omnes
1488 2602 1528 2640 in
1561 2615 1607 2641 eo
1639 2615 1780 2653 pecea-

197 2663 342 2702 verunt
386 2661 492 2712 quod
542 2662 590 2701 de
634 2663 721 2702 viro
770 2663 869 2702 haee
911 2663 1069 2702 narrari
1107 2665 1265 2714 putant.
1323 2665 1381 2712 at,
1434 2662 1468 2700 si
1512 2662 1609 2713 quid
1651 2663 1780 2712 video,

198 2721 368 2772 Orobyle
401 2721 549 2760 dicitur
579 2724 665 2761 tam
696 2722 812 2762 foede
844 2736 890 2762 ae
920 2723 1098 2774 turpiter
1129 2736 1272 2774 corpus
1299 2734 1451 2760 curare.
1502 2720 1648 2762 Caecil.
1676 2722 1776 2762 Stat.

197 2781 303 2821 Ploc.
330 2782 377 2819 fr.
407 2783 432 2820 2
460 2783 582 2821 taedet
611 2782 834 2822 mentionis:
865 2783 967 2832 quae'
993 2784 1099 2827 mihi,
1130 2785 1134 2829 Ι
1162 2780 1233 2822 ubi
1255 2784 1410 2822 domum
1442 2782 1581 2821 adveni
1612 2795 1659 2822 ac
1683 2783 1776 2828 se'di,

197 2842 379 2890 extemplo
411 2841 564 2881 savium
592 2844 598 2890 Ι
626 2843 694 2882 dat
723 2842 857 2882 ieiuna
889 2844 1044 2882 anima:
1081 2844 1141 2882 m'l
1164 2845 1301 2891 peccat
1331 2842 1376 2880 de
1407 2841 1536 2880 scivio:
1564 2841 1570 2891 Ι
1597 2846 1640 2881 ιιι
1670 2843 1778 2882 de'vo-

196 2913 283 2942 mas
312 2902 401 2951 volt,-
433 2895 534 2949 quod
556 2903 656 2951 foris
678 2903 891 2952 potaveris.
943 2902 1073 2941 simile
1093 2904 1155 2941 est
1175 2902 1281 2953 quod
1301 2900 1367 2940 hio
1391 2903 1592 2941 narratur.
1642 2903 1778 2954 itaque

198 2973 271 3001 sor.
310 2959 377 3008 τὰς
397 2960 528 3015 τρίχας
555 2958 561 3014 Ι
589 2960 730 3014 μεστὰς
749 2958 903 3015 ἐ’χουσ’
928 2961 1077 3015 αι’ρῶν
1101 2973 1152 3002 τε
1176 2959 1241 3001 καὶ
1261 2960 1409 3015 ῥύπου,
1428 2963 1533 3000 πιεῖν
1563 2960 1568 3010 Ι
1598 2962 1769 3003 διδοῦσ
