2014 3334
310 236 397 278 194
635 255 638 259 ,
946 238 1245 273 ΜΕΝΑΝΔΡΟΤ

1053 358 1139 401 663

521 441 605 499 υἱῷ
636 442 882 498 προθύμως
911 439 1203 496 τάξιούμενον
1237 449 1379 485 ποιῶν

520 511 727 568 κηδεμόν’
765 512 958 567 ἀληθῶς,
992 512 1074 555 οὐκ
1105 514 1298 570 ἔφεδρον
1329 513 1439 565 ἕξεις
1469 517 1583 569 βίου.

427 598 624 638 Stobaeus
657 599 793 638 Floril.
828 602 895 649 83,
929 601 953 638 5
986 605 1056 639 τοῦ
1089 598 1211 639 αὐτοῦ
1245 596 1508 654 (Μενάνδρου
1541 597 1588 656 4)
1621 601 1669 640 Α.
1740 603 1778 640 2.
1809 607 1879 642 τοῦ

307 657 398 709 βίου
431 659 466 696 Α
500 659 629 698 Trinc.
665 681 718 687 —
758 660 808 698 ad
838 658 1034 708 Adelphos
1071 659 1232 698 rettulit
1264 660 1486 700 Meinekius
1523 663 1689 711 propter
1720 661 1878 701 Terent.

307 718 383 757 Ad.
413 720 451 767 1,
481 721 516 769 1,
543 720 598 758 47
616 731 684 770 sq.,
717 719 786 769 qui
816 721 950 758 tamen
982 720 1093 758 locus
1124 733 1203 758 non
1235 732 1423 770 magnam
1455 721 1577 759 habet
1609 734 1698 759 cum
1731 722 1806 761 hoc
1830 722 1877 760 fr.

308 777 624 817 similitudinem.
688 791 733 818 ac
766 779 812 818 cf.
846 779 932 818 Ihn.
966 778 1126 825 Quaest.
1159 779 1247 818 Ter.
1282 781 1346 818 28.

1045 895 1134 938 664

519 978 624 1028 τοὺς
656 974 705 1020 εὗ
737 979 976 1032 γεγονότας
1006 975 1080 1019 καὶ
1111 977 1445 1034 τεθραμμένους
1475 982 1618 1030 καλῶς

520 1048 604 1091 κάν
635 1055 727 1099 τοῖς
757 1057 907 1100 κακοῖς
939 1050 1010 1091 δεῖ
1038 1050 1173 1103 λόγον
1205 1050 1321 1105 ἔχειν
1353 1051 1584 1107 εὐφημίας.

429 1135 625 1175 Stobaeus
644 1136 780 1175 Floril.
803 1138 872 1187 89,
907 1139 927 1175 1
964 1135 1212 1188 Μενάνδρου
1232 1137 1278 1174 A.
1345 1140 1380 1176 1.
1413 1143 1581 1190 γεγῶτας
1600 1138 1637 1177 Α
1663 1118 1710 1177 ’et
1741 1133 1875 1192 (Mein.

307 1195 416 1235 Stob.
449 1195 513 1233 ΙΙΙ
545 1190 661 1249 xx1x)
695 1196 736 1234 B.
799 1196 944 1247 tragici
981 1198 1127 1246 putant
1167 1208 1252 1235 esse
1290 1195 1424 1236 Cobet.
1457 1198 1505 1236 N.
1537 1198 1563 1236 l.
1597 1199 1651 1237 49
1689 1194 1877 1252 (fdictum

306 1255 519 1304 eiusmodi,
557 1255 692 1306 qualia
730 1268 846 1306 saepe
885 1256 1023 1295 chorus
1053 1256 1095 1294 in
1133 1256 1344 1306 tragoedia
1380 1258 1472 1307 post
1502 1258 1722 1309 longiorem
1761 1256 1876 1310 ῥῆσιν

305 1315 489 1353 interfari
522 1310 658 1367 solet’)
691 1318 731 1354 et
761 1315 913 1354 Nauck.
947 1315 1063 1366 Trag.
1098 1329 1155 1367 gr.
1188 1316 1235 1354 fr.
1269 1316 1400 1366 adesp.
1432 1318 1530 1356 460.
1593 1317 1698 1367 quod
1728 1320 1775 1356 ut
1806 1318 1877 1356 ad-

306 1374 414 1412 mitti
436 1387 553 1425 posse
579 1375 688 1419 fflud
718 1375 963 1426 negaverim,
992 1375 1262 1414 necessarium
1294 1388 1379 1415 esse
1410 1389 1491 1415 non
1515 1377 1643 1416 credo.
1707 1377 1740 1416 si
1772 1377 1877 1416 enim

305 1431 483 1485 εὐφημία
518 1436 564 1472 ut
601 1435 762 1473 videtur
802 1435 1026 1474 modestum
1058 1435 1231 1474 hominis
1262 1435 1427 1486 ingenui
1463 1436 1505 1474 in
1536 1436 1652 1476 malis
1683 1438 1877 1476 silentiwm

305 1493 520 1544 significat,
553 1494 654 1532 nihil
686 1496 747 1533 est
778 1507 848 1533 cur
879 1507 927 1533 ea
957 1494 1080 1534 verba
1111 1495 1343 1546 tragoediae
1376 1495 1637 1535 vindicentur.

1051 1610 1137 1653 665

519 1697 709 1744 πλοῦτος
741 1693 971 1748 ἀλόγιστος
1002 1694 1270 1750 προσλαβὼν
1302 1693 1508 1745 ἐξουσίαν

517 1764 591 1808 καὶ
621 1766 726 1816 τοὺς
757 1773 945 1822 φρονεῖν
978 1766 1223 1815 δοκοῦντας
1255 1765 1474 1821 ἀνοήτους
1504 1773 1630 1809 ποιεῖ.

425 1852 623 1891 Stobaeus
661 1853 797 1892 Floril.
841 1854 913 1902 92,
952 1854 976 1890 8
1021 1852 1269 1904 Μενάνδρου
1302 1852 1350 1891 Α.
1415 1852 1613 1893 Antonius
1656 1853 1749 1891 Mel.
1790 1854 1875 1892 104

304 1925 341 1962 p.
366 1914 460 1951 177.
511 1912 671 1951 Maxim.
705 1912 816 1951 Oonf.
850 1915 887 1962 9,
922 1914 973 1951 31
1009 1926 1045 1962 p.
1081 1914 1161 1952 561
1198 1911 1405 1952 Combefis.
1469 1915 1504 1951 1.
1536 1911 1704 1959 πλοῦτός
1733 1908 1766 1951 τ’
1789 1912 1872 1950 AB.

303 1973 363 2010 vis
395 1968 545 2012 ‘consili
576 1968 724 2021 empers'
755 1972 896 2011 Horat.
930 1970 970 2010 O.
1005 1973 1042 2022 3,
1075 1974 1114 2022 4,
1148 1973 1215 2011 65.

1049 2088 1135 2130 666

517 2178 716 2227 κρεῖττον
749 2168 861 2226 ὀλίγ’
898 2168 989 2213 ἐστὶ
1020 2168 1204 2226 χρήματ’
1242 2170 1504 2221 ἀνυπόπτως
1535 2172 1664 2227 ἔχειν,

517 2242 544 2297 ἢ
576 2243 717 2285 πολλὰ
749 2249 968 2299 φανερῶς,
1001 2241 1028 2283 ἃ
1061 2243 1132 2284 δεῖ
1160 2240 1250 2297 μετ’
1288 2242 1491 2292 ὀνείδους
1522 2243 1686 2296 λαβεῖν.

426 2329 621 2368 Stobaeus
653 2330 789 2369 Floril.
825 2331 891 2379 94,
928 2331 978 2367 11
1027 2328 1274 2380 Μενάνδρου
1305 2329 1354 2367 A.
1429 2330 1464 2367 2.
1505 2325 1530 2366 ἃ
1563 2327 1627 2366 δεῖ
1652 2325 1742 2377 ΑΒ]
1774 2325 1871 2366 ἀλλὰ

304 2389 411 2428 Grot.
446 2385 572 2428 ‘locus
603 2390 780 2427 nondum
811 2384 1002 2427 sanatus'.
1034 2388 1150 2427 Mein.
1178 2388 1286 2426 Stob.
1320 2388 1381 2426 III
1412 2400 1551 2426 xxxm.
1584 2400 1655 2426 1111.
1689 2383 1724 2425 6⁷
1759 2382 1868 2440 ἕχεινΙ

302 2445 329 2499 ’ἢ
360 2444 469 2487 πόλλ’
510 2446 536 2486 ἃ
567 2447 789 2500 φανερώσει
827 2459 868 2487 σε
907 2443 985 2499 μετ’
1021 2444 1079 2486 ὀν.
1111 2450 1143 2486 λ.
1175 2447 1321 2498 Enger.
1353 2447 1492 2498 Progr.
1523 2447 1638 2487 Posn.
1674 2448 1798 2496 1868,
1833 2449 1870 2496 7,

302 2521 380 2547 non
413 2508 594 2547 feliciter.
645 2512 880 2560 φανεροῦ,
915 2507 1113 2560 Φαῖδρε,
1145 2502 1224 2557 μετ’
1260 2503 1440 2553 ὀνείδους
1472 2506 1519 2545 Κ.

1047 2623 1129 2665 667
1171 2639 1177 2643 ·

517 2707 598 2749 οὐκ
630 2709 721 2749 ἔστι
754 2707 907 2762 λύπης,
940 2707 996 2748 ἄν
1027 2719 1108 2761 περ
1141 2705 1289 2761 ὀρθῶς
1319 2720 1385 2756 τις
1417 2711 1571 2762 σκοπῇ,

516 2779 689 2833 ἄλγημα
721 2781 868 2833 μεῖζον
898 2784 987 2820 τῶν
1019 2776 1066 2819 ἐν
1097 2775 1344 2831 ἀνθρώπου
1376 2778 1521 2832 φύσει.

423 2864 618 2903 Stobaeus
650 2864 785 2904 Floril.
821 2867 888 2915 99,
922 2866 944 2903 7
991 2862 1238 2914 Μενάνδρου
1271 2863 1319 2901 A.
1403 2865 1439 2903 1.
1478 2861 1547 2902 ἐάν
1589 2876 1660 2915 περ
1700 2863 1867 2902 codices.

305 2925 340 2962 2.
374 2921 595 2975 ἀνθρώπου
629 2923 765 2964 Cobet.
780 2925 921 2964 Mnem.
942 2924 1024 2962 IIII
1052 2921 1154 2985 272]
1188 2920 1432 2974 ἀνθρώποις.
1482 2921 1711 2975 ἀνθρώπων
1730 2922 1865 2973 Steph.
