2014 3334
484 283 849 319 KATAAOPAAHN
876 283 1397 319 ΜΕΤΕΣΧΗΜΑΤΙΣΜΕΝΔ
1637 279 1724 324 643

0 455 9 478 t
880 416 993 461 1391

0 498 7 518 '³
271 503 350 544 Dio
387 502 594 575 Chryxiost.
632 501 698 543 Or.
734 505 786 543 76
826 517 864 554 p.
897 505 985 543 410
1017 503 1062 543 R.
1106 501 1185 543 καὶ
1224 500 1307 555 μὴν
1350 505 1403 559 τῷ
1444 501 1562 543 παντὶ
1605 501 1725 559 ῥᾷόν

152 561 282 604 ἐστιν
312 561 467 604 ἀνελεῖν
502 561 524 602 ὅ
553 578 595 602 τι
628 562 763 615 βούλει
795 557 1006 617 (θέλεις)
1043 568 1133 603 τῶν
1170 560 1424 635 ἐγγράφων
1456 563 1463 612 Ι
1497 558 1606 617 (add.
1645 561 1725 603 νό-

151 637 253 676 μων
296 618 514 677 ἀνελεῖν)
557 619 584 674 ἢ
627 627 719 662 τῶν
762 620 901 662 ἐθῶν.
961 620 1015 662 τὰ
1058 619 1141 674 μὲν
1183 621 1270 676 γὰρ
1313 620 1369 663 ἂν
1409 622 1415 672 Ι
1454 621 1727 678 ἀπαλείψῃς

151 681 292 733 ἅπαξ,
328 679 480 738 ἡμέρα
516 684 597 738 μιᾷ
635 680 824 722 λέλυται
861 677 955 737 (ἅπ.
992 680 1131 733 ἀπαλ.,
1167 679 1234 734 ἡμ.
1265 685 1298 723 λ.
1330 678 1409 736 μ.),
1456 681 1746 734 συνήθειαν

153 739 203 783 δὲ
233 741 415 790 πόλεως
445 740 532 782 οὐκ
562 740 690 781 ἔστιν
721 740 770 782 ἐν
795 741 921 782 πάνυ
952 744 1108 799 πολλῷ
1138 744 1399 782 καταλῦσαι
1429 742 1593 798 χρόνῳ.
1633 744 1725 783 fort.

152 800 250 861 ἔθος
281 799 324 842 δὲ
355 816 396 844 π.
422 799 516 843 οὐδὲ
547 804 748 858 πολλοστῷ
779 816 837 854 χρ.
865 803 870 851 Ι
899 801 1002 842 ἔστιν
1033 817 1115 843 κατ.
1144 824 1194 841 ,-
1223 805 1423 859 πολλοστῷ
1448 801 1576 858 χρόνῳ
1602 803 1726 843 Arist.

154 862 244 903 Pac.
276 864 373 904 559.
423 862 607 901 Menand.
640 863 737 902 3292
789 862 994 901 Demosth.
1026 864 1095 911 24,
1130 864 1225 903 196.

885 991 997 1034 1392

271 1077 513 1117 Plutarchus
543 1077 642 1116 Mor.
677 1078 764 1117 13b
815 1075 983 1131 στιγμὴ
1033 1076 1207 1129 χρόνου
1256 1082 1346 1125 πᾶς
1389 1075 1515 1116 ἐστιν
1558 1074 1580 1116 ὁ
1622 1077 1727 1129 βίος

148 1130 362 1192 (βίοτος).
394 1166 403 1176 .
435 1166 445 1177 .
476 1137 522 1176 τί
549 1134 598 1176 δὲ
625 1136 631 1187 Ι
659 1135 973 1189 φροντιστέον
1007 1132 1122 1188 ἡμῖν
1152 1141 1242 1176 τῶν
1272 1142 1355 1177 τοῦ
1385 1135 1562 1189 πατρὸς
1592 1135 1727 1177 ἀπει-

144 1198 238 1238 λῶν
265 1181 368 1252 Χ(τῶν
399 1194 467 1236 ἀπ.
498 1211 529 1236 τ.
560 1191 680 1251 π.);Ι
675 1224 680 1250 Ι
708 1195 1000 1249 κρονόληρος
1031 1195 1110 1236 καὶ
1137 1196 1441 1249 σοροδαίμων
1467 1195 1567 1236 ἐστί
1588 1193 1666 1249 (κρ.
1698 1194 1726 1236 ἐ.

142 1271 179 1297 κ.
199 1251 269 1310 σ.),
299 1254 379 1296 καὶ
412 1252 522 1311 (add.
552 1252 667 1310 τάχα)
693 1256 701 1306 Ι
729 1254 964 1309 μετέωρον
995 1255 1140 1296 αὐτὸν
1177 1255 1407 1310 ἀράμενοι
1444 1254 1517 1308 τὴν
1547 1256 1728 1309 ταχίστην

146 1314 360 1368 ἐξοίσομεν.
415 1317 465 1357 cf.
500 1317 626 1356 1151.

883 1409 997 1452 1393

0 1470 7 1545 Ι
268 1495 508 1535 Plutarchus
540 1495 640 1535 Mor.
674 1493 794 1535 529b
831 1489 885 1543 ὡς
921 1493 996 1548 γὰρ
1034 1492 1055 1534 ὁ
1086 1493 1293 1548 γεωργὸς
1330 1491 1499 1548 άγριον
1539 1492 1624 1546 μὲν
1655 1493 1728 1535 ἐκ-

0 1550 9 1591 }
150 1553 339 1595 κόπτων
378 1550 455 1608 (ἂν
493 1552 564 1607 μὲν
600 1552 686 1608 άγρ.
725 1551 919 1611 ἐκκόπτῃ)
962 1553 1179 1607 βλάστημα
1204 1552 1398 1607 (fortasse
1431 1551 1601 1607 φυτόν)
1630 1554 1637 1604 Ι
1663 1552 1730 1594 καὶ

151 1611 328 1668 ἀγεννές,
358 1612 573 1655 αὐτόθεν
604 1612 815 1666 ἀφειδῶς
853 1612 1071 1667 ἐμβαλὼν
1101 1613 1149 1654 τὸ
1182 1617 1416 1665 σκαφεῖον
1448 1612 1509 1668 (τὸ
1529 1625 1588 1657 σκ.
1608 1610 1728 1669 ἐμβ.)Ι

147 1671 336 1726 ἀνέτρεψε
366 1671 453 1725 τὴν
484 1673 640 1726 ῥίζαν,
670 1671 698 1726 ἢ
728 1679 821 1727 πῦρ
852 1672 1169 1727 προσαγαγὼν
1195 1672 1202 1726 Ι
1231 1672 1509 1714 ἐπέκαυσεν·
1540 1671 1731 1731 ἀμπέλῳ

148 1730 198 1774 δὲ
227 1731 443 1786 προσιὼν
475 1729 668 1788 (fortasse
700 1734 795 1774 add.
821 1729 1009 1787 ἔμπαλιν)
1038 1731 1042 1783 Ι
1070 1739 1217 1786 τομῆς
1255 1731 1459 1789 δεομένῃ
1489 1731 1556 1773 καὶ
1586 1716 1731 1785 μηλέας

147 1789 175 1845 ἢ
213 1808 320 1841 τινος
359 1791 490 1841 ἐλαίας
533 1791 752 1845 ἁπτόμενος
796 1792 1041 1846 εὖλαβῶςΙ
1076 1791 1291 1846 ἐπιφέρει
1333 1791 1418 1845 τὴν
1455 1796 1586 1845 χεῖρα
1616 1790 1666 1844 (τ.
1698 1808 1732 1845 χ.

149 1847 262 1908 έπ..)
393 1851 577 1903 Ιοῧτως
614 1850 635 1892 ὁ
670 1852 958 1906 φιλόσοφος,
1001 1852 1194 1904 φθόνον
1231 1850 1304 1906 μὲν
1341 1851 1542 1905 ἐξαιρῶν
1580 1849 1727 1906 νέουΙ

148 1917 308 1965 ψυχῆς
340 1908 464 1967 (οὕτω
496 1915 572 1963 φθ.
604 1915 686 1964 φιλ.
717 1911 766 1961 ἐξ.
799 1928 836 1953 ν.
869 1917 877 1962 Ι
908 1908 975 1968 ψ.)
1018 1910 1221 1966 ἀγεννὲς
1257 1911 1461 1966 βλάστημα
1497 1910 1563 1952 καὶ
1600 1912 1730 1952 δυστι-

149 1971 349 2013 θάσευτον
379 2001 390 2012 .
423 2004 431 2012 .
464 2004 472 2014 .
505 1970 632 2024 τομὴν
662 1976 773 2013 ποιεῖ
798 1974 874 2013 κτλ.

890 2113 1003 2156 1394

275 2198 491 2238 Lucianus
508 2199 613 2238 Gall.
646 2201 700 2239 29
745 2198 914 2239 τάλαντα
957 2196 1041 2250 μὲν
1086 2197 1419 2251 ἑβδομήκοντα
1456 2196 1587 2237 ἐκεῖνα
1622 2198 1731 2238 πάνυ

154 2255 379 2309 ἀσφαλῶς
409 2256 488 2298 ὑπὸ
519 2263 564 2313 τῇ
596 2258 710 2315 κλίνῃ
742 2257 1098 2313 κατορώρυκται
1130 2253 1437 2312 (κατορώρυχα),
1465 2254 1471 2308 Ι
1499 2256 1577 2296 καὶ
1602 2256 1733 2306 οὐδεὶς

155 2314 295 2365 ἄλλος
325 2311 443 2369 εἶδε,
474 2316 526 2357 τὰ
553 2315 602 2357 δὲ
633 2316 864 2359 ἑκκαίδεκα
889 2313 993 2358 εἶδεν
1018 2313 1152 2370 οἶμαι
1177 2317 1403 2365 Σωσύλος
1430 2314 1436 2368 Ι
1464 2314 1485 2356 ὁ
1512 2316 1733 2369 ἱπποκόμος

154 2374 246 2416 ὑπὸ
277 2382 329 2432 τῇ
355 2376 511 2434 φάτνῃ
543 2377 936 2431 κατακρύπτοντά
967 2392 1031 2430 με.
1088 2377 1177 2426 ολος
1207 2383 1326 2431 γοῦν
1355 2374 1462 2428 περὶ
1486 2371 1546 2430 (π.
1565 2373 1620 2431 γ.)
1652 2376 1732 2417 τὸν

155 2435 346 2476 ἱππῶνά
382 2418 529 2488 ἐστιν,
570 2436 619 2478 ου
649 2438 758 2478 πάνυ
791 2436 973 2489 ἐπιμελὴς
1009 2435 1134 2485 άλλως
1173 2435 1267 2478 οὐδὲ
1303 2436 1521 2489 φιλόπονος
1552 2435 1608 2476 ὤν
1641 2466 1650 2476 .
1681 2467 1692 2477 .
1723 2467 1733 2478 .

155 2493 177 2535 ὁ
213 2495 375 2548 Τίβιος
404 2497 586 2550 ταρίχους
616 2497 719 2538 οὕτω
742 2497 936 2551 μεγάλους
969 2494 1179 2551 (τάριχος
1210 2496 1316 2553 αυτῷ
1343 2495 1445 2536 οὕτω
1471 2493 1569 2550 μέγα
1591 2494 1733 2552 ΦΘΛ)

155 2551 477 2607 ὠψωνηκέναι
515 2555 521 2609 Ι
559 2555 654 2610 χθὲς
691 2555 830 2610 (ἐχθὲς
863 2553 1002 2611 CGA)
1037 2555 1183 2611 ἐλέγετο
1220 2554 1247 2608 ἣ
1285 2562 1329 2611 τῇ
1359 2555 1519 2609 γυναικὶ
1557 2556 1733 2611 ἐλλόβιον

157 2613 360 2667 ἐωνῆσθαι
385 2612 498 2655 πέντε
525 2615 709 2689 δραχμῶν
735 2616 849 2657 ὅλων.
878 2616 884 2666 Ι
913 2611 1048 2657 οὗτοι
1079 2621 1303 2656 σπαθῶσι
1335 2613 1453 2667 τάμὰ
1478 2622 1561 2658 τοῦ
1593 2632 1733 2658 κακο-

156 2674 402 2726 δαίμονος.
429 2670 435 2730 Ι
464 2671 562 2715 ἀλλ’
603 2674 716 2717 οὐδὲ
745 2676 798 2717 τὰ
830 2675 1080 2728 ἐκπώματα
1105 2675 1154 2716 ἐν
1185 2675 1395 2726 ἀσφαλεῖ
1422 2689 1502 2726 μοι
1532 2675 1734 2717 ἀπόκειται

156 2739 327 2774 τοσαῦτα
364 2731 471 2774 ὄντα.
532 2733 645 2775 δέδια
688 2742 790 2790 γοῦν
827 2735 881 2788 μή
921 2750 978 2783 τις
1013 2734 1215 2788 ὑπορύξας
1258 2734 1326 2775 τὸν
1370 2737 1501 2786 τοῖχον
1543 2734 1735 2789 ὑφέληται

158 2791 269 2834 αὐτά.
303 2790 310 2846 Ι
344 2792 512 2833 πολλοὶ
542 2798 788 2847 φθονοῦσι
830 2794 1247 2847 κάπιβουλεύουσί
1286 2809 1377 2846 μοι.
1409 2793 1459 2841 Ι.
1533 2793 1735 2848 ,ἄριστον

160 2846 235 2894 ουν
261 2850 509 2906 άγρυπνον
528 2852 649 2895 αὐτὸν
669 2855 992 2906 διαφυλάττειν
1013 2850 1241 2909 (φυλάττειν
1262 2850 1319 2909 Φ)
1339 2853 1539 2893 ἅπαντα·
1567 2857 1574 2904 Ι
1600 2855 1735 2907 περί-

160 2926 257 2964 ειμι
288 2911 536 2969 διαναστὰς
567 2911 627 2953 ἐν
647 2913 803 2971 κύκλῳ
833 2914 918 2966 τὴν
961 2914 1130 2955 οἰκίαν.
1158 2915 1164 2961 Ι
1191 2915 1259 2962 τίς
1291 2908 1448 2960 οὗτος;
1480 2910 1572 2968 δρῶ
1604 2925 1672 2967 σε,
1704 2909 1735 2955 ὦ

160 2965 434 3024 τόιχωρόχε·
452 2971 515 3024 μὰ
534 2969 617 3024 Δί’,
626 2971 720 3014 ’ἐπεὶ
738 2957 854 3014 κίων
879 2988 922 3026 γε
947 2971 1010 3013 ὢν
1034 2974 1304 3027 τυγχάνεις,
1324 2967 1368 3013 εὖ
1388 2971 1475 3023 ἔχει.
1524 2974 1735 3027 ἀριθμήσω

1379 3039 1450 3074 41*
