2014 3334
726 261 932 296 ΑΔΗΛῼΝ
956 261 1218 297 ΔΡΑΜΑΤῼΝ
1669 262 1757 306 255

183 373 521 424 interpretatione
548 373 705 413 adiecta
728 372 1105 427 κατεγνυπτωμένον
1131 377 1172 414 ei:
1197 378 1543 428 κατεγνυπῶσθαι,
1575 390 1762 428 κατεγνυ-

181 436 345 473 πῶσθαι
382 434 504 473 etiam
538 433 712 485 Etymol.
745 455 803 461 -—-
835 434 973 486 itaque
1012 434 1179 473 dubium
1219 439 1280 475 est
1316 433 1679 488 κατεγνυπωμένως
1710 449 1760 475 an

181 490 563 546 κατεγνυπτωμὲνως
582 493 799 533 Menander
821 493 986 534 dixerit:
1018 494 1191 534 alterum
1218 496 1486 547 etymologiae
1513 496 1642 548 magis
1668 509 1759 535 con-

181 554 354 594 veniens.
410 555 588 593 ceterum
621 554 668 593 cf.
701 553 835 606 adesp.
869 556 969 595 990.

914 671 1025 714 1021

466 730 620 774 κνύειν
696 773 698 775 ,

298 815 407 865 ξύειν
450 815 517 857 καὶ
561 812 649 858 οἷον
684 821 828 858 ειθειν·
875 815 1130 873 Μένανδρος.
1180 818 1360 858 Photius.
1407 819 1462 857 sie
1508 820 1570 860 vel
1603 834 1636 859 ει
1666 823 1759 859 θειν

178 872 569 929 οοᾱ.111.1κνήθειν
598 877 719 918 Mein.
776 909 781 913 .

911 959 1025 1002 1022
1087 984 1090 987 ⁴

461 1019 624 1062 κοιτών

294 1105 439 1145 Pollux
474 1110 515 1157 1,
550 1108 604 1146 79
643 1105 680 1146 εἰ
713 1105 787 1161 γὰρ
826 1104 894 1146 καὶ
926 1103 1171 1160 Μένανδρος
1208 1104 1304 1146 αὐτὸ
1341 1106 1589 1161 βαρβαρικὸν
1622 1107 1756 1157 οἴεται,

174 1161 258 1205 ἀλλ’
294 1161 583 1220 Ἀριστοφάνης
626 1164 647 1206 ὁ
690 1165 1100 1223 κωμῳδοδιδάσκαλος
1143 1161 1210 1221 (fr.
1246 1161 1290 1221 6)
1334 1165 1382 1205 τὰ
1425 1172 1586 1207 τοιαῦτα
1623 1166 1756 1206 πιστό-

173 1239 282 1280 τερος
319 1224 456 1266 αὐτοῦ.
511 1226 672 1267 videtur
703 1226 922 1266 Menander
959 1226 1136 1277 aliquem
1174 1239 1222 1266 ea
1251 1240 1350 1267 voce
1388 1241 1507 1266 usum
1546 1228 1595 1266 ab
1628 1229 1755 1267 altero

173 1287 412 1336 reprehendi
445 1286 596 1326 fecisse.
648 1287 697 1327 cf.
726 1287 902 1326 Lobeck.
927 1282 1084 1338 Phryn.
1118 1288 1216 1326 252.
1251 1289 1288 1327 3.

906 1415 1021 1459 1023

458 1475 752 1530 κολλυβιστής

291 1558 364 1600 ἐπὶ
391 1566 463 1601 τοῦ
499 1559 801 1615 ἀργυραμοιβου
838 1573 965 1615 φησιν
1001 1560 1023 1603 ὁ
1056 1560 1301 1618 Μένανδρος
1338 1562 1556 1616 ἀδοκίμως·
1598 1563 1640 1604 τὸ
1681 1562 1754 1616 μὲν

171 1618 248 1673 γὰρ
277 1619 472 1674 κόλλυβος
503 1620 617 1675 [ὅπερ
650 1621 754 1662 ἐστὶν
777 1617 884 1671 εἶδος
908 1622 1166 1700 νομίσματος]
1195 1622 1362 1675 δόκιμον
1389 1620 1554 1678 (Eupol.
1577 1627 1675 1676 233,
1695 1621 1752 1678 3),

170 1678 213 1720 τὸ
245 1677 288 1720 δὲ
324 1681 583 1734 κολλυβιστής
619 1681 1075 1736 παρασεσημασμένον.·
1096 1684 1271 1724 Thomas
1301 1685 1406 1759 Mag.
1441 1687 1539 1736 203,
1575 1687 1640 1725 13.
1703 1686 1751 1724 cf.

170 1740 386 1792 Phrynich.
411 1742 520 1792 Epit.
546 1743 646 1782 440.
697 1743 842 1783 Pollux
870 1746 1028 1794 7,17O
1059 1743 1331 1796 κολλυβιστής,
1356 1742 1409 1792 ὡς
1437 1745 1594 1792 Λυσίας
1625 1743 1668 1784 ἐν
1699 1747 1752 1801 τῷ

168 1799 258 1855 περὶ
288 1806 436 1855 χρυσοῦ
466 1801 663 1856 τρίποδος.
709 1816 782 1843 nos
813 1804 1148 1854 Psenniyfuchser.

904 1919 1019 1962 1024

455 1979 645 2036 κουρίδα

288 2064 500 2104 Helladius
531 2065 649 2105 Phot.
682 2066 785 2105 Bibl.
817 2067 915 2118 530,
950 2068 1003 2106 13
1035 2065 1105 2115 τὰς
1134 2072 1214 2107 νῦν
1245 2065 1458 2120 λεγομένας
1488 2068 1679 2122 κουρίδας
1711 2068 1754 2107 οἱ

165 2120 330 2164 Ἀττικοὶ
370 2125 620 2179 κομμωτρίας
663 2123 844 2165 ἐκάλουν.
916 2125 1077 2180 εὕρηται
1114 2124 1157 2166 δὲ
1194 2126 1302 2180 παρα
1339 2128 1572 2184 Μενάνδρῳ
1604 2126 1670 2167 καὶ
1707 2126 1748 2166 τὸ

168 2184 349 2236 κουρίδα.
409 2185 460 2224 ef.
491 2198 593 2242 quae
626 2185 676 2224 ad
702 2186 947 2237 Antiphanis
978 2187 1160 2241 Κουρίδα
1192 2189 1439 2228 adnotan‘our
1470 2191 1511 2227 et
1537 2188 1748 2238 Amphidis

168 2243 430 2296 Alexidisque
461 2239 624 2285 fabulae
657 2246 923 2297 cognomines.

901 2375 1016 2419 1025

452 2434 642 2490 κύμινον

286 2517 350 2559 ἐπὶ
386 2519 623 2574 μικρολόγον
662 2518 918 2576 Μένανδρος.
980 2523 1164 2563 Photius.
1219 2524 1390 2563 fortasse
1431 2522 1746 2574 κυμινοπρίστην

167 2579 231 2619 vel
262 2579 592 2631 κυμινοκίμβικα,
628 2583 676 2620 ut
707 2595 812 2621 nuno
851 2583 971 2622 etiam
1005 2582 1112 2622 Plut.
1146 2584 1245 2622 Mor.
1279 2585 1363 2622 632
1379 2596 1400 2622 c
1431 2582 1745 2634 κυμινοπρίστην

168 2639 292 2678 edunt
328 2653 400 2690 pro
444 2639 627 2691 κύμινον.
689 2642 739 2680 cf.
770 2642 927 2681 Alexid.
962 2645 1059 2682 251.
1115 2643 1318 2693 Posidipp.
1353 2644 1420 2693 26,
1456 2644 1523 2681 12.
1573 2643 1745 2693 Hesych.

167 2699 480 2752 κυμινοπρίστης
511 2702 552 2739 et
582 2700 708 2740 Arist.
734 2701 855 2752 Vesp.
890 2703 1016 2742 1357.

898 2818 1012 2861 1026

452 2876 668 2931 Κυραννή

283 2958 410 3013 ὄνομα
455 2964 558 3001 θεοῦ
600 2962 828 3015 γυναικείας
866 2963 1059 3002 Κιλικίου.
1119 2961 1222 3002 οὕτω
1256 2961 1511 3017 Μένανδρος.
1574 2964 1742 3004 Photius
