2014 3334
856 237 1131 272 ΕΤΝΟΤΧΟΣ
1735 239 1794 282 55

959 346 1040 389 189

902 428 1047 472 πάντα
1077 428 1132 472 τὰ
1166 431 1409 487 ζητούμενα

497 501 677 545 δεῖσθαι
709 502 924 558 μερίμνης
955 499 1095 557 φασὶν
1128 502 1175 545 οἱ
1203 504 1465 561 σοφώτεροι.

328 589 526 629 Stobaeus
565 589 705 629 Floril.
739 591 812 639 29,
853 590 907 629 47
957 588 1208 641 Μενάνδρου
1247 589 1463 643 Εὐνούχου
1498 593 1545 632 A.
1608 592 1791 633 Clemens

207 649 320 688 Alex.
354 650 499 690 Strom.
531 651 570 699 5,
606 652 642 700 1,
678 651 728 688 11
774 647 874 688 κατὰ
904 647 972 688 τὸν
1003 647 1217 700 Σοφοκλέα
1249 645 1352 704 (OR.
1377 647 1491 705 111).
1521 650 1568 691 τὰ
1601 648 1637 692 δ’
1674 651 1792 703 ὅμοια

207 707 275 748 καὶ
305 707 551 762 Μένανδρος
584 707 604 749 ὁ
637 707 809 761 κωμικὸς
839 706 940 762 λέγει
971 711 1050 749 κτλ.
1112 708 1336 760 σοφώτατοι
1368 709 1491 750 Clem.

955 826 1038 868 190

327 913 540 953 Terentius
579 913 704 953 Andr.
738 913 782 965 5,
816 913 861 964 5,
895 914 918 953 3
965 913 1031 962 e'yo
1069 914 1229 954 deorum
1265 916 1387 955 vitam
1425 927 1470 954 ea
1500 918 1662 965 propter
1693 916 1789 956 se'm-

198 975 399 1023 piternam
436 986 516 1014 esse
553 974 742 1019 virbii-ror,
779 973 882 1022 qudd
908 974 1138 1023 voluptates
1175 974 1307 1014 edrum
1330 977 1521 1025 propriae
1551 976 1660 1015 su'snt:
1695 989 1790 1015 nam

205 1035 261 1073 mi
290 1034 565 1074 immortdlitas
587 1035 765 1083 pdrtast,
798 1035 833 1073 si
863 1034 975 1088 nulla
1006 1033 1206 1083 ae'yritudo
1237 1035 1327 1074 huic
1353 1036 1499 1084 yaadio
1524 1036 1790 1076 mtercdsserit.

205 1093 276 1133 ubi
306 1094 490 1134 Donatus
522 1095 624 1133 hanc
647 1095 874 1133 sententiam
906 1097 1025 1133 totam
1050 1095 1267 1134 Menandri
1292 1096 1339 1134 de
1362 1096 1554 1135 Eunucho
1580 1097 1788 1137 transtulit.

206 1149 378 1194 Aristid.
409 1154 430 1193 I
463 1156 547 1194 592
582 1153 718 1193 Dindf.
756 1151 831 1193 οὐκ
866 1151 907 1201 ἐξ
946 1153 1034 1193 ἴσου
1072 1152 1119 1192 τὰ
1157 1154 1366 1207 πράγματα
1404 1154 1446 1195 οἱ
1479 1153 1571 1195 θεοὶ
1609 1156 1721 1206 σφίσι
1751 1152 1784 1194 τ’

205 1212 340 1261 αὐτοῖς
377 1211 444 1253 καὶ
479 1217 561 1261 τοῖς
591 1212 826 1267 ἀνθρώποις
857 1211 1036 1265 ἔνειμαν,
1073 1210 1157 1253 ἀλλ’
1193 1213 1306 1254 αὐτοὶ
1345 1212 1416 1266 μὲν
1448 1212 1507 1254 ἅτ’
1544 1213 1652 1263 ὄντες
1683 1214 1789 1255 ἀθά-

205 1287 318 1314 νατοι
347 1271 414 1313 καὶ
445 1272 578 1326 κύριοι
608 1279 686 1313 τῶν
718 1271 907 1313 ἁπάντων
938 1271 1171 1322 ἀθανάτους
1201 1273 1268 1314 καὶ
1298 1273 1367 1322 τὰς
1405 1273 1585 1327 εὐτυχίας
1617 1274 1788 1327 ἔχουσιν.

205 1346 306 1385 quae
339 1335 542 1373 sententia
571 1336 656 1373 tam
696 1334 840 1374 similis
878 1336 940 1374 θεὲ
972 1334 1256 1387 Terentianae,
1293 1337 1341 1374 ub
1372 1335 1593 1375 Aristidem
1623 1336 1787 1375 Menan-

204 1393 267 1433 dri
303 1394 427 1434 verba
464 1394 609 1434 leviter
638 1394 861 1433 inmutasse
899 1394 1077 1446 credam,
1121 1395 1387 1434 Menandrum
1430 1398 1568 1435 autem
1612 1396 1667 1435 sic
1704 1397 1788 1435 fere

204 1453 429 1505 scripsisse·

491 1512 567 1554 οὐκ
597 1512 637 1562 ἐξ
669 1513 758 1554 ἴσον
791 1513 838 1553 τὰ
869 1510 1076 1588 πράγμαθ’
1113 1514 1155 1554 οἱ
1181 1513 1272 1554 θεοὶ
1305 1510 1441 1566 σφίσιν

491 1572 628 1622 αὐτοῖς
658 1571 692 1613 τ’
727 1573 888 1627 ἔνειμαν
919 1573 986 1614 καὶ
1017 1575 1186 1627 βροτοῖς.
1248 1572 1331 1615 ἀλλ’
1368 1573 1509 1615 αὐτίκα

492 1632 606 1674 αὐτοὶ
637 1631 709 1686 μὲν
741 1632 851 1682 ὄντες
882 1629 1082 1675 ἀθάνατοι
1113 1633 1181 1674 καὶ
1211 1634 1344 1687 κύριοι

491 1692 787 1743 ἁπαξαπάντων
819 1693 1053 1743 ἀθανάτους
1085 1694 1153 1743 τὰς
1184 1692 1336 1747 ἡδονὰς

483 1753 660 1807 ἔχουσιν.

949 1847 1002 1890 19
1011 1849 1031 1890 1

449 1932 784 1989 συστομώτερος
815 1932 989 1988 σκάφης

322 2018 516 2070 παροιμία
552 2017 616 2058 ἐπὶ
646 2024 726 2058 τῶν
757 2049 767 2058 .
787 2048 798 2058 .
818 2049 827 2058 .
859 2017 912 2070 μὴ
947 2017 1183 2070 δυναμένων
1221 2019 1561 2071 παρρησιάζεσθαι
1599 2049 1609 2059 .
1635 2049 1644 2058 .
1672 2049 1680 2058 .
1719 2017 1783 2070 με’-

203 2093 349 2130 μνηται
368 2077 512 2130 ταύτης
532 2076 776 2131 Μένανδρος
796 2077 911 2135 ἐντῷ
932 2077 1141 2135 Εὐνούχῳ.
1175 2080 1319 2119 Zenob.
1336 2080 1373 2131 5,
1390 2082 1458 2119 95.
1485 2080 1533 2118 cf.
1549 2080 1783 2131 Diogenian.

203 2141 242 2190 8,
257 2141 323 2178 12.
341 2139 458 2179 Phot.
479 2138 776 2191 συστομώτερον
796 2138 953 2190 σκάφης
967 2169 976 2178 .
988 2169 997 2178 .
1009 2169 1019 2179 .
1040 2136 1155 2179 ὁπότε
1175 2138 1386 2191 ἐβούλοντο
1401 2137 1582 2190 μέτοικον
1597 2139 1785 2191 δηλῶσαι,

202 2195 229 2251 ἢ
249 2198 410 2250 σκάφην
437 2197 572 2252 ἔλεγον
592 2196 618 2251 ἢ
640 2198 921 2251 σκαφηφόρον,
954 2197 1020 2239 διὰ
1046 2197 1089 2238 δὲ
1107 2197 1149 2239 τὸ
1171 2198 1492 2252 ἀπαρρησίαστον
1518 2194 1620 2239 εἶναι
1646 2210 1785 2239 συστο-

203 2257 379 2312 μώτερον
402 2258 584 2310 ποιήσειν
610 2256 785 2299 ἀπειλεῖν
806 2254 1063 2314 (ἠπείλουνῗ)
1085 2259 1254 2311 σκάφης.
1299 2260 1496 2310 similiter,
1527 2260 1593 2299 sed
1622 2260 1784 2299 brevius

201 2319 441 2371 Hesychius.
499 2319 548 2359 cf.
578 2319 754 2359 Boeckh.
787 2318 878 2359 Oec.
911 2320 1006 2360 Ath.
1038 2319 1080 2358 ΙΙ
1114 2322 1182 2360 75.
1244 2320 1380 2359 Photii
1411 2320 1545 2360 verbis
1576 2320 1783 2371 probabile

201 2379 249 2418 fif.
284 2379 551 2419 Menandrum
594 2380 802 2430 scripsisse
841 2374 947 2434 (καὶ)
992 2378 1288 2432 συστομώτερόν
1335 2390 1376 2419 σε
1413 2378 1566 2431 ποιήσω
1615 2379 1784 2430 σκάφης.

205 2438 365 2479 Terent.
387 2441 424 2489 3,
447 2441 485 2492 5,
506 2441 561 2480 49
589 2442 796 2490 comparat
816 2440 1053 2492 Grauertus,
1080 2453 1181 2492 quae
1209 2440 1430 2480 similitudo
1456 2453 1537 2479 non
1562 2442 1624 2479 est
1648 2440 1784 2479 nimia.

950 2557 1032 2599 192

489 2615 630 2660 λύκου
660 2616 798 2673 πτερά

323 2703 519 2743 Zenobius
551 2704 701 2743 Milleri
733 2705 787 2743 87
823 2698 1047 2758 (Melanges
1079 2718 1117 2754 p.
1145 2697 1250 2756 359)
1283 2702 1407 2742 λύκου
1440 2702 1577 2754 πτερά·
1610 2700 1673 2741 ἐπὶ
1704 2708 1782 2741 τῶν

201 2759 413 2802 ἀδυνάτων
439 2762 588 2815 εἴρηται
612 2779 638 2815 η
664 2763 869 2816 παροιμία,
895 2762 988 2803 ὅταν
1014 2761 1124 2815 μέχρι
1148 2768 1226 2802 τῶν
1252 2762 1379 2821 λόγων
1405 2759 1561 2814 ἄφοβος
1587 2757 1629 2816 (ὁ
1655 2761 1783 2814 φόβος

202 2822 437 2874 Diogenian.
467 2823 588 2863 Vind.
622 2825 661 2876 3,
695 2826 731 2864 ’7.
792 2823 941 2863 Macar.
975 2825 1012 2871 5,
1042 2825 1109 2862 68.
1142 2818 1270 2876 Suid.)
1304 2822 1329 2878 ᾐ
1365 2819 1452 2877 (στῇ
1485 2818 1665 2875 Macar).
1697 2828 1781 2869 πῶς

201 2880 276 2935 γὰρ
313 2897 364 2922 αν
401 2882 548 2934 πτηνός
584 2898 641 2931 τις
676 2881 829 2937 γένοιτο
868 2882 1006 2930 λύκος;
1051 2880 1242 2934 μέμνηται
1279 2881 1421 2933 ταύτης
1459 2879 1702 2933 Μένανδρος
1739 2880 1781 2920 ἐν

202 2940 412 2998 Εὐνούχῳ.
457 2943 504 2983 cf.
525 2943 675 2983 Oratet.
696 2946 764 2996 29,
792 2945 830 2983 3.
880 2943 993 2982 nulla
1012 2943 1223 2982 Menand1i
1255 2943 1455 2982 mentione
1489 2943 1596 2981 facta
1621 2943 1782 2994 praeter
