2014 3334
739 248 906 283 AAHAA
932 248 1194 283 ono‘rEPAz
1666 243 1751 287 587

911 357 1023 400 1077

464 415 856 473 μεθυσοχάρυβδις

300 503 471 543 Bekker.
490 502 640 543 Aneod.
662 504 731 554 51,
753 506 806 543 22
841 501 904 543 ἐπὶ
934 501 1123 557 γυναικὸς
1148 503 1344 555 μεθύσου,
1377 501 1451 543 οὐκ
1482 498 1544 542 ἐπ’
1579 499 1755 555 ἄρρενος.

179 564 230 604 of.
261 575 363 616 quae
394 562 446 603 ad
478 559 604 603 Arist.
635 564 707 615 Eq.
742 565 826 603 248
860 564 1152 605 adnotavimus.

465 736 745 795 μεσοπέρδην
910 680 1024 723 1078

301 825 445 865 Pollux
471 827 510 876 3,
546 826 627 865 155
661 824 868 878 μοχθηρὸν
898 824 941 866 τὸ
973 823 1224 878 μεσοφέρδην
1256 825 1300 866 ἐν
1330 831 1376 881 τῇ
1408 826 1597 882 κωμῳδίᾳ
1628 830 1756 878 σχῆμα

181 885 458 937 παλαίσματος.
507 879 762 938 μεσοπέρδειν
787 886 956 935 codices,
988 883 1108 938 μέσον
1140 884 1268 939 ἔρδειν
1294 887 1341 926 Α.
1363 900 1438 926 om.
1459 885 1537 934 BC,
1570 885 1640 937 qui
1665 898 1757 925 mox

180 945 446 997 παλαίσματος
476 943 518 985 τὸ
549 942 719 998 πέρδειν.
769 943 1019 998 μεσοφέρδην
1041 946 1162 986 Dobr.
1183 947 1349 986 Advers.
1381 946 1401 985 I
1434 947 1532 986 601.
1586 945 1757 985 Photius

181 1002 429 1059 μεσοπέρδην
465 1003 510 1045 ἐκ
541 1010 619 1044 τῶν
650 1003 792 1057 μέσων.
843 1004 930 1045 ἀντὶ
961 1011 1031 1046 τοῦ
1063 1003 1334 1058 μεσοφέρδην,
1365 1004 1642 1057 μεμενηκότων
1678 1010 1757 1044 τῶν

181 1063 354 1118 ἀρχαίων
381 1064 649 1118 χαρακτήρων.
680 1078 890 1117 perperam
921 1063 1168 1117 μεσομέρδην
1199 1066 1301 1117 cod.;
1338 1068 1541 1116 postrema
1566 1065 1759 1104 inlustrat

181 1125 406 1176 Hesychius
443 1122 710 1178 μεσοπέρδην·
746 1122 1015 1179 μεσοφέρδην,
1053 1124 1121 1164 τὸν
1153 1123 1273 1177 μέσον
1302 1124 1534 1177 φερόμενον.
1591 1123 1639 1164 τὸ
1670 1123 1757 1178 γὰρ

181 1182 387 1224 παλαιὸν
417 1186 470 1240 τῷ
501 1183 531 1224 ἷτ
562 1183 668 1224 ἀντὶ
698 1190 780 1225 τοῦ
806 1184 837 1235 ᾇ)
863 1183 1064 1237 ἐχρῶντο
1092 1183 1367 1237 προστιθέντες
1386 1183 1428 1225 τὸ
1452 1190 1522 1237 τῆς
1542 1183 1758 1236 δασύτητος

182 1247 356 1296 σημεῖον.
403 1244 508 1283 idem
534 1242 809 1296 μεσοφέρδειν·
847 1245 1094 1298 μεσολαβεῖν,
1119 1246 1190 1284 ubi
1216 1242 1466 1298 μεσοφέρδην
1492 1245 1756 1284 scribendum.

182 1304 335 1344 scilieet
371 1304 502 1355 figura
531 1305 728 1355 quaedam
759 1305 1001 1356 palaestrica
1032 1306 1252 1345 vocabatur
1283 1302 1534 1356 μεσοφέρδην
1571 1300 1611 1343 ‘a
1637 1301 1758 1355 φέρω,

182 1366 230 1403 uf.
254 1360 396 1415 ἄρδην,
428 1362 604 1415 φύρδην,
630 1360 799 1417 σύρδην’
820 1365 954 1415 Dobr.‚
987 1378 1152 1416 eamque
1178 1365 1263 1404 ioco
1290 1366 1483 1404 obscaeno
1510 1362 1758 1416 μεσοπέρδην

182 1424 338 1463 dixerat
369 1424 555 1463 comicus.

877 1494 1026 1547 '1079

466 1565 654 1619 μισητόν

301 1649 370 1691 τὸν
399 1655 581 1690 τοιοῦτον
613 1647 699 1704 (τὸν
731 1645 979 1704 ἐρωτομανῆ)
1017 1651 1060 1691 οἱ
1086 1650 1253 1703 κωμικοὶ
1283 1654 1461 1703 καλοῦσι,
1493 1650 1560 1691 καὶ
1590 1649 1758 1703 μισητὴν

183 1706 354 1765 (Gratia.
387 1707 492 1763 316)
524 1708 596 1762 τὴν
628 1710 786 1763 μάχλον.
838 1712 982 1751 Pollux
1015 1714 1053 1762 6,
1090 1713 1185 1751 189.

913 1828 1028 1871 1080

459 1910 743 1967 μοιμύλλειν,
775 1914 1025 1967 μοιμυλλᾶν

307 1998 448 2037 Pollux
482 2001 518 2049 2,
552 1999 608 2038 90
651 1996 694 2037 τὸ
726 1998 913 2051 συνάγειν
944 1998 989 2038 τὰ
1020 1999 1126 2051 χείλη
1158 1997 1386 2049 μοιμύλλειν
1416 1994 1442 2048 ἡ
1474 1997 1661 2054 κωμῳδία
1692 1995 1759 2037 καὶ

184 2059 403 2108 μοιμυλλᾶν
434 2068 552 2109 φησι.
574 2088 583 2096 .
604 2055 691 2097 ,καὶ
720 2056 794 2111 γὰρ
820 2056 866 2097 τὰ
892 2058 995 2110 χείλη
1022 2058 1148 2110 μύλλα
1173 2057 1548 2111 προσαγορεύουσιν.
1589 2058 1638 2097 cf.
1660 2059 1757 2097 928.

482 2209 485 2211 »
914 2175 1024 2218 1081

468 2234 713 2290 μοιχοτύπη

302 2321 526 2373 Hesychius
558 2317 584 2373 ἡ
616 2319 694 2360 ὑπὸ
726 2326 875 2374 μοιχῶν
906 2319 1140 2373 τυπτομένη.
1191 2322 1239 2362 of.
1270 2321 1507 2373 χαμαιτύπη.

917 2450 1030 2493 1082

469 2509 714 2566 μολυβδιᾷς

304 2594 474 2635 Bekker.
502 2596 646 2635 Anecd.
675 2597 744 2647 52,
776 2598 800 2635 5
847 2594 925 2635 ὑπὸ
964 2594 1086 2635 νόσου
1124 2591 1211 2636 οἷον
1248 2595 1452 2648 μολύβδου
1485 2602 1619 2648 χρῶμα
1651 2594 1758 2647 ἔχεις.

185 2654 406 2706 μολυβδιᾶν
438 2655 522 2694 cod.

915 2735 1027 2778 1083

470 2792 728 2850 μονογέρων

305 2880 474 2919 Bekker.
496 2881 644 2920 Anecd.
674 2883 741 2932 51,
769 2884 825 2921 20
856 2880 924 2921 τὸν
956 2876 1017 2934 (τὸ
1049 2877 1154 2933 cod.)
1186 2881 1434 2932 μονότροπον
1465 2880 1530 2920 καὶ
1564 2880 1759 2922 δύσκολον

189 2935 352 2991 γέροντα
372 2939 564 2991 σημαίνει.
603 2936 789 2983 ‘fortasse
809 2942 860 2983 ad
880 2941 1097 2994 Phrynichi
1119 2940 1388 2995 Μονότροπον
1408 2937 1610 2993 ρθτιίῃθίῑῖ
1642 2942 1759 2982 Mein.
