2014 3334
299 265 384 306 180
640 274 642 277 ’
937 266 1235 300 ΜΕΝΑΝΔΡΟΤ

1043 398 1129 440 593

512 479 593 521 οὐκ
624 478 711 522 ἔστ’
749 481 936 523 ἄπιστον
968 478 1103 523 οὐδὲν
1136 481 1184 523 ἐν
1214 485 1367 540 θνητῷ
1400 484 1498 540 βίῳ,

512 549 612 593 οὐδ’
649 550 704 593 ἂν
736 551 925 605 γένοιτο.
987 553 1128 595 πολλὰ
1159 554 1375 596 ποικίλλει
1405 556 1566 610 χρόνος

511 622 739 678 παράδοξα
771 621 843 665 καὶ
874 625 1111 679 θαυμαστὰ
1141 622 1214 667 καὶ
1247 625 1421 676 ζώντων
1452 626 1620 681 τρόποι.

418 709 613 748 Stobaeus
646 710 728 748 Ecl.
765 713 801 759 1,
834 705 948 763 8(9)‚
982 712 1035 750 31
1069 710 1270 750 Wachsm.
1315 710 1563 763 Μενάνδρου
1596 711 1627 749 F
1667 707 1736 763 (ad
1767 724 1868 761 mrg.

297 782 333 807 v.
369 770 405 806 2.
439 764 496 822 3.)
533 790 582 795 —
620 771 656 809 2.
689 769 856 808 ποικίλει
887 770 964 808 FP.
1028 771 1067 810 3.
1098 769 1245 823 τρόπον
1276 771 1320 810 F.

1042 910 1131 953 594

513 991 737 1034 ἀδύνατον
769 992 828 1043 ὡς
860 994 980 1035 ἔστιν
1011 1008 1052 1035 τι
1082 999 1210 1054 σῶμα
1240 999 1317 1048 τῆς
1347 993 1498 1048 τύχης·

513 1063 536 1105 ὁ
569 1063 627 1118 μὴ
661 1062 811 1119 φέρων
844 1061 892 1106 δὲ
924 1064 1033 1106 κατὰ
1065 1064 1205 1119 φύσιν
1236 1065 1289 1106 τὰ
1321 1064 1552 1120 πράγματα

512 1135 650 1190 τύχην
681 1137 1013 1191 προσηγόρευσε
1043 1136 1123 1177 τὸν
1156 1134 1315 1178 ἑαυτοῦ
1346 1137 1523 1191 τρόπον.

419 1220 614 1259 Stobaeus
654 1222 736 1260 Eel.
776 1224 820 1272 2,
859 1217 978 1295 8(7),
1012 1224 1036 1261 5
1070 1222 1271 1262 Wachsm.
1322 1222 1581 1275 Μενάνδρου.
1676 1224 1711 1262 1.
1750 1221 1868 1274 τύχης

299 1277 458 1329 Cleric]
496 1286 640 1332 ψυχῆς.
702 1279 903 1320 ἀδύνατον
943 1279 1065 1328 όντως
1101 1280 1179 1321 ἐστὶ
1215 1279 1390 1334 τοῦνομα
1429 1287 1496 1334 τῆς
1527 1298 1557 1321 τ.
1589 1282 1720 1321 Bentl.
1769 1279 1868 1321 ἀδύ-

297 1354 420 1378 νατον
463 1337 516 1386 ὡς
552 1340 618 1380 vix
656 1341 789 1390 potuit
827 1341 956 1379 dicere
994 1342 1221 1380 Menander.
1261 1364 1317 1369 —
1357 1339 1573 1381 ‘fortunam
1617 1337 1733 1380 nihil'
1772 1341 1869 1380 dicit

299 1394 401 1437 esse
445 1399 523 1437 nisi
567 1400 725 1438 inanem
769 1400 968 1451 quandam
1004 1401 1241 1451 imaginem,
1291 1402 1375 1440 sine
1419 1414 1583 1452 corpore
1626 1403 1667 1439 et
1711 1396 1855 1451 specie'
1859 1431 1867 1439 .

299 1459 417 1498 Mein.
452 1461 489 1506 1,
520 1459 726 1498 conferens
759 1459 921 1498 Sueten.
954 1460 1030 1499 Iul.
1063 1460 1174 1499 Caes.
1209 1463 1260 1500 77
1299 1462 1398 1500 nihil
1429 1473 1508 1500 esse
1544 1473 1627 1499 rem
1655 1461 1867 1509 publicam,

299 1519 594 1566 adpellatione‘m
622 1520 744 1568 modo,
776 1521 859 1558 sine
890 1531 1045 1568 corpore
1076 1523 1110 1559 et
1138 1522 1271 1569 specie.

1042 1659 1129 1702 595

513 1739 580 1783 ἀεὶ
613 1737 654 1783 δ’
690 1740 713 1783 ὁ
746 1743 909 1792 σωθείς
941 1740 1060 1784 ἐστιν
1093 1741 1332 1796 ἀχάριστον
1363 1743 1508 1797 φύσει.

512 1811 584 1867 ἅμ’
622 1811 802 1867 ἠλέηται
833 1811 906 1855 καὶ
937 1812 1154 1868 τέθνηκεν
1186 1813 1212 1868 ἡ
1243 1814 1383 1871 χάρις,

510 1882 568 1937 ἣν
601 1884 810 1939 δεόμενος
840 1882 928 1927 τότ’
967 1884 1197 1927 ἀθάνατον
1228 1883 1343 1937 ἕξειν
1375 1886 1472 1941 ἔφη.

418 1970 613 2009 Stobaeus
648 1970 731 2009 Eel.
767 1973 804 2018 2,
836 1973 910 2023 46,
945 1973 968 2010 9
1002 1971 1205 2011 Waehsm.
1250 1977 1320 2011 τοῦ
1352 1970 1474 2011 αὐτοῦ
1507 1967 1774 2026 (Μενάνδρου
1807 1966 1865 2024 8).

297 2044 335 2069 v.
363 2032 383 2068 1
419 2033 587 2069 monost.
623 2032 690 2069 34.
750 2044 786 2070 v.
816 2032 839 2069 2
873 2033 1042 2070 monost.
1077 2032 1172 2071 645.
1219 2032 1414 2070 Zenobius
1444 2035 1480 2083 1,
1513 2033 1580 2071 81.
1630 2031 1866 2082 Diogenian.

299 2092 338 2140 2,
371 2091 439 2130 29.
489 2088 653 2140 Gregor.
680 2088 799 2140 Cypr.
823 2092 859 2140 1,
892 2092 958 2129 46.
1010 2090 1192 2140 Apostol.
1222 2093 1259 2139 2,
1286 2093 1353 2130 66.
1403 2091 1643 2130 Eustathius
1675 2093 1773 2141 982,
1796 2092 1864 2129 47.

300 2150 427 2200 1256,
459 2150 527 2187 48.
579 2149 820 2188 Schol.Ven.
841 2149 957 2188 Hom.
978 2150 1023 2189 Il.
1049 2152 1115 2200 14,
1135 2152 1219 2190 276
1252 2145 1294 2204 (ὁ
1313 2147 1514 2201 κωμικός).
1558 2151 1707 2190 Auson.
1729 2150 1865 2200 Epigr.

301 2209 384 2247 134
416 2209 473 2247 m‘l
503 2209 653 2247 homine
679 2212 783 2247 terra
800 2211 916 2257 peius
940 2211 1093 2258 inyrato
1119 2213 1243 2248 creat.
1260 2239 1290 2247 ..
1323 2211 1358 2248 si
1383 2211 1476 2258 quid
1492 2212 1637 2258 petenti
1659 2212 1866 2258 promptus

297 2269 381 2316 opis
417 2270 621 2318 impertias,
664 2271 707 2306 ut
747 2270 973 2318 misereare,
1013 2270 1145 2317 qratia
1189 2272 1358 2308 actutum
1393 2271 1508 2318 perit.
1586 2272 1622 2308 1.
1661 2267 1865 2320 ἀχάριστος

297 2329 467 2366 monost.
501 2328 569 2366 34.
650 2329 686 2366 2.
719 2325 802 2378 ἅμα
831 2325 1037 2366 τετέλεσται
1069 2327 1199 2367 Schol.
1231 2328 1346 2367 Hom.
1428 2331 1463 2368 3.
1497 2325 1596 2376 ἕξειν
1624 2327 1675 2377 L]
1709 2327 1864 2379 σχήσειν

297 2386 460 2426 Usener.
522 2400 558 2426 v.
593 2388 630 2425 2.
664 2388 725 2425 3a
758 2389 779 2425 1
815 2389 976 2437 separat
1006 2387 1123 2426 Mein.
1157 2388 1216 2427 ed.
1247 2388 1341 2427 min.

1039 2515 1126 2558 596

512 2598 589 2641 ἐὰν
622 2597 706 2652 ἐγὼ
739 2604 809 2653 φῶ
843 2603 928 2640 νῦν
959 2599 1075 2653 ἔχειν
1106 2599 1349 2654 βακτηρίαν

511 2675 696 2725 χρυσῆν,
727 2671 772 2711 τί
799 2685 874 2724 μοι
907 2660 1172 2725 σεμνότερον
1205 2670 1325 2711 ἔσται
1355 2669 1405 2710 τὸ
1438 2667 1593 2720 ξύλον;

511 2738 675 2796 ἀληθὲς
701 2737 814 2783 εἶναι
848 2741 919 2782 δεῖ
945 2742 994 2783 τὸ
1028 2742 1205 2796 σεμνόν,
1239 2740 1292 2783 οὐ
1323 2741 1466 2783 κενόν.

417 2826 578 2865 Stobaei
611 2827 792 2878 Append.
818 2827 924 2867 Flor.
955 2841 993 2877 p.
1016 2829 1080 2875 76,
1116 2829 1171 2866 20
1203 2822 1260 2878 (p.
1282 2828 1380 2878 242,
1416 2829 1466 2866 13
1483 2840 1538 2877 sq.
1570 2821 1708 2880 Mein.)
1747 2828 1862 2866 Μεν-

297 2885 461 2937 άνδρου.
551 2888 588 2925 2.
620 2885 704 2938 μοι]
746 2897 808 2925 σοι
849 2887 967 2926 Mein.
999 2887 1058 2925 ed.
1090 2887 1182 2925 mai.
1267 2900 1302 2926 v.
1336 2888 1361 2925 3
1395 2899 1419 2924 a
1455 2886 1620 2937 reliquis
1660 2886 1863 2936 separavit,

296 2946 411 2984 Mein.
445 2946 485 2983 in
519 2945 640 2997 Stob„
673 2946 787 2984 cuius
818 2946 875 2984 rei
908 2959 1067 2985 causam
1101 2945 1284 2985 idoneam
1315 2958 1395 2984 non
1425 2945 1554 2985 video.
