<?xml version="1.0" encoding="UTF-8"?>
<!DOCTYPE html PUBLIC "-//W3C//DTD XHTML 1.0 Transitional//EN"
    "http://www.w3.org/TR/xhtml1/DTD/xhtml1-transitional.dtd">
<html xmlns="http://www.w3.org/1999/xhtml" xml:lang="en" lang="en">
 <head>
  <title>
</title>
<meta http-equiv="Content-Type" content="text/html;charset=utf-8" />
  <meta name='ocr-system' content='tesseract 3.04.00' />
  <meta name='ocr-capabilities' content='ocr_page ocr_carea ocr_par ocr_line ocrx_word'/>
</head>
<body>
  <div class='ocr_page' id='page_1' title='image "./comicorumatticor03kockuoft_0268.png"; bbox 0 0 2014 3334; ppageno 0'>
   <div class='ocr_carea' id='block_1_1' title="bbox 251 198 1190 250">
    <p class='ocr_par' dir='ltr' id='par_1_1' title="bbox 251 198 1190 250">
     <span class='ocr_line' id='line_1_1' title="bbox 251 198 1190 250; baseline -0.009 -10"><span class='ocrx_word' id='word_1_1' title='bbox 251 198 337 240; x_wconf 83' lang='lat'><strong><em>248</em></strong></span> <span class='ocrx_word' id='word_1_2' title='bbox 593 245 597 250; x_wconf 25' lang='lat' dir='ltr'><em>s</em></span> <span class='ocrx_word' id='word_1_3' title='bbox 892 200 1190 234; x_wconf 75' lang='lat' dir='ltr'><strong>MENANAPOT</strong></span> 
     </span>
    </p>
   </div>
   <div class='ocr_carea' id='block_1_2' title="bbox 250 309 1822 707">
    <p class='ocr_par' dir='ltr' id='par_1_2' title="bbox 250 309 1822 707">
     <span class='ocr_line' id='line_1_2' title="bbox 994 309 1083 351; baseline 0.011 -1"><span class='ocrx_word' id='word_1_4' title='bbox 994 309 1083 351; x_wconf 84' lang='lat'><strong><em>970</em></strong></span> 
     </span>
     <span class='ocr_line' id='line_1_3' title="bbox 536 379 1042 435; baseline 0.002 -14"><span class='ocrx_word' id='word_1_5' title='bbox 536 379 822 435; x_wconf 83' lang='grc' dir='ltr'><strong><em>ε’πιχειμάζεις</em></strong></span> <span class='ocrx_word' id='word_1_6' title='bbox 855 381 1042 422; x_wconf 83' lang='grc' dir='ltr'><strong><em>σεαυτόν</em></strong></span> 
     </span>
     <span class='ocr_line' id='line_1_4' title="bbox 370 464 1821 519; baseline 0.001 -16"><span class='ocrx_word' id='word_1_7' title='bbox 370 464 613 517; x_wconf 81' lang='grc' dir='ltr'><strong><em>Μένανδρος</em></strong></span> <span class='ocrx_word' id='word_1_8' title='bbox 645 466 799 519; x_wconf 88' lang='grc' dir='ltr'><strong><em>εἴρηκεν</em></strong></span> <span class='ocrx_word' id='word_1_9' title='bbox 831 464 894 505; x_wconf 80' lang='grc' dir='ltr'><strong><em>ἐπὶ</em></strong></span> <span class='ocrx_word' id='word_1_10' title='bbox 923 472 993 506; x_wconf 86' lang='grc' dir='ltr'><strong><em>τοῦ</em></strong></span> <span class='ocrx_word' id='word_1_11' title='bbox 1026 469 1165 506; x_wconf 83' lang='grc' dir='ltr'><strong><em>λυπεῖν</em></strong></span> <span class='ocrx_word' id='word_1_12' title='bbox 1196 497 1205 506; x_wconf 89' lang='grc'><strong>.</strong></span> <span class='ocrx_word' id='word_1_13' title='bbox 1238 497 1246 506; x_wconf 93' lang='grc'><strong>.</strong></span> <span class='ocrx_word' id='word_1_14' title='bbox 1279 497 1288 506; x_wconf 96' lang='grc'><strong>.</strong></span> <span class='ocrx_word' id='word_1_15' title='bbox 1319 464 1496 505; x_wconf 82' lang='grc' dir='ltr'><strong><em>πειστέον</em></strong></span> <span class='ocrx_word' id='word_1_16' title='bbox 1529 464 1571 505; x_wconf 78' lang='grc' dir='ltr'><strong><em>δὲ</em></strong></span> <span class='ocrx_word' id='word_1_17' title='bbox 1601 469 1683 513; x_wconf 85' lang='grc' dir='ltr'><strong><em>τοῖς</em></strong></span> <span class='ocrx_word' id='word_1_18' title='bbox 1714 466 1821 506; x_wconf 81' lang='grc' dir='ltr'><strong><em>δοκί-</em></strong></span> 
     </span>
     <span class='ocr_line' id='line_1_5' title="bbox 252 522 1822 578; baseline 0.001 -14"><span class='ocrx_word' id='word_1_19' title='bbox 252 541 340 576; x_wconf 88' lang='grc' dir='ltr'><strong><em>μοις</em></strong></span> <span class='ocrx_word' id='word_1_20' title='bbox 365 529 446 572; x_wconf 86' lang='grc' dir='ltr'><strong><em>τοῖς</em></strong></span> <span class='ocrx_word' id='word_1_21' title='bbox 476 522 569 576; x_wconf 78' lang='grc' dir='ltr'><strong><em>μηδ’</em></strong></span> <span class='ocrx_word' id='word_1_22' title='bbox 606 525 728 565; x_wconf 80' lang='grc' dir='ltr'><em>εἰδόσι</em></span> <span class='ocrx_word' id='word_1_23' title='bbox 759 523 947 577; x_wconf 69' lang='grc' dir='ltr'><strong><em>τοῦνομα.</em></strong></span> <span class='ocrx_word' id='word_1_24' title='bbox 997 527 1210 576; x_wconf 76' lang='lat' dir='ltr'>Phrynissh.</span> <span class='ocrx_word' id='word_1_25' title='bbox 1242 527 1348 578; x_wconf 71' lang='lat' dir='ltr'>Epit.</span> <span class='ocrx_word' id='word_1_26' title='bbox 1382 528 1480 566; x_wconf 85' lang='lat'><strong><em>387.</em></strong></span> <span class='ocrx_word' id='word_1_27' title='bbox 1530 539 1610 566; x_wconf 89' lang='lat' dir='ltr'><strong><em>non</em></strong></span> <span class='ocrx_word' id='word_1_28' title='bbox 1646 526 1822 577; x_wconf 69' lang='lat' dir='ltr'>pertinet</span> 
     </span>
     <span class='ocr_line' id='line_1_6' title="bbox 251 581 1820 640; baseline 0.001 -17"><span class='ocrx_word' id='word_1_29' title='bbox 251 586 303 624; x_wconf 87' lang='lat' dir='ltr'><strong><em>ad</em></strong></span> <span class='ocrx_word' id='word_1_30' title='bbox 334 586 383 623; x_wconf 84' lang='lat' dir='ltr'><strong><em>fr.</em></strong></span> <span class='ocrx_word' id='word_1_31' title='bbox 416 587 513 636; x_wconf 84' lang='lat'>208,</span> <span class='ocrx_word' id='word_1_32' title='bbox 546 586 743 636; x_wconf 81' lang='lat' dir='ltr'>siquidem</span> <span class='ocrx_word' id='word_1_33' title='bbox 774 587 888 626; x_wconf 83' lang='lat' dir='ltr'>verbi</span> <span class='ocrx_word' id='word_1_34' title='bbox 920 587 1111 636; x_wconf 79' lang='lat' dir='ltr'>simplicis</span> <span class='ocrx_word' id='word_1_35' title='bbox 1138 581 1368 640; x_wconf 79' lang='grc' dir='ltr'>(χειμάζειν)</span> <span class='ocrx_word' id='word_1_36' title='bbox 1402 588 1442 625; x_wconf 71' lang='lat' dir='ltr'><strong><em>eb</em></strong></span> <span class='ocrx_word' id='word_1_37' title='bbox 1467 587 1612 637; x_wconf 70' lang='lat' dir='ltr'>tragici</span> <span class='ocrx_word' id='word_1_38' title='bbox 1644 589 1685 626; x_wconf 71' lang='lat' dir='ltr'><strong><em>et</em></strong></span> <span class='ocrx_word' id='word_1_39' title='bbox 1703 587 1820 625; x_wconf 75' lang='lat' dir='ltr'>Plato</span> 
     </span>
     <span class='ocr_line' id='line_1_7' title="bbox 250 645 1391 707; baseline 0.001 -24"><span class='ocrx_word' id='word_1_40' title='bbox 250 645 513 695; x_wconf 85' lang='lat' dir='ltr'>philosophus</span> <span class='ocrx_word' id='word_1_41' title='bbox 546 646 776 696; x_wconf 81' lang='lat' dir='ltr'>saepissime</span> <span class='ocrx_word' id='word_1_42' title='bbox 808 659 855 685; x_wconf 82' lang='lat' dir='ltr'><strong><em>ea</em></strong></span> <span class='ocrx_word' id='word_1_43' title='bbox 886 646 1178 697; x_wconf 69' lang='lat' dir='ltr'>significatione</span> <span class='ocrx_word' id='word_1_44' title='bbox 1209 648 1391 707; x_wconf 59' lang='lat' dir='ltr'>utuntpur.</span> 
     </span>
    </p>
   </div>
   <div class='ocr_carea' id='block_1_3' title="bbox 537 750 1078 866">
    <p class='ocr_par' dir='ltr' id='par_1_3' title="bbox 537 750 1078 866">
     <span class='ocr_line' id='line_1_8' title="bbox 996 750 1078 792; baseline 0 0"><span class='ocrx_word' id='word_1_45' title='bbox 996 750 1078 792; x_wconf 98' lang='lat'>971</span> 
     </span>
     <span class='ocr_line' id='line_1_9' title="bbox 537 809 809 866; baseline 0 -14"><span class='ocrx_word' id='word_1_46' title='bbox 537 809 581 860; x_wconf 83' lang='grc' dir='ltr'><strong><em>ἐς</em></strong></span> <span class='ocrx_word' id='word_1_47' title='bbox 611 811 809 866; x_wconf 32' lang='grc' dir='ltr'><strong><em>κόρακας,</em></strong></span> 
     </span>
    </p>
   </div>
   <div class='ocr_carea' id='block_1_4' title="bbox 252 894 1823 1128">
    <p class='ocr_par' dir='ltr' id='par_1_4' title="bbox 252 894 1822 1128">
     <span class='ocr_line' id='line_1_10' title="bbox 370 894 1822 951; baseline 0 -16"><span class='ocrx_word' id='word_1_48' title='bbox 370 895 413 935; x_wconf 84' lang='grc' dir='ltr'><strong><em>ἐν</em></strong></span> <span class='ocrx_word' id='word_1_49' title='bbox 454 896 647 951; x_wconf 76' lang='grc' dir='ltr'><em>Θεσσαλίᾳ</em></span> <span class='ocrx_word' id='word_1_50' title='bbox 684 895 802 943; x_wconf 82' lang='grc' dir='ltr'><strong>τόπος</strong></span> <span class='ocrx_word' id='word_1_51' title='bbox 840 895 918 935; x_wconf 82' lang='grc' dir='ltr'><strong><em>ἐστὶ</em></strong></span> <span class='ocrx_word' id='word_1_52' title='bbox 954 895 1150 949; x_wconf 88' lang='grc' dir='ltr'><strong><em>Κόρακες,</em></strong></span> <span class='ocrx_word' id='word_1_53' title='bbox 1188 896 1289 936; x_wconf 81' lang='grc' dir='ltr'><strong><em>ὅπου</em></strong></span> <span class='ocrx_word' id='word_1_54' title='bbox 1327 896 1419 944; x_wconf 82' lang='grc' dir='ltr'><strong><em>τοὺς</em></strong></span> <span class='ocrx_word' id='word_1_55' title='bbox 1455 895 1703 949; x_wconf 81' lang='grc' dir='ltr'><strong><em>κακούργους</em></strong></span> <span class='ocrx_word' id='word_1_56' title='bbox 1740 894 1822 936; x_wconf 81' lang='grc' dir='ltr'><strong><em>ἐνέ-</em></strong></span> 
     </span>
     <span class='ocr_line' id='line_1_11' title="bbox 252 954 1823 1029; baseline 0 -34"><span class='ocrx_word' id='word_1_57' title='bbox 252 957 408 1007; x_wconf 85' lang='grc' dir='ltr'><strong><em>βαλλον.</em></strong></span> <span class='ocrx_word' id='word_1_58' title='bbox 460 955 557 995; x_wconf 78' lang='grc' dir='ltr'><strong><em>ὅθεν</em></strong></span> <span class='ocrx_word' id='word_1_59' title='bbox 583 954 608 1007; x_wconf 78' lang='grc' dir='ltr'>ἡ</span> <span class='ocrx_word' id='word_1_60' title='bbox 640 957 842 1009; x_wconf 81' lang='grc' dir='ltr'><strong><em>παροιμία.</em></strong></span> <span class='ocrx_word' id='word_1_61' title='bbox 898 954 1089 1007; x_wconf 81' lang='grc' dir='ltr'><strong><em>μέμνηται</em></strong></span> <span class='ocrx_word' id='word_1_62' title='bbox 1120 955 1162 996; x_wconf 78' lang='grc' dir='ltr'><strong><em>δὲ</em></strong></span> <span class='ocrx_word' id='word_1_63' title='bbox 1194 956 1336 1008; x_wconf 80' lang='grc' dir='ltr'><strong><em>ταύτης</em></strong></span> <span class='ocrx_word' id='word_1_64' title='bbox 1366 954 1607 1008; x_wconf 81' lang='grc' dir='ltr'><strong><em>Μένανδρος</em></strong></span> <span class='ocrx_word' id='word_1_65' title='bbox 1639 962 1823 1029; x_wconf 49' lang='grc' dir='ltr'><strong><em>συνεχῶς,</em></strong></span> 
     </span>
     <span class='ocr_line' id='line_1_12' title="bbox 254 1012 1821 1071; baseline 0.001 -17"><span class='ocrx_word' id='word_1_66' title='bbox 254 1017 452 1055; x_wconf 78' lang='lat' dir='ltr'>zenobius</span> <span class='ocrx_word' id='word_1_67' title='bbox 481 1019 518 1066; x_wconf 91' lang='lat'><strong><em>3,</em></strong></span> <span class='ocrx_word' id='word_1_68' title='bbox 540 1019 608 1055; x_wconf 89' lang='lat'><strong><em>87.</em></strong></span> <span class='ocrx_word' id='word_1_69' title='bbox 659 1017 856 1055; x_wconf 82' lang='lat' dir='ltr'>Zenobius</span> <span class='ocrx_word' id='word_1_70' title='bbox 888 1017 1037 1055; x_wconf 77' lang='lat' dir='ltr'>Milleri</span> <span class='ocrx_word' id='word_1_71' title='bbox 1068 1012 1293 1071; x_wconf 72' lang='lat' dir='ltr'>(Melanges</span> <span class='ocrx_word' id='word_1_72' title='bbox 1321 1013 1425 1069; x_wconf 81' lang='lat'><strong><em>356)</em></strong></span> <span class='ocrx_word' id='word_1_73' title='bbox 1464 1015 1503 1064; x_wconf 81' lang='grc' dir='ltr'><strong><em>ἐς</em></strong></span> <span class='ocrx_word' id='word_1_74' title='bbox 1534 1015 1715 1069; x_wconf 87' lang='grc' dir='ltr'><strong><em>κόρακας.</em></strong></span> <span class='ocrx_word' id='word_1_75' title='bbox 1755 1014 1821 1068; x_wconf 85' lang='grc' dir='ltr'><strong><em>μέ-</em></strong></span> 
     </span>
     <span class='ocr_line' id='line_1_13' title="bbox 253 1073 853 1128; baseline 0 -14"><span class='ocrx_word' id='word_1_76' title='bbox 253 1090 394 1127; x_wconf 88' lang='grc' dir='ltr'><strong><em>μνηται</em></strong></span> <span class='ocrx_word' id='word_1_77' title='bbox 425 1075 568 1127; x_wconf 81' lang='grc' dir='ltr'><strong><em>ταύτης</em></strong></span> <span class='ocrx_word' id='word_1_78' title='bbox 598 1073 853 1128; x_wconf 81' lang='grc' dir='ltr'><strong><em>Μένανδρος.</em></strong></span> 
     </span>
    </p>
   </div>
   <div class='ocr_carea' id='block_1_5' title="bbox 999 1157 1085 1199">
    <p class='ocr_par' dir='ltr' id='par_1_5' title="bbox 999 1157 1085 1199">
     <span class='ocr_line' id='line_1_14' title="bbox 999 1157 1085 1199; baseline 0 0"><span class='ocrx_word' id='word_1_79' title='bbox 999 1157 1085 1199; x_wconf 84' lang='grc'><strong><em>972</em></strong></span> 
     </span>
    </p>
   </div>
   <div class='ocr_carea' id='block_1_6' title="bbox 537 1227 1052 1285">
    <p class='ocr_par' dir='ltr' id='par_1_6' title="bbox 537 1227 1052 1285">
     <span class='ocr_line' id='line_1_15' title="bbox 537 1227 1052 1285; baseline 0.002 -15"><span class='ocrx_word' id='word_1_80' title='bbox 537 1227 760 1278; x_wconf 81' lang='grc' dir='ltr'><strong><em>καυνάκας</em></strong></span> <span class='ocrx_word' id='word_1_81' title='bbox 789 1234 1052 1285; x_wconf 76' lang='grc' dir='ltr'><strong><em>πορφυροῦς</em></strong></span> 
     </span>
    </p>
   </div>
   <div class='ocr_carea' id='block_1_7' title="bbox 251 1312 1824 1487">
    <p class='ocr_par' dir='ltr' id='par_1_7' title="bbox 251 1312 1824 1487">
     <span class='ocr_line' id='line_1_16' title="bbox 373 1312 1822 1367; baseline 0.001 -14"><span class='ocrx_word' id='word_1_82' title='bbox 373 1313 436 1354; x_wconf 82' lang='grc' dir='ltr'><strong><em>ἐπὶ</em></strong></span> <span class='ocrx_word' id='word_1_83' title='bbox 474 1314 709 1367; x_wconf 78' lang='grc' dir='ltr'><strong><em>στρωμάτων</em></strong></span> <span class='ocrx_word' id='word_1_84' title='bbox 748 1312 991 1367; x_wconf 82' lang='grc' dir='ltr'><strong><em>Μένανδρος</em></strong></span> <span class='ocrx_word' id='word_1_85' title='bbox 1029 1312 1245 1366; x_wconf 85' lang='grc' dir='ltr'><strong><em>ὠνόμασεν.</em></strong></span> <span class='ocrx_word' id='word_1_86' title='bbox 1308 1315 1451 1353; x_wconf 87' lang='lat' dir='ltr'>Pollux</span> <span class='ocrx_word' id='word_1_87' title='bbox 1486 1317 1526 1365; x_wconf 83' lang='lat'><strong><em>6,</em></strong></span> <span class='ocrx_word' id='word_1_88' title='bbox 1561 1318 1626 1354; x_wconf 93' lang='lat'>11.</span> <span class='ocrx_word' id='word_1_89' title='bbox 1668 1318 1734 1365; x_wconf 92' lang='grc'><strong><em>10,</em></strong></span> <span class='ocrx_word' id='word_1_90' title='bbox 1768 1318 1822 1355; x_wconf 87' lang='grc'><strong><em>23</em></strong></span> 
     </span>
     <span class='ocr_line' id='line_1_17' title="bbox 253 1373 1824 1430; baseline 0 -16"><span class='ocrx_word' id='word_1_91' title='bbox 253 1375 295 1414; x_wconf 83' lang='grc' dir='ltr'><strong><em>οἵ</em></strong></span> <span class='ocrx_word' id='word_1_92' title='bbox 314 1373 421 1426; x_wconf 77' lang='grc' dir='ltr'><strong><em>παρὰ</em></strong></span> <span class='ocrx_word' id='word_1_93' title='bbox 442 1374 673 1430; x_wconf 80' lang='grc' dir='ltr'><strong><em>Μενάνδρῳ</em></strong></span> <span class='ocrx_word' id='word_1_94' title='bbox 704 1373 913 1413; x_wconf 84' lang='grc' dir='ltr'><strong><em>καυνάκαι.</em></strong></span> <span class='ocrx_word' id='word_1_95' title='bbox 968 1375 1075 1414; x_wconf 86' lang='lat' dir='ltr'>idem</span> <span class='ocrx_word' id='word_1_96' title='bbox 1108 1378 1145 1425; x_wconf 94' lang='lat'><strong><em>7,</em></strong></span> <span class='ocrx_word' id='word_1_97' title='bbox 1179 1376 1233 1414; x_wconf 89' lang='lat'><strong><em>59</em></strong></span> <span class='ocrx_word' id='word_1_98' title='bbox 1266 1374 1469 1425; x_wconf 88' lang='grc' dir='ltr'><strong><em>καυνάκης</em></strong></span> <span class='ocrx_word' id='word_1_99' title='bbox 1500 1376 1679 1427; x_wconf 84' lang='grc' dir='ltr'><strong><em>Περσῶν.</em></strong></span> <span class='ocrx_word' id='word_1_100' title='bbox 1709 1378 1746 1423; x_wconf 92' lang='lat'><strong><em>7,</em></strong></span> <span class='ocrx_word' id='word_1_101' title='bbox 1768 1377 1824 1414; x_wconf 88' lang='grc'><strong><em>60</em></strong></span> 
     </span>
     <span class='ocr_line' id='line_1_18' title="bbox 251 1432 1824 1487; baseline 0 -13"><span class='ocrx_word' id='word_1_102' title='bbox 251 1435 523 1487; x_wconf 85' lang='grc' dir='ltr'><strong><em>Βαβυλωνίων</em></strong></span> <span class='ocrx_word' id='word_1_103' title='bbox 556 1432 658 1473; x_wconf 81' lang='grc' dir='ltr'><strong><em>ἐστὶν</em></strong></span> <span class='ocrx_word' id='word_1_104' title='bbox 690 1432 711 1474; x_wconf 85' lang='grc' dir='ltr'><em>ὅ</em></span> <span class='ocrx_word' id='word_1_105' title='bbox 742 1433 957 1485; x_wconf 84' lang='grc' dir='ltr'><strong><em>καυνάκης.</em></strong></span> <span class='ocrx_word' id='word_1_106' title='bbox 1007 1436 1055 1474; x_wconf 84' lang='lat' dir='ltr'><strong><em>cf.</em></strong></span> <span class='ocrx_word' id='word_1_107' title='bbox 1079 1434 1250 1485; x_wconf 81' lang='lat' dir='ltr'>Hesych.</span> <span class='ocrx_word' id='word_1_108' title='bbox 1276 1434 1392 1474; x_wconf 81' lang='lat' dir='ltr'>Phot.</span> <span class='ocrx_word' id='word_1_109' title='bbox 1417 1434 1541 1474; x_wconf 75' lang='lat' dir='ltr'>Arist.</span> <span class='ocrx_word' id='word_1_110' title='bbox 1556 1434 1676 1486; x_wconf 82' lang='lat' dir='ltr'>Vesp.</span> <span class='ocrx_word' id='word_1_111' title='bbox 1698 1437 1824 1475; x_wconf 87' lang='lat'>1137.</span> 
     </span>
    </p>
   </div>
   <div class='ocr_carea' id='block_1_8' title="bbox 539 1550 1083 1667">
    <p class='ocr_par' dir='ltr' id='par_1_8' title="bbox 539 1550 1083 1667">
     <span class='ocr_line' id='line_1_19' title="bbox 997 1550 1083 1592; baseline 0 0"><span class='ocrx_word' id='word_1_112' title='bbox 997 1550 1083 1592; x_wconf 88' lang='lat'><strong><em>973</em></strong></span> 
     </span>
     <span class='ocr_line' id='line_1_20' title="bbox 539 1613 909 1667; baseline 0 -14"><span class='ocrx_word' id='word_1_113' title='bbox 539 1613 708 1667; x_wconf 85' lang='grc' dir='ltr'><strong><em>μᾶλλον</em></strong></span> <span class='ocrx_word' id='word_1_114' title='bbox 739 1613 909 1666; x_wconf 83' lang='grc' dir='ltr'><strong><em>μᾶλλον</em></strong></span> 
     </span>
    </p>
   </div>
   <div class='ocr_carea' id='block_1_9' title="bbox 253 1694 1823 1866">
    <p class='ocr_par' dir='ltr' id='par_1_9' title="bbox 253 1694 1823 1866">
     <span class='ocr_line' id='line_1_21' title="bbox 373 1694 1823 1750; baseline -0.001 -13"><span class='ocrx_word' id='word_1_115' title='bbox 373 1697 498 1745; x_wconf 75' lang='grc' dir='ltr'><strong><em>οὕτως</em></strong></span> <span class='ocrx_word' id='word_1_116' title='bbox 538 1695 719 1750; x_wconf 82' lang='grc' dir='ltr'><strong><em>λέγουσιν</em></strong></span> <span class='ocrx_word' id='word_1_117' title='bbox 761 1695 859 1736; x_wconf 76' lang='grc' dir='ltr'><strong><em>ἄνευ</em></strong></span> <span class='ocrx_word' id='word_1_118' title='bbox 902 1702 972 1736; x_wconf 82' lang='grc' dir='ltr'><strong><em>τοῦ</em></strong></span> <span class='ocrx_word' id='word_1_119' title='bbox 1015 1696 1085 1735; x_wconf 88' lang='grc' dir='ltr'><strong><em>καί</em></strong></span> <span class='ocrx_word' id='word_1_120' title='bbox 1124 1694 1360 1748; x_wconf 79' lang='grc' dir='ltr'><strong><em>συνδέσμου.</em></strong></span> <span class='ocrx_word' id='word_1_121' title='bbox 1422 1695 1525 1735; x_wconf 73' lang='grc' dir='ltr'><strong><em>οὕτω</em></strong></span> <span class='ocrx_word' id='word_1_122' title='bbox 1569 1694 1823 1748; x_wconf 82' lang='grc' dir='ltr'><strong><em>Μένανδρος.</em></strong></span> 
     </span>
     <span class='ocr_line' id='line_1_22' title="bbox 253 1756 1823 1807; baseline -0.001 -11"><span class='ocrx_word' id='word_1_123' title='bbox 253 1759 422 1797; x_wconf 69' lang='lat' dir='ltr'>Photius</span> <span class='ocrx_word' id='word_1_124' title='bbox 462 1759 564 1806; x_wconf 89' lang='grc'>244,</span> <span class='ocrx_word' id='word_1_125' title='bbox 600 1760 676 1807; x_wconf 81' lang='grc'><strong><em>21,</em></strong></span> <span class='ocrx_word' id='word_1_126' title='bbox 714 1758 783 1797; x_wconf 83' lang='lat' dir='ltr'><strong><em>sed</em></strong></span> <span class='ocrx_word' id='word_1_127' title='bbox 820 1758 903 1796; x_wconf 82' lang='lat' dir='ltr'>cod.</span> <span class='ocrx_word' id='word_1_128' title='bbox 943 1757 1065 1795; x_wconf 83' lang='lat' dir='ltr'><strong>semel</strong></span> <span class='ocrx_word' id='word_1_129' title='bbox 1105 1758 1264 1807; x_wconf 81' lang='grc' dir='ltr'><strong><em>μᾶλλον.</em></strong></span> <span class='ocrx_word' id='word_1_130' title='bbox 1340 1757 1387 1795; x_wconf 77' lang='lat' dir='ltr'><strong><em>cf,</em></strong></span> <span class='ocrx_word' id='word_1_131' title='bbox 1419 1756 1543 1795; x_wconf 61' lang='lat' dir='ltr'><strong><em>Aris&#39;zt.</em></strong></span> <span class='ocrx_word' id='word_1_132' title='bbox 1571 1757 1670 1797; x_wconf 86' lang='lat' dir='ltr'>Rau.</span> <span class='ocrx_word' id='word_1_133' title='bbox 1699 1758 1823 1801; x_wconf 90' lang='grc'><strong><em>1001.</em></strong></span> 
     </span>
     <span class='ocr_line' id='line_1_23' title="bbox 255 1818 1484 1866; baseline -0.001 -10"><span class='ocrx_word' id='word_1_134' title='bbox 255 1818 413 1857; x_wconf 81' lang='lat' dir='ltr'>Anaxil.</span> <span class='ocrx_word' id='word_1_135' title='bbox 447 1820 515 1857; x_wconf 87' lang='grc'><strong><em>32.</em></strong></span> <span class='ocrx_word' id='word_1_136' title='bbox 566 1818 689 1856; x_wconf 74' lang='lat' dir='ltr'>etiam</span> <span class='ocrx_word' id='word_1_137' title='bbox 721 1818 991 1856; x_wconf 84' lang='lat' dir='ltr'>Romanorum</span> <span class='ocrx_word' id='word_1_138' title='bbox 1022 1818 1164 1866; x_wconf 77' lang='lat' dir='ltr'>poetae</span> <span class='ocrx_word' id='word_1_139' title='bbox 1194 1818 1319 1866; x_wconf 74' lang='lat' dir='ltr'><strong><em>mayz&#39;s</em></strong></span> <span class='ocrx_word' id='word_1_140' title='bbox 1349 1819 1484 1866; x_wconf 75' lang='lat' dir='ltr'><strong><em>mayis.</em></strong></span> 
     </span>
    </p>
   </div>
   <div class='ocr_carea' id='block_1_10' title="bbox 539 1921 1081 2050">
    <p class='ocr_par' dir='ltr' id='par_1_10' title="bbox 539 1921 1081 2050">
     <span class='ocr_line' id='line_1_24' title="bbox 994 1921 1081 1963; baseline 0 -1"><span class='ocrx_word' id='word_1_141' title='bbox 994 1921 1019 1962; x_wconf 88' lang='lat'>9</span> <span class='ocrx_word' id='word_1_142' title='bbox 1026 1921 1081 1963; x_wconf 87' lang='lat'><strong><em>74</em></strong></span> 
     </span>
     <span class='ocr_line' id='line_1_25' title="bbox 539 1990 1038 2050; baseline -0.002 -15"><span class='ocrx_word' id='word_1_143' title='bbox 539 1990 779 2049; x_wconf 73' lang='grc' dir='ltr'><strong><em>μελαγχρὲς</em></strong></span> <span class='ocrx_word' id='word_1_144' title='bbox 808 1992 1038 2050; x_wconf 86' lang='grc' dir='ltr'><strong><em>μειράκιον</em></strong></span> 
     </span>
    </p>
   </div>
   <div class='ocr_carea' id='block_1_11' title="bbox 254 2075 1826 2370">
    <p class='ocr_par' dir='ltr' id='par_1_11' title="bbox 254 2075 1826 2370">
     <span class='ocr_line' id='line_1_26' title="bbox 373 2075 1826 2133; baseline 0 -15"><span class='ocrx_word' id='word_1_145' title='bbox 373 2081 612 2119; x_wconf 74' lang='lat' dir='ltr'>Eustathius</span> <span class='ocrx_word' id='word_1_146' title='bbox 636 2082 763 2130; x_wconf 87' lang='lat'>1799,</span> <span class='ocrx_word' id='word_1_147' title='bbox 786 2082 839 2119; x_wconf 86' lang='grc'><strong><em>16</em></strong></span> <span class='ocrx_word' id='word_1_148' title='bbox 867 2075 1035 2126; x_wconf 83' lang='grc' dir='ltr'><strong><em>Ἀττικὸς</em></strong></span> <span class='ocrx_word' id='word_1_149' title='bbox 1068 2076 1109 2118; x_wconf 81' lang='grc' dir='ltr'><strong><em>δὲ</em></strong></span> <span class='ocrx_word' id='word_1_150' title='bbox 1135 2077 1236 2131; x_wconf 82' lang='grc' dir='ltr'><strong><em>ἀνὴρ</em></strong></span> <span class='ocrx_word' id='word_1_151' title='bbox 1263 2078 1304 2118; x_wconf 91' lang='grc' dir='ltr'><strong><em>τὸ</em></strong></span> <span class='ocrx_word' id='word_1_152' title='bbox 1331 2077 1585 2132; x_wconf 76' lang='grc' dir='ltr'><strong><em>μελαγχροιὴς</em></strong></span> <span class='ocrx_word' id='word_1_153' title='bbox 1610 2077 1826 2133; x_wconf 82' lang='grc' dir='ltr'><strong><em>μελαγχρὴς</em></strong></span> 
     </span>
     <span class='ocr_line' id='line_1_27' title="bbox 254 2137 1825 2193; baseline 0 -15"><span class='ocrx_word' id='word_1_154' title='bbox 254 2137 364 2192; x_wconf 86' lang='grc' dir='ltr'><strong><em>λέγει.</em></strong></span> <span class='ocrx_word' id='word_1_155' title='bbox 416 2139 513 2179; x_wconf 80' lang='grc' dir='ltr'><strong><em>ὅθεν</em></strong></span> <span class='ocrx_word' id='word_1_156' title='bbox 540 2138 605 2179; x_wconf 84' lang='grc' dir='ltr'><strong><em>καὶ</em></strong></span> <span class='ocrx_word' id='word_1_157' title='bbox 625 2138 868 2193; x_wconf 82' lang='grc' dir='ltr'><strong><em>Μένανδρος</em></strong></span> <span class='ocrx_word' id='word_1_158' title='bbox 888 2156 925 2191; x_wconf 93' lang='grc' dir='ltr'><strong><em>μ.</em></strong></span> <span class='ocrx_word' id='word_1_159' title='bbox 946 2155 984 2190; x_wconf 86' lang='grc' dir='ltr'><strong><em>μ.</em></strong></span> <span class='ocrx_word' id='word_1_160' title='bbox 1027 2139 1156 2178; x_wconf 80' lang='lat' dir='ltr'>Schol.</span> <span class='ocrx_word' id='word_1_161' title='bbox 1177 2139 1291 2178; x_wconf 89' lang='lat' dir='ltr'>Hom.</span> <span class='ocrx_word' id='word_1_162' title='bbox 1307 2138 1379 2178; x_wconf 82' lang='lat' dir='ltr'><strong><em>Od.</em></strong></span> <span class='ocrx_word' id='word_1_163' title='bbox 1397 2141 1463 2188; x_wconf 89' lang='grc'><strong><em>16,</em></strong></span> <span class='ocrx_word' id='word_1_164' title='bbox 1486 2141 1568 2179; x_wconf 87' lang='lat'><strong><em>175</em></strong></span> <span class='ocrx_word' id='word_1_165' title='bbox 1597 2137 1825 2192; x_wconf 83' lang='grc' dir='ltr'><strong><em>μελαγχρής,</em></strong></span> 
     </span>
     <span class='ocr_line' id='line_1_28' title="bbox 254 2193 1823 2253; baseline -0.001 -15"><span class='ocrx_word' id='word_1_166' title='bbox 254 2197 306 2246; x_wconf 81' lang='grc' dir='ltr'><strong><em>ὡς</em></strong></span> <span class='ocrx_word' id='word_1_167' title='bbox 333 2197 511 2246; x_wconf 73' lang='grc' dir='ltr'><strong><em>Εὔπολις</em></strong></span> <span class='ocrx_word' id='word_1_168' title='bbox 531 2195 670 2253; x_wconf 80' lang='lat'>(430).</span> <span class='ocrx_word' id='word_1_169' title='bbox 719 2198 785 2238; x_wconf 84' lang='grc' dir='ltr'><strong><em>καὶ</em></strong></span> <span class='ocrx_word' id='word_1_170' title='bbox 810 2198 852 2238; x_wconf 89' lang='grc' dir='ltr'><strong><em>τὸ</em></strong></span> <span class='ocrx_word' id='word_1_171' title='bbox 879 2196 1087 2252; x_wconf 79' lang='grc' dir='ltr'><strong><em>οὐδέτερον</em></strong></span> <span class='ocrx_word' id='word_1_172' title='bbox 1113 2196 1356 2250; x_wconf 76' lang='grc' dir='ltr'><strong><em>Μένανδρος</em></strong></span> <span class='ocrx_word' id='word_1_173' title='bbox 1381 2193 1478 2248; x_wconf 81' lang='grc' dir='ltr'><strong><em>εἷπε,</em></strong></span> <span class='ocrx_word' id='word_1_174' title='bbox 1510 2214 1547 2249; x_wconf 90' lang='grc' dir='ltr'><strong><em>μ.</em></strong></span> <span class='ocrx_word' id='word_1_175' title='bbox 1568 2214 1605 2249; x_wconf 91' lang='grc' dir='ltr'><strong><em>μ.</em></strong></span> <span class='ocrx_word' id='word_1_176' title='bbox 1651 2198 1823 2237; x_wconf 83' lang='lat' dir='ltr'>Cramer.</span> 
     </span>
     <span class='ocr_line' id='line_1_29' title="bbox 254 2256 1823 2310; baseline -0.001 -12"><span class='ocrx_word' id='word_1_177' title='bbox 254 2260 403 2298; x_wconf 79' lang='lat' dir='ltr'>Anecd.</span> <span class='ocrx_word' id='word_1_178' title='bbox 435 2259 524 2298; x_wconf 86' lang='lat' dir='ltr'>Par.</span> <span class='ocrx_word' id='word_1_179' title='bbox 557 2259 619 2297; x_wconf 93' lang='grc' dir='ltr'><strong><em>ΙΙΙ</em></strong></span> <span class='ocrx_word' id='word_1_180' title='bbox 651 2261 735 2298; x_wconf 88' lang='grc'><strong><em>498</em></strong></span> <span class='ocrx_word' id='word_1_181' title='bbox 769 2256 1014 2310; x_wconf 81' lang='grc' dir='ltr'><strong><em>Μένανδρος</em></strong></span> <span class='ocrx_word' id='word_1_182' title='bbox 1045 2257 1173 2309; x_wconf 85' lang='grc' dir='ltr'><strong><em>εἴρηκε</em></strong></span> <span class='ocrx_word' id='word_1_183' title='bbox 1204 2273 1242 2309; x_wconf 93' lang='grc' dir='ltr'><strong><em>μ.</em></strong></span> <span class='ocrx_word' id='word_1_184' title='bbox 1263 2273 1301 2308; x_wconf 92' lang='grc' dir='ltr'><strong><em>μ.</em></strong></span> <span class='ocrx_word' id='word_1_185' title='bbox 1351 2258 1400 2296; x_wconf 86' lang='lat' dir='ltr'><strong><em>cf.</em></strong></span> <span class='ocrx_word' id='word_1_186' title='bbox 1433 2258 1582 2297; x_wconf 68' lang='lat' dir='ltr'>Crabin.</span> <span class='ocrx_word' id='word_1_187' title='bbox 1603 2259 1701 2297; x_wconf 85' lang='lat'>425.</span> <span class='ocrx_word' id='word_1_188' title='bbox 1743 2261 1823 2296; x_wconf 89' lang='lat' dir='ltr'><strong><em>An-</em></strong></span> 
     </span>
     <span class='ocr_line' id='line_1_30' title="bbox 254 2318 1464 2370; baseline 0 -13"><span class='ocrx_word' id='word_1_189' title='bbox 254 2319 406 2369; x_wconf 80' lang='lat' dir='ltr'>tiphan.</span> <span class='ocrx_word' id='word_1_190' title='bbox 443 2321 539 2370; x_wconf 89' lang='lat'>135,</span> <span class='ocrx_word' id='word_1_191' title='bbox 574 2321 610 2359; x_wconf 91' lang='lat'><strong><em>3.</em></strong></span> <span class='ocrx_word' id='word_1_192' title='bbox 661 2319 837 2357; x_wconf 82' lang='lat' dir='ltr'>Polioch.</span> <span class='ocrx_word' id='word_1_193' title='bbox 870 2321 908 2357; x_wconf 92' lang='lat'><strong><em>2.</em></strong></span> <span class='ocrx_word' id='word_1_194' title='bbox 958 2318 1130 2357; x_wconf 73' lang='lat' dir='ltr'>Lobeok.</span> <span class='ocrx_word' id='word_1_195' title='bbox 1162 2318 1335 2367; x_wconf 88' lang='lat' dir='ltr'>Paralip.</span> <span class='ocrx_word' id='word_1_196' title='bbox 1369 2319 1464 2357; x_wconf 84' lang='lat'>256.</span> 
     </span>
    </p>
   </div>
   <div class='ocr_carea' id='block_1_12' title="bbox 540 2422 1086 2537">
    <p class='ocr_par' dir='ltr' id='par_1_12' title="bbox 540 2422 1086 2537">
     <span class='ocr_line' id='line_1_31' title="bbox 999 2422 1086 2464; baseline 0.011 -1"><span class='ocrx_word' id='word_1_197' title='bbox 999 2422 1086 2464; x_wconf 90' lang='lat'><strong><em>975</em></strong></span> 
     </span>
     <span class='ocr_line' id='line_1_32' title="bbox 540 2479 777 2537; baseline -0.004 -13"><span class='ocrx_word' id='word_1_198' title='bbox 540 2481 594 2524; x_wconf 90' lang='grc' dir='ltr'><strong><em>οὐ</em></strong></span> <span class='ocrx_word' id='word_1_199' title='bbox 625 2479 777 2537; x_wconf 85' lang='grc' dir='ltr'><strong><em>μηκέτι</em></strong></span> 
     </span>
    </p>
   </div>
   <div class='ocr_carea' id='block_1_13' title="bbox 376 2564 1283 2621">
    <p class='ocr_par' dir='ltr' id='par_1_13' title="bbox 376 2564 1283 2621">
     <span class='ocr_line' id='line_1_33' title="bbox 376 2564 1283 2621; baseline -0.002 -14"><span class='ocrx_word' id='word_1_200' title='bbox 376 2567 463 2608; x_wconf 86' lang='grc' dir='ltr'><strong><em>ἀντὶ</em></strong></span> <span class='ocrx_word' id='word_1_201' title='bbox 493 2573 563 2608; x_wconf 82' lang='grc' dir='ltr'><strong><em>τοῦ</em></strong></span> <span class='ocrx_word' id='word_1_202' title='bbox 595 2566 736 2608; x_wconf 79' lang='grc' dir='ltr'><strong><em>οὐκέτι.</em></strong></span> <span class='ocrx_word' id='word_1_203' title='bbox 793 2564 1048 2621; x_wconf 80' lang='grc' dir='ltr'><strong><em>Μένανδρος.</em></strong></span> <span class='ocrx_word' id='word_1_204' title='bbox 1105 2567 1283 2617; x_wconf 63' lang='grc' dir='ltr'><strong><em>Ρὶιοίξὶαε.</em></strong></span> 
     </span>
    </p>
   </div>
   <div class='ocr_carea' id='block_1_14' title="bbox 539 2684 1084 2800">
    <p class='ocr_par' dir='ltr' id='par_1_14' title="bbox 539 2684 1084 2800">
     <span class='ocr_line' id='line_1_34' title="bbox 539 2684 1084 2800; baseline -0.002 -14"><span class='ocrx_word' id='word_1_205' title='bbox 539 2744 730 2786; x_wconf 85' lang='grc' dir='ltr'><strong><em>παλαιὸν</em></strong></span> <span class='ocrx_word' id='word_1_206' title='bbox 761 2684 1084 2800; x_wconf 68' lang='grc' dir='ltr'><strong><em>ἐντραγεῖν976</em></strong></span> 
     </span>
    </p>
   </div>
   <div class='ocr_carea' id='block_1_15' title="bbox 256 2809 1821 2942">
    <p class='ocr_par' dir='ltr' id='par_1_15' title="bbox 256 2809 1821 2942">
     <span class='ocr_line' id='line_1_35' title="bbox 375 2809 1820 2882; baseline -0.003 -13"><span class='ocrx_word' id='word_1_207' title='bbox 375 2831 502 2869; x_wconf 78' lang='lat' dir='ltr'>Schol.</span> <span class='ocrx_word' id='word_1_208' title='bbox 523 2831 728 2880; x_wconf 67' lang='lat' dir='ltr'>Aristoph.</span> <span class='ocrx_word' id='word_1_209' title='bbox 749 2831 819 2880; x_wconf 88' lang='lat' dir='ltr'><strong><em>Eq.</em></strong></span> <span class='ocrx_word' id='word_1_210' title='bbox 841 2831 894 2868; x_wconf 87' lang='lat'><strong><em>51</em></strong></span> <span class='ocrx_word' id='word_1_211' title='bbox 929 2809 1109 2881; x_wconf 73' lang='grc' dir='ltr'><strong><em>ἔντραγε.</em></strong></span> <span class='ocrx_word' id='word_1_212' title='bbox 1149 2827 1250 2867; x_wconf 78' lang='grc' dir='ltr'><strong><em>οὕτω</em></strong></span> <span class='ocrx_word' id='word_1_213' title='bbox 1277 2827 1318 2867; x_wconf 88' lang='grc' dir='ltr'><strong><em>τὸ</em></strong></span> <span class='ocrx_word' id='word_1_214' title='bbox 1344 2827 1571 2882; x_wconf 82' lang='grc' dir='ltr'><strong><em>ἀκρατίζειν.</em></strong></span> <span class='ocrx_word' id='word_1_215' title='bbox 1618 2825 1685 2866; x_wconf 85' lang='grc' dir='ltr'><strong><em>καὶ</em></strong></span> <span class='ocrx_word' id='word_1_216' title='bbox 1707 2824 1820 2865; x_wconf 87' lang='grc' dir='ltr'><strong><em>Μέν-</em></strong></span> 
     </span>
     <span class='ocr_line' id='line_1_36' title="bbox 256 2885 1821 2942; baseline -0.002 -13"><span class='ocrx_word' id='word_1_217' title='bbox 256 2890 400 2942; x_wconf 79' lang='grc' dir='ltr'><strong><em>ανδρος</em></strong></span> <span class='ocrx_word' id='word_1_218' title='bbox 419 2893 495 2929; x_wconf 87' lang='grc' dir='ltr'><strong><em>κτλ.</em></strong></span> <span class='ocrx_word' id='word_1_219' title='bbox 546 2891 602 2929; x_wconf 83' lang='lat' dir='ltr'><strong><em>sic</em></strong></span> <span class='ocrx_word' id='word_1_220' title='bbox 622 2890 743 2929; x_wconf 57' lang='lat' dir='ltr'>RVG).</span> <span class='ocrx_word' id='word_1_221' title='bbox 794 2885 878 2928; x_wconf 80' lang='grc' dir='ltr'><strong><em>ἀλλ’</em></strong></span> <span class='ocrx_word' id='word_1_222' title='bbox 902 2887 977 2928; x_wconf 83' lang='grc' dir='ltr'><strong><em>ἐῶν</em></strong></span> <span class='ocrx_word' id='word_1_223' title='bbox 996 2889 1087 2927; x_wconf 87' lang='lat' dir='ltr'>Ald.</span> <span class='ocrx_word' id='word_1_224' title='bbox 1114 2887 1232 2926; x_wconf 85' lang='grc' dir='ltr'><strong><em>πάλιν</em></strong></span> <span class='ocrx_word' id='word_1_225' title='bbox 1251 2889 1302 2927; x_wconf 92' lang='grc' dir='ltr'><strong><em>Μ.</em></strong></span> <span class='ocrx_word' id='word_1_226' title='bbox 1352 2889 1476 2928; x_wconf 85' lang='lat' dir='ltr'>verba</span> <span class='ocrx_word' id='word_1_227' title='bbox 1503 2890 1692 2938; x_wconf 71' lang='lat' dir='ltr'>corrupta</span> <span class='ocrx_word' id='word_1_228' title='bbox 1717 2890 1821 2926; x_wconf 75' lang='lat' dir='ltr'>sunt.</span> 
     </span>
    </p>
   </div>
   <div class='ocr_carea' id='block_1_16' title="bbox 1874 0 2014 307">
    <p class='ocr_par' dir='ltr' id='par_1_16' title="bbox 1874 0 2014 307">
     <span class='ocr_line' id='line_1_37' title="bbox 1874 0 2014 307; baseline 0 3027"><span class='ocrx_word' id='word_1_229' title='bbox 1874 0 2014 307; x_wconf 95' lang='lat' dir='ltr'><strong><em> </em></strong></span> 
     </span>
    </p>
   </div>
  </div>
 </body>
</html>
