2014 3334
765 240 971 278 ΑΔΗΛΩΝ
997 241 1260 278 ΔΡΑΜΑΤῼΝ
1713 242 1801 286 345

979 351 1037 395 28

435 433 588 486 Ἑλλὰς
617 434 700 491 μέν
731 434 824 478 ἐστι
856 436 949 492 μία,
981 437 1132 487 πόλεις
1164 433 1213 479 δὲ
1244 437 1465 487 πλείονες·

436 508 493 550 σὺ
523 504 605 563 μὲν
636 506 877 562 ἀττικίζεις,
909 505 1025 563 ἡνίκ’
1063 506 1120 551 ἂν
1151 508 1311 565 φωνὴν
1342 507 1471 568 λέγῃς

435 578 574 622 αὐτοῦ
604 578 735 633 τινές,
768 579 816 622 οἰ
844 576 887 622 δ’
914 578 1126 636 ’Έλληνες
1157 578 1453 637 ἑλληνίζομεν.

434 652 481 694 τί
507 652 868 708 προσδιατρίβων
900 654 1142 708 συλλαβαῖς
1173 651 1246 695 καὶ
1277 651 1531 709 γράμμασιν

394 734 415 766 5
434 723 516 779 τὴν
547 722 840 780 εὐτραπελίαν
871 724 934 775 εἰς
966 723 1129 780 ἀηδίαν
1160 724 1300 780 &ysam

342 808 645 862 [Dicaearchus]
682 812 719 863 3,
754 813 777 851 7
818 811 859 851 in
892 811 934 852 C.
965 811 1147 851 Mueller.
1180 811 1324 864 Geogr.
1356 813 1450 852 min.
1482 814 1502 852 I
1536 815 1618 854 109
1659 812 1717 853 ὅτι
1759 811 1801 853 δὲ

219 874 328 910 πᾶσα
357 866 411 922 ἣν
441 869 776 923 κατηρνθμήμεθα
794 867 935 919 Ἑλλάς
967 869 1059 922 ἐστι,
1091 875 1286 924 μαρτυρεῖ
1308 869 1407 924 ἡμῖν
1432 870 1452 912 ὅ
1478 878 1557 912 τῶν
1581 874 1802 930 κωμῳδιῶν

219 927 385 982 ποιητὴς
416 930 708 982 Ποσείδιππος,
746 930 1000 984 μεμφόμενος
1033 928 1268 984 Ἀθηναίοις
1299 931 1357 972 ὅτι
1387 930 1460 984 τὴν
1492 931 1624 973 αὑτῶν
1655 932 1800 985 φωνὴν

219 988 286 1030 καὶ
310 988 384 1042 τὴν
408 989 525 1031 πόλιν
549 988 675 1043 φασὶν
693 987 885 1039 Ἑλλάδος
910 986 1025 1043 εἶναι,
1050 990 1174 1045 λέγων
1201 991 1326 1040 οὕτως
1351 995 1429 1032 κτλ.
1487 992 1586 1046 πρὸς
1611 991 1684 1044 μὲν
1709 993 1802 1041 τοὺς

220 1048 293 1102 οὐχ
329 1049 685 1103 ὑπολαμβάνοντας
722 1046 824 1091 εἶναι
860 1049 933 1103 τὴν
975 1052 1186 1092 Θετταλίαν
1222 1058 1291 1105 τῆς
1321 1049 1532 1104 Ἑλλάδος,
1579 1051 1673 1093 οὐδὲ
1709 1053 1803 1102 τοὺς

223 1110 454 1162 Θετταλούς,
473 1108 669 1162 Ἕλληνος
689 1109 915 1165 ἀπογόνους
935 1109 1064 1163 ὄντας,
1090 1110 1301 1164 ἑλληνίζειν
1322 1111 1385 1152 ἐπὶ
1403 1117 1593 1153 τοσοῦτον
1612 1112 1801 1166 εἰρήσθω.

221 1173 260 1211 3.
291 1168 415 1211 αὑτοῦ
440 1167 513 1210 τιν’
543 1171 712 1211 Salmas.
762 1173 934 1212 fortasse
967 1170 1174 1224 αὐτῖτιν,
1206 1175 1251 1212 ut
1286 1171 1447 1225 αὐτίτην
1479 1168 1592 1214 οἶνον
1618 1174 1804 1214 dicebant

218 1229 287 1270 τὸν
318 1228 541 1284 ἐπιχώριον.

338 1290 502 1331 Atticus
539 1292 686 1343 aliquis
710 1292 956 1332 Thessalum
988 1305 1132 1343 parum
1170 1293 1291 1332 attice
1324 1294 1555 1345 loquentem
1586 1294 1800 1345 reprehen-

220 1351 346 1391 derat.
403 1352 618 1402 respondet
638 1352 869 1404 Thessalus,
902 1354 948 1392 ut
967 1352 1095 1392 Attici
1121 1350 1325 1401 ἀττικίζειν
1356 1355 1540 1404 debeant,
1572 1354 1631 1393 ita
1657 1355 1802 1394 ceteris

219 1410 384 1451 Graecis
417 1424 490 1451 sua
520 1412 663 1463 cuique
688 1412 830 1465 lingua
854 1413 915 1452 uti
940 1413 1070 1452 licere.
1135 1414 1173 1452 5.
1204 1411 1278 1465 τὴν
1310 1411 1581 1466 εὐτραπελίαν,
1613 1415 1804 1464 conloquii

218 1471 455 1521 facilitatem.

891 1538 897 1546 '
977 1554 1034 1597 29

433 1634 536 1679 ναοὶ
569 1634 639 1679 δύ’
675 1635 763 1680 εἰσὶ
793 1635 867 1680 καὶ
899 1638 1022 1693 στοά,
1054 1636 1127 1681 καὶ
1158 1638 1372 1695 τοῦνομα,

433 1705 506 1750 καὶ
537 1708 588 1750 τὸ
619 1709 874 1764 βαλανεῖον,
904 1707 978 1752 καὶ
1010 1710 1060 1752 τὸ
1093 1710 1311 1766 Σαράβου
1342 1709 1484 1765 κλέος,

434 1779 483 1822 τὸ
515 1781 631 1822 πολὺ
662 1778 744 1836 μὲν
776 1779 898 1836 ἀκτή,
930 1787 1024 1833 τοῖς
1056 1779 1096 1824 δ’
1128 1779 1430 1839 Ἐλευθεριόις
1461 1784 1599 1834 πόλις.

341 1865 647 1917 [Dicaearchus]
683 1869 807 1918 1,11
842 1868 885 1907 in
917 1868 957 1908 O.
989 1868 1173 1909 Mueller.
1206 1869 1351 1922 Geogr.
1383 1870 1478 1909 min.
1510 1869 1531 1908 Ι
1566 1871 1647 1909 102
1694 1885 1720 1921 η
1760 1866 1802 1908 δὲ

221 1925 333 1974 πόλις
364 1922 601 1980 (Πλαταιαί)
631 1925 731 1966 κατὰ
761 1925 830 1967 τὸν
859 1928 1079 1985 κωμῳδιῶν
1113 1943 1285 1981 ποιητην
1315 1929 1592 1969 Ποσείδιππον
1623 1932 1701 1969 κτλ.
1767 1933 1802 1969 1.

221 1982 298 2043 νεῲ
331 1987 449 2026 Mein.
514 1989 552 2026 2.
582 1986 777 2040 Σαράβου
797 1987 934 2038 Mein]
965 1988 1200 2042 Σηράμβου.
1275 1991 1313 2030 3.
1341 1986 1609 2042 Ἐλευθερίοις
1634 1990 1666 2031 Ι.
1685 1989 1802 2030 Voss.

220 2046 373 2097 Scylac.
408 2045 452 2097 9]
489 2044 726 2099 ἐλευθέροις.

341 2119 444 2147 anno
482 2108 574 2146 ante
606 2107 860 2148 Leuctricam
890 2122 1068 2161 pugnam
1099 2109 1221 2149 tertio
1252 2106 1279 2161 ἡ
1311 2107 1423 2158 πόλις
1455 2103 1691 2164 (Πλαταιαί)
1722 2108 1802 2150 ὑπὸ

220 2171 299 2206 τῶν
327 2165 517 2220 Θηβαίων
548 2165 762 2223 καθηρέθη
793 2165 898 2220 πλὴν
929 2167 976 2208 τὰ
1008 2168 1105 2222 ἱερά.
1142 2169 1495 2222 Paus.9,1,18.
1580 2170 1802 2210 1.Pausa-

220 2226 308 2266 nias
341 2228 380 2278 9,
413 2229 438 2267 2
470 2226 648 2277 Iunonis,
681 2229 708 2267 4
733 2228 938 2269 Minervae
964 2228 1200 2281 Cererisque
1226 2230 1378 2280 templa
1403 2232 1699 2270 commemorat.
1764 2233 1802 2270 2.

220 2285 437 2339 Σάραμβος
468 2284 490 2326 ὃ
514 2286 692 2339 κάπηλος
723 2288 910 2329 estPlat.
935 2288 1196 2340 Go1g.518b
1229 2285 1340 2343 (cum
1362 2290 1576 2330 lecarcone
1594 2290 1801 2341 Aristoph.

221 2347 270 2385 fr.
287 2349 306 2385 1
332 2348 373 2386 et
386 2348 580 2387 Mithaeco
601 2342 868 2403 coniunctus),
890 2343 1003 2389 οἶνον
1015 2348 1252 2401 θαυμαστὸν
1271 2349 1595 2404 παρασκευάζων.
1622 2346 1803 2401 propter

220 2406 428 2457 Posidippi
452 2407 731 2447 testimonium
757 2408 959 2448 hominem
978 2409 1164 2450 Plataeas
1187 2410 1362 2461 patriam
1384 2410 1573 2450 habuisse
1600 2406 1801 2450 conicias'.

221 2466 339 2504 Mein.
360 2465 395 2504 V
424 2468 521 2506 115.
553 2466 598 2507 Ο.
617 2467 838 2508 Muellerus
858 2468 1001 2520 Aegin.
1024 2472 1076 2510 77
1110 2469 1353 2522 Aeginetam
1383 2471 1548 2510 fecerat.
1579 2469 1801 2522 Σάραμβον

221 2525 402 2577 plerique
439 2519 596 2578 dicunt,
634 2527 703 2567 sed
739 2526 932 2582 Σάραβον
975 2541 1117 2569 verum
1155 2542 1302 2570 nomen
1339 2542 1428 2569 esse
1467 2530 1583 2570 docet
1614 2531 1800 2570 Achaeus

221 2585 367 2624 Athen.
399 2586 444 2636 4,
485 2586 605 2626 173d
652 2585 899 2642 Σαρᾶβικῶν
942 2588 1122 2629 κοπίδων
1166 2588 1441 2641 συνομώνυμε.
1506 2590 1680 2639 P011.7,
1715 2592 1798 2630 193

220 2643 494 2698 Σαράβωνα
531 2643 552 2685 ὁ
590 2646 761 2687 Πλάτων
797 2647 979 2700 κάπηλον
1017 2646 1244 2701 ὠνόμασεν,
1284 2647 1458 2689 ἐπαινῶν
1490 2647 1612 2688 αὐτὸν
1644 2645 1706 2689 ἐπ’
1742 2649 1800 2689 οἰ-

221 2704 399 2760 νουργία.
480 2706 518 2744 3.
549 2701 680 2747 ‘festis
718 2708 1045 2748 Eleutheriorum
1082 2709 1223 2749 diebus
1261 2709 1429 2748 Plataea
1459 2709 1556 2748 urbs
1588 2711 1669 2760 est,
1708 2710 1734 2749 i.
1767 2723 1798 2750 e.

221 2764 428 2804 hominum
448 2765 707 2806 multitudine
728 2764 942 2819 frequens'.
969 2768 1019 2808 de
1036 2769 1274 2808 Eleutheri&
1292 2769 1334 2807 in
1354 2768 1587 2808 memoriam
1606 2769 1799 2808 victoriae

221 2824 470 2864 Plataeensis
509 2825 649 2876 quinto
687 2840 845 2878 quoque
883 2841 986 2867 anno
1025 2829 1238 2868 celebratis
1279 2831 1329 2868 cf.
1361 2829 1480 2868 Paus.
1514 2830 1554 2878 9,
1587 2830 1626 2879 2,
1658 2830 1685 2868 4
1718 2824 1798 2883 (6).

221 2884 352 2924 Strab.
387 2886 433 2935 9,
465 2886 564 2924 412.
609 2906 666 2912 —
710 2884 810 2940 ἀκτή
854 2888 1046 2939 oppidum
1089 2889 1230 2938 procul
1273 2901 1298 2927 a
1332 2889 1433 2927 mari
1479 2888 1618 2937 situm,
1661 2892 1798 2928 monte

223 2943 461 2985 Cithaerone
493 2944 766 2998 interiacente,
799 2947 878 2987 dici
907 2948 1020 2987 nullo
1053 2948 1169 2988 modo
1207 2949 1380 2999 poterat.
1428 2960 1557 2999 neque
1588 2961 1683 2989 vero
1717 2948 1797 2989 Cic.
