2014 3334
662 283 671 291 ·
736 273 942 310 ΑΔΗΑΩΝ
966 273 1229 310 ΔΡΑΜΑΤῼΝ
1679 272 1762 314 173

180 387 324 428 militis
355 387 536 427 oratione
563 388 705 437 aptum
729 398 810 426 non
841 399 927 426 esse
960 387 1159 438 videatur,
1191 387 1320 426 scribo
1353 384 1400 425 τὰ
1432 382 1653 438 σκέμματ’
1689 383 1763 426 ἀεὶ

179 445 227 487 τὰ
258 445 367 499 σοφὰ
396 445 463 487 καὶ
494 457 574 499 στρ.
609 468 663 474 -
695 446 873 498 proclive
905 449 968 486 est
999 447 1050 486 ad
1070 446 1247 487 Colacem
1279 447 1342 486 vel
1376 447 1426 486 ad
1450 447 1763 496 Thrasyleontmn

179 508 278 548 haec
309 508 471 559 referre,
503 507 574 547 sed
603 520 685 547 non
716 506 850 547 minus
881 506 1090 547 incertum.

854 660 955 704 564.
995 660 1082 704 565

391 746 536 788 καίτοι
566 745 614 787 τί
640 740 836 800 λογίζομ’
872 743 896 787 ὁ
927 745 1214 800 κακοδαίμων
1245 745 1511 802 προσδοκῶν

391 817 524 875 χάριν
554 817 674 874 παρὰ
704 817 918 872 γυναικὸς
948 820 1225 873 κομιεῖσθαι;
1260 817 1318 873 μὴ
1351 818 1493 872 μόνον

391 890 530 932 κακόν
560 904 603 932 τι
633 888 947 945 προσλάβοιμι,
978 887 1053 932 καὶ
1083 885 1280 932 κάλλιστ’
1317 890 1416 944 ἔχει.

393 961 477 1005 οὐκ
508 961 557 1004 ἐν
587 951 779 1016 γυναικϊ
799 962 960 1017 φύεται
990 961 1123 1016 πιστὴ
1155 961 1292 1019 χάρις.

304 1048 502 1089 Stobaeus
528 1049 667 1089 Floril.
691 1051 758 1099 73,
779 1050 837 1088 40
869 1047 1120 1102 Μενάνδρου
1153 1049 1200 1089 Α.
1251 1047 1394 1099 καίτοι]
1429 1047 1499 1087 καί
1525 1062 1568 1101 γε
1600 1048 1760 1088 AVoss.

180 1108 301 1148 Hens.
351 1109 390 1149 τί
418 1110 508 1149 add.
533 1109 666 1149 Bentl.
755 1111 793 1149 2.
826 1108 939 1161 χάριν
965 1112 1195 1162 κομιεῖσθαι
1225 1107 1334 1162 παρὰ
1363 1125 1398 1162 γ.
1426 1108 1600 1148 Bothius
1631 1108 1760 1148 multo

176 1171 269 1209 ante
308 1168 445 1210 Cobet.
484 1170 535 1209 N.
566 1171 592 1209 l.
626 1171 695 1210 87.
745 1167 798 1221 μὴ
839 1167 984 1221 μόνον]
1029 1167 1083 1221 μὴ
1122 1166 1194 1221 μὲν
1233 1163 1308 1209 οὖν
1345 1169 1485 1209 Valek.
1567 1170 1605 1208 4.
1643 1166 1760 1219 πιστὴ

176 1227 327 1281 Bent1.]
358 1229 529 1282 πλείστη.

295 1303 333 1330 v.
365 1291 392 1329 4
425 1303 449 1330 a
479 1290 647 1341 reliquis
680 1290 1125 1340 separaizumEuripidi
1155 1289 1303 1329 tribuit
1333 1289 1456 1328 Dobr.
1476 1289 1578 1328 Adv.
1598 1289 1640 1328 Π
1661 1290 1759 1328 282.

175 1349 292 1390 cuius
322 1350 382 1389 rei
403 1351 696 1390 ‘necessitatem
725 1351 807 1390 hon
841 1350 970 1390 video.
1018 1344 1192 1390 forfiasse
1231 1350 1351 1389 alieri
1381 1362 1575 1401 personae
1614 1349 1762 1389 adscri-

174 1409 331 1450 bendus
363 1412 437 1450 est.

906 1516 1016 1578 '566

901 1600 1114 1656 χαλεπόν,
1148 1601 1381 1656 Παμφίλη,

390 1669 607 1730 ἐλευθέρᾳ
638 1670 817 1727 γυναικὶ
847 1673 959 1729 πρὸς
989 1674 1164 1729 πόρνην
1195 1672 1322 1728 μάχη.

389 1745 574 1787 πλείονα
605 1750 858 1802 κακουργεῖ,
891 1742 1060 1788 πλείον’
1098 1741 1205 1799 οἷδ’,
1239 1744 1492 1800 αἰσχύνεται

390 1814 539 1871 οὐδέν,
571 1817 803 1860 κολακεύει
833 1819 1014 1873 μᾶλλον.

294 1903 500 1943 Palladius
532 1904 631 1943 Vita
663 1904 699 1943 S.
733 1904 940 1956 Chrysost.
973 1918 1010 1955 p.
1048 1907 1131 1944 142
1164 1905 1224 1943 ed.
1257 1905 1347 1956 Big.
1393 1903 1525 1944 δεινὸν
1558 1904 1758 1955 κολακεία,

0 1982 10 2029 5
175 1961 274 2002 κατὰ
298 1962 367 2004 τὸν
391 1962 567 2016 κωμικὸν
587 1962 848 2018 Μένανδρον,
874 1963 969 2016 μετὰ
990 1964 1229 2025 δυιξτροπίας
1255 1963 1594 2018 συγκεκλωσμένη,
1619 1979 1670 2004 κα
1714 1962 1723 1977 “
1739 1979 1759 2011 ς

0 2029 7 2040 '
175 2020 277 2076 λέγει
306 2026 384 2063 κτλ.
445 2038 482 2063 v.
511 2027 547 2064 1.
583 2026 606 2064 2
642 2024 819 2076 Oyrillus
850 2025 898 2064 In
923 2024 999 2064 Iul.
1029 2027 1066 2076 7,
1094 2026 1177 2064 229
1194 2038 1231 2065 a.
1295 2028 1332 2064 1.
1364 2024 1559 2076 Παμφίλη
1582 2025 1698 2063 Palla
1727 2023 1754 2074 .]

114 2079 117 2082 ’
174 2082 373 2136 Πάμφιλε.
437 2085 474 2124 2.
506 2083 704 2136 μάχεσθαι
728 2085 881 2124 Pallad.
945 2087 984 2124 3.
1015 2084 1181 2124 πλείονα
1218 2079 1348 2135 οἶδεν,
1385 2084 1549 2124 πλείονα
1585 2099 1757 2135 κακουρ-

175 2146 243 2196 γεῖ
260 2145 396 2197 vulgo.
427 2157 528 2184 corr.
549 2144 672 2184 Dobr.
694 2145 859 2184 Adv.11
886 2146 983 2186 284.
1035 2148 1306 2198 πανουργεῖ
1326 2145 1372 2184 Κ.
1408 2145 1604 2196 siquidem
1630 2157 1755 2184 mere-

174 2203 257 2244 trix
286 2204 420 2244 virum
451 2217 531 2244 non
558 2207 696 2255 aperte
728 2208 953 2258 κακουργεῖ,
986 2218 1032 2246 ac
1065 2206 1100 2245 si
1123 2205 1166 2244 id
1191 2206 1354 2255 faceret,
1380 2219 1425 2245 οο
1452 2205 1620 2244 inferior
1652 2206 1758 2244 esset

174 2276 310 2304 uxore.
372 2266 410 2304 4.
444 2262 563 2304 οὐδέν
595 2263 737 2316 Dobr.]
771 2263 931 2306 οὐδένα.
969 2287 1018 2294 -
1053 2266 1202 2306 rectius
1241 2265 1448 2318 Παμφίλη.
1498 2265 1758 2316 conqueritur

175 2323 282 2363 enim
312 2325 459 2364 mulier
490 2337 581 2364 cum
612 2325 794 2365 muliere.

926 2443 1011 2486 567

390 2530 510 2582 οἴμοι
541 2526 676 2577 τάλας
707 2527 856 2582 ἔγωγε.
917 2532 1006 2569 ποῦ
1038 2524 1144 2570 ποθ’
1182 2526 1232 2569 αἱ
1260 2524 1421 2584 φρένες

389 2597 515 2655 ἡμῶν
547 2598 719 2642 ἐκεῖνον
749 2595 866 2654 ἦσαν
898 2597 947 2641 ἐν
977 2605 1038 2657 τῷ
1072 2599 1238 2654 σώματι

388 2670 468 2713 τὸν
498 2672 678 2727 χρόνον,
711 2669 774 2713 ὅτ’
812 2671 866 2714 οὐ
898 2669 1041 2725 ταῦτ’,
1074 2668 1169 2713 ἀλλ’
1207 2668 1337 2713 ἐκεῖν’
1376 2667 1626 2726 ᾑρούμεθα;

294 2755 538 2797 Plutarchus
575 2758 674 2797 Mor.
706 2760 827 2798 4500
871 2756 891 2798 ὁ
923 2756 1160 2810 Χρύσιππος
1198 2754 1321 2796 εἰπὼν
1361 2754 1418 2795 ὅτι
1454 2755 1607 2807 τυφλόν
1649 2754 1753 2797 ἐστιν

176 2810 202 2867 ἡ
235 2813 332 2869 ὀργή
356 2847 365 2856 .
386 2847 394 2856 .
416 2848 424 2856 .
449 2821 585 2869 χρῆται
615 2816 784 2870 μάρτυρι
813 2820 866 2874 τῷ
899 2816 1130 2873 Μενάνδρῳ
1163 2814 1315 2870 λέγοντι
1346 2818 1423 2855 κτλ.
1507 2819 1543 2855 1.
1574 2813 1676 2856 ποθ’
1713 2816 1757 2856 αἱ

176 2874 288 2916 Grot.
320 2876 414 2916 Exc.
450 2875 553 2927 755]
586 2891 691 2916 ποτε.
774 2879 812 2918 3.
844 2874 899 2916 ὅτ’
940 2877 1031 2916 add.
1063 2876 1259 2916 Meziriao.
1298 2874 1347 2915 οὐ
1384 2881 1525 2926 ταῦτα,
1557 2879 1580 2915 i.
1615 2890 1648 2917 e.
1673 2890 1753 2916 non

175 2947 272 2975 sana
303 2936 481 2988 consilia,
514 2936 582 2976 sed
613 2937 767 2977 insana.
