2014 3334
785 218 953 252 ΑΔΗΛΑ
979 217 1240 252 ΟΠΟΤΕΡΑΣ
1716 210 1772 252 47
1782 214 1801 252 l

225 333 309 374 BR.
331 353 381 360 —
405 331 505 372 mihi
536 330 658 371 etiam
691 328 840 383 κουρὰς
872 327 1050 383 ἀγεννεῖς
1070 331 1149 369 κτλ.
1201 327 1341 369 comici
1372 327 1561 369 videntur
1592 324 1805 376 omniaque

227 406 253 435 a
283 392 488 433 Clemente
520 404 568 431 ex
598 403 681 430 una
711 403 856 430 scaena
887 390 1106 440 exscripta:
1144 387 1187 429 τὸ
1220 384 1256 428 δ’
1293 387 1386 428 ὅλον
1426 409 1476 415 -
1518 398 1806 436 πεπιττοκοπη-

225 450 384 506 μένους,
397 448 545 505 κουρὰς
564 448 756 504 ἀγεννεῖς,
768 448 963 503 πορνικὰς
982 447 1264 504 κεκαρμένους,
1278 447 1430 501 χλανίσι
1449 461 1493 487 τε
1518 449 1620 494 ταῖς
1639 447 1807 497 φαναῖσι

225 508 607 566 περιπεπεμμένους,
638 508 703 550 καὶ
735 509 925 562 μαστίχην
956 508 1197 563 τρώγοντας,
1229 506 1390 557 ὄζοντας
1422 506 1564 559 μύρου.
1624 506 1672 546 cf.
1706 506 1804 545 375.

348 574 385 612 2.
422 570 612 623 μαστίχην
650 570 948 610 manducabant
986 570 1119 610 odoris
1152 581 1282 610 causa.
1332 568 1434 607 Plin.
1465 567 1514 606 N.
1545 567 1583 606 h.
1618 567 1687 617 20,
1719 566 1805 604 263

224 632 407 673 mastiche
431 643 450 671 e
475 632 633 671 carduis
657 632 811 670 odorem
836 627 1075 669 commendat
1105 631 1197 669 oris.
1258 630 1298 668 4.
1334 627 1525 678 Archipp.
1549 627 1618 666 45.
1655 625 1807 665 Polem.

227 691 444 744 Physiogn.
475 695 511 740 l,
534 692 615 730 176
637 689 772 738 κλάσις
791 694 862 730 τοῦ
890 688 1084 742 τραχήλου
1110 687 1362 742 ἀνδρόγυνον
1393 687 1517 738 δηλοῖ.
1566 686 1644 725 Dio
1665 684 1806 735 Chrys.

227 753 252 792 5
278 766 316 803 p.
341 752 425 792 196
448 750 495 790 R.
526 753 698 803 γυναῖκα
730 779 739 789 .
772 779 781 789 .
813 779 823 790 .
855 747 1186 789 ἐπιδεικνύουσαν
1217 778 1226 787 .
1259 778 1268 788 .
1299 746 1392 795 τοὺς
1430 745 1604 798 μαστοὺς
1640 743 1707 785 καὶ
1737 742 1807 784 τὸν

224 810 417 864 τράχηλον
449 808 684 849 ἀνακλῶσαν
716 804 888 863 (Mein).
952 812 988 849 7.
1021 809 1071 849 cf.
1096 809 1251 848 Alexid.
1280 809 1364 848 264
1398 809 1438 846 et
1463 819 1564 858 quae
1598 806 1648 845 ad
1674 804 1808 844 Phile-

226 871 356 912 monis
388 868 764 922 Πιττοκοπούμενον
796 869 1091 909 adnotavimus.
1171 887 1174 890 ·

974 984 1061 1028 340

446 1066 645 1114 δέσποιν’
681 1070 881 1125 ἁπασῶν,
913 1067 1056 1112 πότνι’
1089 1067 1344 1124 Ἀθηναίων
1374 1068 1493 1120 πόλι,

446 1142 507 1193 ὡς
537 1142 765 1197 πάγκαλόν
798 1152 882 1184 σου
914 1142 1120 1198 φαίνεται
1151 1142 1200 1183 τὸ
1233 1140 1437 1196 νεώριον,

444 1214 503 1265 ὡς
533 1214 667 1264 καλὸς
699 1213 722 1256 ὁ
755 1212 1024 1270 Παρθενών,
1057 1213 1190 1263 καλὸς
1222 1210 1262 1255 δ’
1300 1211 1323 1254 ὁ
1357 1209 1605 1266 Πειραιεύς.

446 1287 558 1341 ἄλση
591 1283 641 1328 δὲ
671 1287 737 1336 τίς
767 1299 836 1328 πω
867 1279 1011 1327 τοιάδ’
1046 1282 1136 1340 ἔσχ’
1174 1284 1284 1339 ἄλλη
1316 1284 1461 1333 πόλις,

404 1368 425 1400 5
444 1355 519 1400 καὶ
549 1357 773 1413 τούρανοῦ
804 1353 867 1411 γ’,
899 1356 959 1407 ὥς
990 1366 1144 1412 φασιν,
1178 1353 1299 1398 ἐστὶν
1331 1353 1380 1396 ἐν
1409 1355 1541 1409 καλῷ.

350 1457 425 1496 Dio
453 1453 659 1507 Chrysost'.
682 1456 749 1506 64,
770 1470 808 1506 p.
830 1457 914 1495 334
942 1455 1076 1493 Reisk.
1138 1467 1174 1494 v.
1203 1455 1227 1493 3
1262 1455 1420 1504 partem
1450 1452 1626 1503 priorem
1657 1451 1814 1491 addidit

233 1519 433 1558 Porsonus
472 1529 519 1555 ex
557 1516 738 1566 Diogene
772 1515 815 1554 L.
851 1511 898 1566 7,'
922 1516 975 1554 67
1023 1512 1163 1565 ὅμοιον
1209 1511 1252 1553 δέ
1294 1511 1398 1552 ἐστιν
1442 1510 1632 1563 ἀξιώματι
1674 1508 1696 1559 ὃ
1739 1509 1812 1561 τὴν

231 1575 407 1630 ἐκφορὰν
446 1574 536 1628 ἔχον
574 1573 842 1627 ἀξιωματικὴν
881 1573 989 1626 παρά
1020 1588 1127 1621 τινος
1165 1570 1590 1627 μορίουπλεονασμὸν
1623 1569 1648 1623 ’ἢ
1679 1570 1814 1619 πάθος

232 1636 305 1686 ἔξω
336 1636 467 1676 πίπτει
497 1640 567 1675 τοῦ
598 1633 739 1689 γένους
770 1640 847 1674 τῶν
879 1632 1127 1685 ἀξιωμάτων,
1159 1629 1247 1673 οἷον
1273 1627 1410 1680 ‘noel-65·
1441 1628 1477 1685 γ’
1508 1629 1529 1671 ὅ
1551 1627 1811 1684 Παρθενών’.

233 1697 427 1749 Syrianus
463 1695 589 1734 Walz.
626 1695 745 1734 Rhet.
784 1694 862 1733 VII
902 1696 928 1733 4
981 1693 1023 1733 οἱ
1058 1691 1100 1732 δὲ
1133 1691 1303 1732 Στωικοὶ
1352 1689 1610 1744 προστιθέασι
1659 1690 1813 1738 τούτοις

232 1753 614 1811 (Peripateticorum
638 1755 928 1805 partitionibus
954 1748 1166 1806 orationis)
1198 1751 1265 1792 καὶ
1295 1749 1440 1799 ἄλλους
1472 1749 1529 1799 ἕξ·
1564 1749 1812 1802 πυσματικὸν

231 1814 299 1856 καὶ
330 1813 622 1866 ἐπαπορητικόν
654 1844 663 1854 .
687 1843 696 1853 .
716 1843 726 1853 .
759 1809 839 1853 εἶτα
870 1812 1162 1864 θαυμαστικόν·
1194 1810 1247 1860 ὡς
1278 1810 1397 1859 καλὸς
1429 1809 1449 1850 ὁ
1475 1810 1718 1864 Παρθενών.

357 1879 392 1914 1.
426 1872 614 1914 δέσποινα
647 1870 682 1913 δ’
719 1871 885 1912 ἁπασῶν
925 1872 1099 1923 πόλεων,
1129 1871 1271 1912 πότνια
1302 1874 1379 1911 κτλ.
1412 1871 1497 1910 cod.
1561 1884 1661 1910 corr.
1694 1871 1813 1909 Mein.

235 1933 424 1975 δέσποινα
463 1932 617 1974 πόλεων
650 1934 863 1973 Porsonus.
915 1929 1090 1972 δέσποιν’
1133 1930 1286 1971 ἄνασσα
1319 1931 1366 1971 G.
1397 1931 1445 1969 A.
1477 1930 1678 1981 Hirschig.
1710 1931 1814 1969 Ann.

234 1995 324 2035 crit.
357 1996 426 2034 34.
507 1995 544 2033 2.
577 1991 630 2041 ὡς
660 1991 863 2046 πάγκαλόν
898 1990 1099 2042 Reiskius]
1139 1990 1192 2040 ὡς
1222 1990 1290 2031 καὶ
1327 1989 1461 2030 καλόν.
1542 1992 1581 2030 3.
1613 1987 1667 2037 ὣς
1696 1988 1815 2037 καλὸς

235 2052 410 2106 Syriam]
430 2051 548 2101 καλός
565 2049 602 2106 γ’
620 2053 789 2105 Diogen.
840 2054 878 2091 4.
898 2051 1010 2100 πόλις
1030 2052 1119 2091 add.
1130 2053 1296 2092 Person.
1347 2053 1385 2090 5.
1404 2047 1460 2103 γ’,
1480 2049 1533 2097 ὥς
1547 2048 1698 2100 Reisk]
1718 2054 1812 2097 πῶς.

355 2116 393 2154 4.
425 2110 536 2164 ἄλση.
580 2113 857 2164 significantur
892 2112 1111 2151 Academia
1154 2125 1244 2151 cum
1283 2111 1432 2150 Colono
1477 2112 1519 2149 et
1558 2111 1729 2150 fortasse
1769 2123 1816 2148 ea

235 2174 348 2214 urbis
379 2175 509 2226 regio,
541 2172 606 2212 cui
636 2185 782 2212 nomen
813 2176 901 2211 erat
925 2173 1073 2223 Κῆποι.
1137 2174 1174 2211 5.
1207 2172 1256 2210 cf.
1276 2169 1617 2221 Xenoph.Vectig.
1642 2173 1677 2208 1.
1698 2170 1815 2208 Dion.

237 2235 391 2285 6,'179
434 2227 572 2286 (εἶναι)
614 2230 683 2272 τὸν
723 2229 820 2284 ἀέρα
859 2236 1038 2282 κοῦφον,
1078 2229 1132 2279 ὡς
1172 2229 1266 2283 μήτε
1306 2229 1452 2270 ὕεσθαι
1491 2228 1678 2276 πολλάκις
1722 2227 1816 2280 μήτε

235 2290 449 2345 ὑπομένειν
478 2290 520 2332 τὸ
551 2291 762 2345 γινόμενον
793 2290 915 2343 ὕδωρ.

977 2409 1061 2451 341

523 2491 579 2535 ἂν
610 2497 694 2548 μῦς
726 2491 910 2549 διορύξῃ
941 2492 1095 2547 βωμὸν
1126 2493 1233 2534 ὄντα
1264 2492 1454 2546 πήλινον

523 2563 607 2606 κᾶν
639 2561 780 2620 μηδὲν
811 2561 907 2606 ἄλλ’
943 2564 1057 2619 ἔχων
1089 2563 1304 2619 διατράγῃ
1335 2563 1557 2616 θύλακον,

525 2635 778 2692 ἀλεκτρυὼν
809 2636 1083 2692 τρεφόμενος
1113 2634 1169 2677 ἄν
1202 2632 1273 2691 ἐφ’
1310 2633 1496 2690 ἑσπέρας

525 2706 626 2764 ᾄσῃ,
656 2705 885 2762 τιθέμενοι
916 2712 1048 2749 τοῦτο
1081 2708 1265 2763 σημεῖόν
1296 2722 1419 2757 τινος
1451 2730 1505 2736 ——

360 2796 542 2835 Clemens
574 2794 687 2833 Alex.
721 2793 866 2833 Strom.
901 2795 938 2844 7,
971 2794 1016 2845 4,
1051 2796 1104 2834 24
1150 2793 1307 2840 εἰκότως
1349 2792 1488 2832 τοίνυν
1533 2790 1819 2841 δεισιδαίμονες

240 2854 330 2908 περὶ
348 2854 440 2902 τοὺς
460 2852 699 2906 εὐοργήτους
722 2851 925 2906 γινόμενοι
956 2853 1085 2894 πάντα
1117 2856 1257 2905 σημεῖα
1286 2850 1478 2906 ἡγοῦνται
1510 2846 1611 2891 εἶναι
1642 2848 1688 2889 τὰ
1720 2862 1818 2900 συμ-

242 2915 432 2968 βαίνοντα
463 2912 530 2953 καὶ
560 2918 693 2952 κακῶν
725 2911 830 2952 αἴτια
861 2915 938 2952 κτλ.
988 2914 1183 2954 indicavit
1215 2914 1416 2953 Porsonus
1448 2911 1583 2961 Eurip.
1607 2910 1709 2949 Med.
1735 2912 1816 2949 139
