2014 3334
95 49 126 71 ,ἓ

772 250 941 284 AAHAA
967 249 1231 284 οΠοΤΕΡΑΣ
1706 245 1793 289 509

955 382 1044 426 553

498 454 526 512 ἢ
558 455 641 513 χρὴ
672 456 921 514 τραγῳδεῖν
952 454 1121 506 πάντας
1151 453 1179 510 ἢ
1210 457 1501 511 μελαγχολᾶν.

327 543 560 595 Diogenian.
583 545 622 594 5,
645 545 698 583 13
732 540 796 582 ἐπὶ
814 548 893 582 τῶν
912 541 1008 594 μκήτε
1027 545 1243 582 λυπεῖσθαι
1261 540 1356 593 μήτε
1375 541 1525 594 χαίρειν
1545 538 1792 593 δυναμένων.

206 605 257 645 cf.
287 604 468 644 Mantiss.
503 617 615 655 prov.
657 605 694 655 1,
735 605 802 643 67.
843 603 954 642 Suid.
996 598 1024 654 ἢ
1065 600 1150 655 χρή.
1188 602 1306 641 indic.
1344 602 1499 643 Nauck.
1537 601 1680 641 Philol.
1711 601 1795 641 IIII

208 666 295 705 360
326 664 428 704 conl.
459 663 600 704 Horat.
631 662 713 703 Sat.
737 665 774 714 2,
809 666 846 712 7,
883 665 964 703 117
1003 666 1073 702 aut
1102 663 1250 702 insanit
1278 663 1389 702 homo
1420 665 1490 701 aut
1519 673 1656 702 versus
1686 662 1793 711 facit.

953 779 1042 822 554

494 852 576 896 οὐκ
607 847 698 895 ἔστ’
734 850 842 908 ἐμὸν
873 851 923 895 τὸ
954 856 1152 909 πρᾶγμα·
1185 851 1329 895 πολλὰ
1359 850 1559 907 χαιρέτω.

326 940 562 992 Diogenian.
598 942 635 990 7,
668 942 692 980 9
727 937 791 979 ἐπὶ
821 944 899 979 τῶν
930 937 1211 992 ἀπραγμόνων.
1263 935 1392 979 οὐκέτ’
1430 939 1613 990 Apostol.
1641 941 1708 988 13,
1735 940 1791 979 46

206 999 386 1054 παρόσον
415 1005 495 1040 τῶν
526 998 651 1048 ξένων
684 994 964 1055 (πραγμάτων)
998 997 1131 1047 οὐδεὶς
1162 999 1372 1051 φροντίζει.

955 1115 1044 1159 555

492 1203 715 1262 πρότερον·
741 1200 913 1257 χελώνη
943 1200 1296 1258 παραδραμεῖται
1329 1199 1576 1242 δασύποδα.

325 1288 562 1341 Diogenian.
585 1291 624 1339 7,
644 1289 698 1328 57
733 1290 774 1327 eb
794 1287 976 1338 ApostoL
1005 1288 1072 1336 14,
1100 1287 1156 1326 88
1189 1283 1254 1325 ἐπὶ
1284 1291 1363 1325 τῶν
1394 1284 1617 1327 ἀδυνάτων.
1649 1287 1792 1326 Liban.

208 1349 335 1399 Epist.
370 1351 424 1388 72
464 1347 522 1388 ὅτι
559 1346 735 1400 χελώνην
773 1346 828 1395 εἰς
865 1345 1001 1400 ἀγῶνα
1037 1346 1177 1386 ποδῶν
1207 1348 1314 1385 καλῶ
1347 1357 1389 1385 σε
1418 1349 1661 1399 παρακαλῶν
1692 1344 1792 1399 ὑπὲρ

205 1407 328 1459 φίλου
359 1422 396 1448 τι
427 1407 667 1459 σπουδάσαι,
699 1410 828 1455 καλῶς
859 1406 1079 1459 ἐπίσταμαι.

950 1523 1039 1567 556

492 1607 651 1652 πολλοὶ
683 1605 923 1666 στρατηγοὶ
955 1609 1133 1664 Καρίαν
1167 1606 1413 1650 ἀπώλεσαν.

326 1696 564 1747 Diogenian.
599 1699 637 1748 7,
672 1697 725 1735 72
760 1698 802 1735 ef,
831 1696 1017 1746 Apostol.
1053 1698 1120 1746 14,
1152 1697 1205 1735 51
1255 1694 1320 1735 ἐπὶ
1356 1701 1434 1735 τῶν
1466 1693 1519 1747 μὴ
1559 1693 1792 1749 ὁμογνωμο-

206 1755 398 1797 νούντων.
449 1757 498 1796 cf.
532 1756 688 1795 Suidas.

953 1836 1038 1879 557

494 1908 633 1966 ῥόδον
664 1908 906 1966 παρελθὼν
938 1906 1091 1964 μηκέτι
1125 1909 1238 1963 ζήτει
1269 1908 1416 1951 πάλιν.

325 1996 563 2048 Diogenian.
598 1998 642 2046 8,
677 1999 700 2036 2
746 1993 810 2035 ἐπὶ
852 2000 932 2035 τῶν
975 1992 1326 2047 μεταμελουμένων
1370 1995 1464 2048 περί
1503 2010 1549 2035 τι.
1625 1996 1791 2048 Gregor.

207 2055 328 2108 Cypr.
361 2058 405 2106 3,
445 2057 513 2096 60.
581 2057 630 2095 cf.
663 2056 711 2096 fr.
748 2057 843 2095 198.
906 2055 971 2094 cui
1011 2055 1045 2095 si
1085 2055 1324 2107 significatio
1370 2068 1529 2107 quoque
1567 2056 1791 2107 conveniat,

206 2129 334 2157 novae
366 2116 596 2156 comoediae
629 2116 974 2156 adnumerandum
1005 2118 1077 2156 est.

958 2232 1046 2276 558

493 2318 764 2373 βουλήσεταί
790 2332 857 2368 τις
888 2319 1058 2373 μᾶλλον
1089 2315 1116 2372 ἢ
1149 2317 1400 2372 δυνήσεται.

325 2404 526 2444 Macarius
549 2407 586 2456 2,
608 2406 663 2444 83
696 2402 759 2444 ἐπὶ
789 2409 867 2443 τῶν
892 2401 1223 2458 προαιρουμένων
1249 2401 1321 2455 μὲν
1347 2402 1548 2455 ἀδικῆσαι,
1585 2402 1634 2443 οὐ
1667 2404 1790 2443 δυνα-

207 2460 339 2513 μένων
377 2460 431 2502 δέ.
481 2464 709 2503 simillimus
747 2477 889 2504 versus
928 2467 991 2503 est
1028 2464 1115 2503 eius
1146 2477 1265 2515 quem
1298 2464 1568 2515 Apollodorus
1610 2464 1789 2514 picturae

209 2523 502 2573 subscripserat
532 2523 760 2576 μωμήσεταί
791 2537 848 2572 τις
879 2525 1028 2575 μᾶλλον
1059 2520 1087 2575 ἣ
1118 2522 1335 2575 μιμήσεται.
1386 2524 1491 2563 Plut.
1524 2524 1623 2563 Mor.
1658 2525 1741 2563 346
1755 2537 1789 2563 a.

209 2581 310 2621 Plin.
343 2582 393 2622 N.
402 2583 451 2682 ἐι
472 2584 542 2635 35,
574 2586 642 2624 63.
694 2584 822 2623 Varro
857 2584 940 2623 Sat.
976 2584 1150 2634 Menipp.
1174 2585 1242 2636 64,
1275 2586 1298 2622 2
1332 2597 1369 2634 p.
1394 2585 1475 2623 181
1512 2582 1668 2623 Oehler.
1694 2584 1789 2624 Dio-

208 2642 367 2693 genian.
431 2645 540 2693 ,74.

954 2724 1041 2767 559

496 2806 622 2850 δεινά
652 2823 703 2862 γε
732 2808 786 2850 τὰ
818 2807 954 2851 δεινά.
1005 2810 1054 2851 Β.
1087 2807 1317 2863 δεινότερά
1347 2823 1398 2862 γε
1429 2808 1630 2851 Δεινίου.

328 2893 531 2932 Macarius
565 2895 603 2944 3,
637 2895 692 2933 28
725 2892 837 2933 δεινὰ
867 2893 914 2933 τὰ
947 2893 1077 2934 δεινά.
1100 2925 1108 2932 .
1130 2892 1192 2933 ,τὸ
1225 2891 1268 2933 δὲ
1299 2892 1447 2934 τέλειον
1477 2896 1555 2933 κτλ.
1598 2909 1642 2947 γε
1674 2897 1714 2934 et
1744 2898 1790 2936 Β.

215 2952 304 2994 add.
338 2950 538 3006 δεινότερα
567 2967 611 3006 γε
630 2952 698 3003 Κ.]
730 2951 799 2992 καὶ
822 2953 1034 3006 δεινότερα.
1076 2954 1290 2994 manifesto
1316 2955 1490 2994 comicae
1516 2956 1579 2994 est
1603 2955 1790 2995 fabricae.
