2014 3334
774 269 941 303 ΔΔΗΛΑ
967 269 1227 304 ΟΠΟΤΕΡΑΣ
1693 267 1778 309 507

943 400 1031 445 542

418 484 517 541 δίκη
551 485 682 541 δίκην
713 486 852 528 ἔτικτε
883 483 956 529 καὶ
988 484 1132 541 βλάβη
1164 483 1347 540 βλάβην.

323 571 520 611 zenobius
541 573 579 623 3,
601 573 655 611 28
689 570 752 611 ἐπὶ
778 577 856 612 τῶν
881 572 1100 622 φιλοδίκων
1124 569 1190 612 καὶ
1211 570 1475 624 συνειρόντων
1501 572 1614 620 δίκας
1639 572 1779 620 δίκαις.

201 631 367 682 Gregor.
388 631 506 684 Cypr.
540 634 581 681 2,
615 633 668 671 14
703 626 832 686 (Leid.
867 635 902 683 1,
934 626 1024 685 87).
1074 631 1259 683 Apostol.
1280 634 1318 683 6,
1341 634 1406 672 10.
1456 632 1628 673 Lobeek.
1658 633 1777 684 Soph.

201 691 265 731 Αἰ.
298 693 395 731 522.
445 692 494 731 cf.
526 691 659 742 adesp.
690 693 787 731 693.
1047 715 1061 727 κ

941 785 1028 828 543

486 869 528 911 εἰ
556 867 614 924 μὴ
647 868 807 911 δύναιο
839 869 953 923 βοῦν
985 866 1135 911 ἔλαυν’
1172 869 1293 912 ὄνον.

121 1007 127 1011 Ι
320 955 517 995 Zenobius
539 957 576 1003 3,
597 956 653 995 54
687 953 750 995 ἐπὶ
774 959 852 994 τῶν
878 951 900 995 ὃ
919 954 1017 995 κατὰ
1042 954 1216 1006 δύναμιν
1241 954 1399 1007 ἔχουσιν
1423 955 1604 1007 πράττειν
1634 969 1779 1009 παρεγ-

199 1012 428 1068 γυωμένων.
479 1014 596 1054 Coisl.
620 1017 703 1054 129
736 1013 878 1055 ἔλαυνε
910 1011 948 1055 δ’
977 1012 1085 1056 ὄνον.
1136 1015 1275 1054 eadem
1306 1016 1389 1055 fere
1411 1015 1566 1055 Suidas.
1597 1015 1779 1066 Apostol.

203 1076 241 1125 6,
262 1076 314 1115 51
349 1072 412 1114 ἐπὶ
437 1079 514 1114 τῶν
541 1073 594 1126 μὴ
620 1074 872 1126 πραττόντων
901 1073 927 1114 ἃ
952 1073 1050 1115 κατὰ
1075 1074 1249 1127 δύναμιν
1275 1073 1446 1127 ἔχουσιν,
1477 1073 1575 1115 ἀλλὰ
1602 1074 1649 1114 τὰ
1680 1073 1779 1127 ὑπὲρ

201 1132 357 1182 αὐτούς.
409 1138 596 1185 corrupte
627 1134 863 1186 Diogenian.
885 1135 1002 1175 Vind.
1023 1138 1061 1186 2,
1082 1137 1152 1175 58.
1201 1134 1341 1175 ἔλαυνε
1374 1131 1411 1174 δ’
1446 1129 1520 1175 οὖν
1540 1135 1779 1186 Bernhardy

201 1194 244 1233 in
275 1194 410 1233 Suida.
460 1194 563 1246 βοῦν
589 1192 695 1245 ἐλᾶν,
727 1191 861 1234 ἐ’λαυν’
896 1195 1014 1234 Mein.
1066 1194 1158 1234 ἕλᾶν
1191 1190 1360 1249 (praes.)
1393 1197 1455 1234 est
1474 1195 1653 1246 Xenoph.
1674 1195 1780 1234 Hell.

127 1287 131 1289 .
202 1255 241 1304 2,
273 1255 312 1305 4,
345 1256 413 1294 32.
445 1251 571 1294 ἀπέλα
602 1253 746 1307 Cyer.
781 1256 820 1305 8,
852 1256 890 1306 3,
925 1256 993 1295 32.

946 1382 1034 1426 544

487 1466 550 1517 εἰς
581 1465 892 1527 ἀσθενοῦντας,
916 1465 1124 1510 ἀσθενῶν
1156 1453 1365 1523 ἐλήλυθα.

322 1553 519 1593 zenobius
553 1555 591 1604 3,
624 1555 678 1593 56
713 1551 776 1593 ἐπὶ
806 1558 885 1593 τῶν
917 1552 1035 1606 ὅμοια
1066 1585 1075 1593 .
1110 1586 1116 1593 .
1149 1552 1393 1607 πασχόντων.
1444 1555 1562 1607 Greg.
1589 1555 1708 1607 Cypr.
1742 1557 1779 1604 2,

130 1631 132 1633 >
204 1614 271 1652 33.
322 1611 505 1664 Apostol.
540 1615 577 1666 6,
611 1614 680 1653 52.

942 1707 1030 1750 545

489 1788 512 1832 ὁ
547 1791 659 1841 Ζεὺς
690 1791 861 1833 κατεῖδε
893 1792 1072 1847 χρόνιος
1103 1792 1166 1841 εἰς
1198 1791 1274 1842 τὰς
1306 1790 1538 1847 διφθέρας.

326 1877 522 1915 Zenobius
553 1878 591 1927 4,
627 1879 706 1916 11.
730 1875 876 1929 ..φασὶ
907 1876 981 1930 γὰρ
1012 1875 1081 1917 τὸν
1113 1878 1191 1917 Δία
1222 1878 1277 1926 εἰς
1310 1876 1508 1929 διφθέρας
1539 1876 1648 1925 τινὰς
1680 1875 1780 1917 ἀπο-

202 1935 430 1989 γράφεσθαι
472 1934 519 1975 τὰ
560 1935 806 1988 πραττόμενα
842 1939 922 1984 τοῖς
960 1935 1204 1986 ἀνθρώποις.
1266 1938 1453 1978 similiter
1489 1938 1633 1977 Suidas
1666 1936 1779 1985 Ζεύς.

203 1996 440 2043 Diogenian.
472 1998 510 2046 3,
545 1999 582 2036 2.
614 1998 653 2045 4,
687 1998 784 2036 95a.
836 1997 954 2049 Greg.
988 1996 1107 2048 Cypr.
1142 1999 1267 2049 Mosq.
1300 1999 1345 2046 3,
1377 1999 1444 2038 53.
1494 1998 1606 2037 Leid.
1640 1999 1678 2049 2,
1714 1999 1780 2038 19.

202 2055 334 2095 Schol.
351 2055 446 2095 Ven.
475 2055 590 2094 Hom.
615 2055 662 2095 ΙΙ.
694 2058 730 2106 1,
759 2058 854 2096 175.
910 2053 931 2096 ὁ
958 2056 1046 2096 add.
1067 2057 1259 2097 Valcken.
1286 2059 1327 2096 et
1354 2057 1473 2097 Mein.
1499 2057 1642 2096 Philol.
1667 2057 1779 2095 XXV

205 2116 304 2155 539.
353 2112 416 2154 ἐπὶ
435 2128 507 2165 pro
527 2114 583 2162 εἰς
602 2113 670 2163 τὰς
691 2116 856 2168 Diogen.
901 2117 950 2156 cf.
964 2116 1156 2157 Valoken.
1176 2117 1303 2157 Diatr.
1329 2118 1409 2157 185
1421 2118 1488 2158 ab.
1527 2116 1720 2156 Herodot.
1740 2118 1780 2167 5,

205 2176 260 2215 57
293 2172 373 2222 τὰς
404 2173 612 2227 βύβλους
644 2173 840 2226 διφθέρας
871 2174 1073 2216 καλέουσι.
1096 2207 1104 2215 .
1125 2176 1189 2216 ,οἱ
1205 2173 1374 2224 Ἴωνες.
1425 2173 1677 2228 ‘perelegans
1708 2189 1780 2216 an-

205 2234 309 2284 tiqui
328 2237 469 2285 poetae
490 2231 698 2274 Senarius’.
732 2234 869 2275 Cobet.
890 2236 1035 2275 Mnem.
1048 2232 1235 2276 nov.*X11
1257 2238 1355 2276 225.
1395 2237 1597 2288 Aeschylo
1620 2249 1781 2276 versum

205 2293 411 2333 tribuebat
442 2293 745 2345 Valckenarius,
777 2295 882 2335 inter
919 2296 1164 2347 tragicorum
1195 2296 1389 2347 adespota
1421 2292 1545 2348 (369)
1579 2296 1782 2335 referebat

207 2353 425 2393 Nauckius.
474 2353 573 2392 mihi
598 2367 678 2394 non
703 2355 865 2406 videtur
890 2355 1067 2395 dubitari
1092 2369 1207 2406 posse
1234 2357 1331 2407 quin
1357 2356 1408 2395 sit
1434 2356 1588 2406 comici,
1621 2368 1779 2407 compa-

202 2413 311 2452 ranti
353 2414 591 2464 praesertim
635 2414 767 2453 Plaut.
805 2414 907 2455 Rud.
946 2416 1045 2466 prol.
1082 2416 1158 2467 15,
1193 2417 1243 2455 21
1288 2411 1537 2468 (malorum)
1574 2417 1781 2464 referimus

203 2472 364 2571 Ξαόὶηἰηα
406 2475 598 2572 ἕπεὲῗέἰα
641 2474 693 2514 dd
728 2475 861 2514 Iovem
899 2469 917 2514 ῗ
946 2503 957 2513 .
989 2506 996 2513 .
1042 2475 1159 2515 ὂοηόε
1197 2477 1239 2515 in
1270 2477 1360 2516 aliis
1397 2476 1539 2515 tdbulis
1574 2475 1782 2525 exscriptas

281 2535 323 2571 et.
385 2544 434 2572 ο.
554 2561 564 2572 .

949 2615 1034 2657 546

492 2694 752 2759 ἀρχαιότερα
783 2703 860 2752 τῆς
891 2697 1112 2754 διφθέρας
1142 2696 1284 2753 λέγεις
1314 2699 1435 2749 Διός.

328 2782 559 2833 Diogenian.
593 2784 631 2834 3,
663 2785 687 2821 2
732 2781 796 2822 ἐπὶ
831 2789 910 2823 τῶν
954 2783 1085 2836 σαπρά
1122 2798 1210 2823 τινα
1251 2782 1317 2823 καὶ
1348 2783 1461 2838 μωρὰ
1493 2783 1781 2837 διηγουμένων.

206 2838 232 2892 ἡ
264 2839 337 2894 γὰρ
370 2838 560 2892 διφθέρα,
592 2840 634 2880 ἕν
658 2834 684 2898 ᾗ
711 2842 826 2882 δοκεῖ
843 2842 945 2891 Ζεὺς
976 2842 1282 2896 ἀπογράφεσθαι
1313 2842 1359 2883 τὰ
1384 2843 1587 2896 γινόμενα,
1618 2845 1779 2897 παμπά-

207 2902 327 2948 λαιος.
389 2899 486 2948 Διός
528 2901 618 2941 add.
656 2903 697 2941 et
739 2903 870 2955 σαπρά
910 2916 981 2954 pro
1026 2902 1158 2954 σαθρά
1199 2904 1315 2943 Mein.
1355 2903 1499 2944 Philol.
1533 2905 1642 2943 XXV
1682 2908 1779 2946 539.

210 2960 396 3000 similiter
427 2960 570 3000 Suidas
602 2959 830 3015 ἀρχαιότερα
862 2958 967 3016 (ipso
999 2975 1154 3014 quoque
1187 2976 1262 3003 om.
1295 2958 1424 3017 Διός).
1474 2965 1523 3003 cf.
1557 2966 1655 3005 545.
