2014 3334
647 252 1032 287 ῙἨΠΤΡΕΠΟΝΤΕΣ
1081 253 1356 288 ΕΤΝΟΤΧΟΣ
1736 255 1794 298 53

321 361 610 412 Hephaestion.
647 375 685 413 p.
720 365 773 402 62
815 363 940 403 Gaisf.
979 377 1028 403 ex
1066 365 1152 404 cod.
1193 365 1374 406 Saibant.
1419 362 1488 421 (of.
1521 367 1669 408 Aneed.
1703 382 1787 408 var.

201 420 375 462 Schoell.
395 423 436 461 et
456 421 715 462 Studemund.
738 423 760 463 I
783 425 849 474 77,
873 418 947 477 19)
981 423 1143 476 εὕρηται
1173 424 1239 464 καὶ
1266 425 1425 478 εὕρησις
1458 425 1524 467 καὶ
1557 427 1708 480 εὕρεσις
1728 458 1761 468 ..
1776 458 1787 469 .

201 477 299 522 ἀλλὰ
331 480 398 522 διὰ
428 486 499 522 τοῦ
527 485 552 522 ’ἑ
584 480 627 522 ἐν
660 482 790 540 ἶάμβῳ
822 486 900 523 κτλ.
933 482 975 523 έν
1007 488 1088 532 τοῖς
1115 481 1431 538 Ἐπιτρέπουσιν.

489 672 536 715 οἱ
563 675 818 728 τηλικοῦτοι
848 671 920 716 καὶ
954 678 1151 716 τοιοῦτοι
1183 679 1243 732 τῷ
1277 673 1397 730 γένει

320 758 540 810 Hephaest.
560 774 598 810 p.
622 761 705 800 156
729 760 855 799 Gaisf.
876 773 923 799 ex
944 761 1028 799 cod.
1050 760 1230 800 Saibanb.
1251 756 1320 815 (cf.
1341 762 1491 801 Aneod.
1511 775 1595 802 var.
1617 763 1788 803 Schoell.

197 821 240 859 etz
273 819 535 859 Studemund.
567 820 587 858 I
620 821 696 870 44,
733 816 806 872 14)
849 817 1095 871 Μένανδρος
1135 819 1207 860 ἐὰν
1247 817 1329 876 (ἐν)
1369 820 1627 873 ἐπιτρέπωσιν
1665 819 1790 876 (Ἐπι-

196 876 426 933 τρέπουσιν)
459 882 538 919 κτλ.
586 877 659 931 τὴν
687 880 748 919 an
774 878 817 919 ἕν
842 879 1007 936 τετάρτῳ
1033 879 1129 920 ποδὶ
1154 879 1383 922 συνέστειλε.
1445 883 1618 922 Bekker.
1639 884 1789 923 Anecd.

199 941 314 979 1175
349 940 400 979 ad
433 942 532 991 826,
567 941 619 980 15
652 938 719 979 καὶ
747 939 855 996 παρὰ
890 939 1122 996 Μενάνδρῳ
1154 944 1232 981 κτλ.
1289 942 1460 982 Photius
1493 944 1591 993 585,
1625 946 1648 983 9
1684 946 1790 995 τηλι-

151 1012 153 1014 ’
196 1004 340 1047 κοῦτος
371 998 435 1040 ἐπὶ
465 997 620 1052 ἡλικίας
653 1000 815 1040 τίθεται.
878 1000 1005 1049 οὕτως
1037 999 1295 1055 Μένανδρος.

956 1119 1041 1162 182

318 1192 551 1232 Priscianus
580 1195 648 1245 18,
678 1195 759 1233 167
795 1191 939 1246 ἀρτίως
970 1192 1037 1233 καὶ
1068 1191 1156 1246 ἄρτι
1187 1198 1222 1234 et
1244 1198 1504 1244 praeteritum
1529 1197 1669 1246 paullo
1702 1200 1791 1235 ante

197 1256 233 1292 et
255 1265 447 1301 praesens
478 1255 676 1302 siqnifiicat
706 1255 815 1302 apud
845 1255 934 1294 illos
966 1249 1166 1309 (Atticos)
1200 1284 1209 1293 .
1242 1285 1251 1294 .
1286 1284 1295 1294 .
1328 1253 1573 1306 Μένανδρος
1605 1254 1647 1295 ἐν
1679 1252 1789 1295 Ἐπι-

196 1309 409 1364 τρέπουσιν
441 1316 616 1350 EICIMN
652 1311 751 1365 πρὸς
784 1312 939 1365 ἐκείνην
972 1312 1114 1367 λέγεις,
1146 1312 1233 1366 ἄρτι
1257 1313 1333 1368 γὰρ
1359 1320 1452 1355 νοῶ.
1495 1315 1634 1367 εἴσειμι
1654 1311 1730 1369 (O)
1752 1332 1789 1356 α.

196 1370 297 1423 νοῶ]
337 1378 518 1412 κατανοῶ
559 1374 650 1412 Ald.
695 1372 827 1425 ἔσιμεν
864 1372 964 1427 πρὸς
1001 1373 1159 1426 ἐκείνην
1194 1373 1341 1428 ἔλεγες·
1385 1373 1472 1427 ἄρτι
1503 1374 1578 1428 γὰρ
1611 1381 1692 1415 νοῶ
1724 1377 1790 1416 vel

195 1431 329 1484 ἔσιμεν
360 1446 425 1484 πρ.
458 1431 533 1484 ἐκ.,
571 1430 658 1485 ἄρτι
688 1432 763 1487 γὰρ
802 1439 882 1473 νοῶ
915 1432 1038 1488 λέγεις
1068 1435 1224 1474 Nauck.
1258 1457 1313 1462 —
1339 1460 1364 1477 ψ
1387 1458 1437 1463 --
1467 1453 1491 1477 ῡ
1511 1457 1568 1462 -
1606 1435 1789 1488 πρόσειμι

197 1490 239 1532 δὲ
270 1490 370 1546 πρὸς
401 1491 572 1545 ἐκείνην,
603 1491 656 1545 ἣν
688 1491 828 1548 λέγεις·
857 1495 862 1544 Ι
896 1491 984 1547 ἄρτι
1014 1493 1089 1548 γὰρ
1127 1500 1209 1535 νοῶ
1241 1496 1448 1535 Herwerd.
1475 1495 1569 1535 Obs.
1597 1497 1685 1535 orit.
1720 1498 1788 1535 86.

904 1614 910 1621 ’
954 1612 1038 1654 183

1012 1683 1297 1741 ἐπιτρεπτέον
1329 1683 1418 1728 τινὶ

450 1744 571 1786 ἔστιν
602 1741 703 1800 περὶ
735 1744 920 1787 τούτων.

317 1830 451 1870 Schol.
471 1830 679 1882 Aristoph.
703 1832 874 1871 Acharn.
892 1834 1006 1872 1115
1035 1830 1243 1884 ἐπιτρέψαι
1269 1831 1366 1872 ὥστε
1390 1835 1536 1883 κρῖναι.
1585 1830 1653 1871 καὶ
1672 1830 1788 1871 Μέν-

202 1890 350 1943 ανδρος
381 1889 424 1930 ἐν
452 1887 687 1944 Ἐπιτροπεῖ
710 1894 789 1931 κτλ.
850 1892 893 1931 in
924 1892 960 1931 R
990 1893 1048 1931 nil
1079 1893 1159 1932 nisi
1190 1893 1321 1944 prima
1352 1893 1433 1932 tria.
1463 1893 1598 1933 verba.

955 2009 1038 2052 184

922 2080 1141 2137 ἐξετύφην
1172 2078 1255 2137 μὲν
1287 2078 1371 2124 οὖν

485 2140 695 2184 κλάουσα.

0 1928 7 1952 t

0 1956 10 1999 ἱ

0 2036 9 2067 F

0 2109 12 2132 ἱ

0 2157 10 2195 I

318 2215 450 2256 Schol.
470 2216 611 2267 Eurip.
631 2217 781 2256 Phoen.
802 2219 915 2256 1154
942 2217 1079 2256 Dindf.
1110 2215 1315 2267 τύφεσθαί
1338 2215 1416 2255 ε’στι
1441 2215 1482 2256 τὸ
1509 2216 1602 2264 τοὺς
1629 2214 1786 2267 ὀφθαλ-

0 2251 26 2323 k
198 2273 300 2327 μοὺς
326 2275 608 2329 συγκεχύσθαι.
659 2274 903 2329 Μένανδρος
936 2307 945 2316 .
966 2307 976 2316 .
996 2307 1006 2316 .
1039 2276 1081 2316 ἐν
1103 2274 1419 2329 Ἐπιτρέπουσιν.
1452 2275 1707 2328 ἐξετυφήθην
1733 2277 1786 2316 Μ.

0 2322 14 2376 F
198 2334 421 2386 ἕξετύφλων
442 2331 600 2390 (littera
620 2339 640 2376 λ
660 2338 872 2376 obscurius
892 2333 1062 2391 Scripba)
1085 2338 1127 2377 C.
1160 2336 1352 2388 ε’ξετύῳου
1374 2338 1418 2376 Τ.
1451 2336 1627 2377 κλάουσα
1645 2335 1784 2388 Mein]

0 2384 11 2471 ἶ
198 2395 401 2436 κλαίουσα.
459 2393 784 2450 Ἐπιτρέπουσιν]
818 2395 1074 2450 ἐπιτρέπευον
1106 2398 1138 2437 Ι.

955 2514 1040 2557 185

0 2561 17 2663 ἓ-
487 2572 633 2629 ἐχῖνος

0 2670 13 2681 --
317 2647 461 2700 χύτρας
486 2643 592 2696 εἶδος
617 2648 910 2702 μεγαλοστόμου
937 2647 1004 2688 καὶ
1030 2649 1212 2703 μεγάλης.
1257 2647 1448 2700 μέμνηται
1473 2654 1542 2701 τῆς
1569 2647 1707 2697 λέξεως
1727 2679 1736 2688 .
1751 2679 1760 2688 .
1776 2679 1785 2688 .

199 2705 444 2760 Μένανδρος
475 2707 518 2748 ἐν
545 2705 859 2760 Ἐπιτρέπουσιν.
903 2710 1084 2749 Erotian.
1108 2712 1174 2759 73,
1205 2712 1255 2748 11
1280 2709 1412 2748 Klein.
1455 2710 1505 2749 ef.
1529 2710 1695 2749 philem.
1716 2711 1786 2749 45.

852 2825 1126 2859 ΕΤΝΟΤΧΟΣ

319 2900 480 2939 Terent.
523 2879 707 2940 Ευ1111011.
751 2901 943 2940 didascal.
984 2914 1130 2950 yraeca
1172 2902 1412 2940 Menandru.
1476 2901 1634 2940 Terenb.
1680 2901 1784 2939 Eun.

199 2959 300 3010 prol.
325 2962 376 3000 19
409 2972 515 2999 mmo
546 2962 677 3000 acturi
698 2973 834 3000 sumus
861 2955 873 3015 ‡
896 2962 1114 3001 Mendndri
1139 2962 1386 3000 Eunuchum.
1429 2961 1592 2999 initium
1624 2961 1784 2999 fabulae
