2014 3334
272 239 327 282 gg
820 241 825 244 ·
905 237 1202 271 MENANAPOT

1011 345 1095 388 308

391 434 520 472 Sohol.
553 432 674 471 Olem.
700 432 812 470 Alex.
846 432 973 471 Protr.
1008 433 1046 482 2,
1079 433 1133 470 26
1165 446 1203 482 p.
1236 432 1322 470 423
1355 431 1490 470 Dindf.
1529 427 1837 482 Ἐπιμενίδης

272 492 442 543 ἐκάθηρε
473 490 540 539 τὰς
567 488 759 542 Ἀθήνας·
797 485 848 542 ἧν
881 488 923 529 δὲ
954 488 1065 542 Κρὴς
1101 491 1153 546 τῷ
1184 488 1287 542 γένει
1317 488 1383 529 καὶ
1414 489 1658 542 σοφώτατος,
1691 484 1739 530 οὗ
1771 487 1838 529 καὶ

273 550 513 603 Μένανδρος
546 548 736 602 μέμνηται
768 548 810 589 ἐν
841 552 925 597 ταῖς
955 547 1290 601 Κωνεαζομέναις.

394 611 450 649 Of.
484 612 692 660 praeterea
725 611 821 648 613.

930 685 1180 721 ΛΕΤΚΑΔῙΑ

391 764 685 814 Harpocration
703 762 864 810 Λευκάς
884 793 893 802 .
913 793 922 801 .
944 793 953 801 .
974 761 1016 801 ἐν
1042 760 1145 818 μέσῳ
1166 759 1208 801 δὲ
1233 761 1299 801 καὶ
1321 761 1363 801 τὸ
1383 762 1630 815 Μενάνδρου
1658 763 1788 815 δρᾶμα
1812 760 1838 814 ἡ

274 824 532 862 Λευκαδία.
560 823 721 862 Servius
736 824 855 874 Verg.
870 822 968 862 Aen.
984 825 1022 872 3,
1039 824 1122 861 279
1147 822 1270 861 Varro
1290 824 1471 870 templum
1486 823 1624 862 Veneri
1643 825 1692 862 ab
1705 822 1841 862 Aenea

278 885 470 922 eonditum
499 885 566 922 ubi
595 895 698 921 nune
727 883 883 921 Leucas
912 886 966 921 est
996 883 1098 926 dicit,
1129 884 1305 930 quamvis
1330 882 1547 920 Menander
1579 885 1613 920 et
1639 883 1841 931 Turpilius

278 945 409 982 comici
440 956 464 981 a
489 943 650 981 Phaone
674 942 812 982 Lesbio
843 943 885 980 id
916 942 1096 990 templum
1127 942 1320 980 eonditum
1350 942 1503 980 dicant:
1534 943 1600 989 Qui
1631 954 1718 980 eum
1749 945 1843 981 esset

274 1003 552 1046 navicularius,
577 1003 711 1040 solitus
736 1014 761 1040 a
780 1001 904 1040 Lesbo
930 1003 972 1039 in
996 1002 1243 1039 continentem
1255 1002 1455 1049 proaefimos
1479 1013 1644 1049 quosque
1673 1002 1842 1040 mercede

276 1062 534 1105 transvehere,
576 1061 758 1100 Venerem
794 1063 984 1099 mutatam
1020 1062 1062 1098 in
1100 1062 1215 1098 anuis
1254 1061 1424 1108 formam
1451 1062 1577 1108 ,aratis
1613 1062 1843 1100 transvexit:

277 1124 509 1169 quapropter
546 1122 593 1159 ab
633 1132 677 1159 ea
714 1121 878 1158 donatus
914 1121 1099 1168 unquenti
1129 1120 1343 1168 alabastro,
1386 1131 1472 1157 cum
1502 1131 1542 1158 se
1572 1121 1614 1158 in
1644 1121 1725 1158 dies
1754 1121 1843 1159 inde

277 1183 393 1218 totum
424 1183 594 1228 unyerct,
631 1180 799 1227 feminas
838 1181 876 1218 iu
909 1181 972 1217 sui
1003 1190 1172 1217 amorem
1203 1179 1385 1217 trahebat.
1435 1180 1478 1217 in
1508 1181 1614 1227 queis
1643 1181 1720 1227 fuit
1748 1191 1841 1229 una,

276 1251 373 1287 quae
404 1240 449 1277 de
478 1242 602 1277 monte
621 1240 799 1289 Leucate,
832 1251 918 1277 cum
942 1239 1067 1286 potiri
1097 1239 1178 1276 eius
1207 1239 1391 1285 nequiret,
1422 1239 1604 1276 abiecisse
1627 1250 1667 1277 se
1691 1240 1842 1277 dieitur.

276 1298 323 1336 de
363 1298 471 1336 Sexti
511 1297 682 1348 Turpilii
719 1299 920 1337 Leucadia
958 1298 1005 1336 cf.
1039 1295 1083 1335 O.
1103 1297 1283 1335 Ribbeck
1314 1296 1457 1335 Annal.
1490 1297 1683 1336 Fleckeis.
1704 1297 1843 1336 LXIX

278 1359 331 1396 34
348 1371 404 1408 sq.
437 1357 543 1396 Gom.
575 1358 620 1396 R.
654 1352 723 1395 fr.2
763 1359 829 1396 97.
863 1359 901 1396 8.
939 1356 1008 1407 qui
1043 1356 1254 1406 utriusque
1295 1356 1520 1395 comoediae
1562 1359 1843 1408 argumentum

278 1417 332 1455 sio
364 1418 446 1455 fere
478 1417 701 1455 adumbrat.
752 1417 888 1467 puella
913 1416 1108 1467 quaedam
1142 1415 1240 1455 duos
1273 1418 1471 1455 amatores
1504 1416 1637 1466 habet,
1669 1416 1842 1455 alterum

278 1476 573 1515 adulescentem
598 1476 832 1525 modestum,
866 1476 1040 1515 alterum
1057 1475 1273 1526 Phaonem,
1305 1488 1439 1514 senem
1471 1475 1540 1514 sed
1572 1488 1596 1514 a
1614 1475 1770 1515 Venere
1801 1476 1843 1514 in

277 1536 461 1574 iuvenem
499 1537 818 1574 transmutatum
856 1537 897 1574 et
938 1534 1249 1585 pulchritudinis
1293 1535 1536 1574 conscientia
1576 1535 1842 1574 fastidiosum.

278 1596 413 1644 puella
445 1595 640 1634 desiderio
666 1595 840 1634 Phaonis
873 1594 992 1633 simul
1023 1597 1064 1633 et
1095 1596 1206 1633 metu
1235 1607 1284 1632 ne
1315 1594 1385 1633 ille
1415 1595 1584 1633 alteram
1615 1597 1722 1633 amet
1753 1607 1843 1633 con-

278 1655 410 1692 ficitur
453 1667 498 1693 ac
535 1655 695 1693 tandem
735 1655 950 1704 desperans
995 1666 1036 1693 se
1077 1666 1253 1692 amorem
1296 1654 1380 1692 eius
1423 1653 1601 1692 nancisci
1641 1666 1758 1704 posse
1795 1654 1843 1693 de

279 1714 453 1752 Leucate
483 1714 525 1752 in
555 1727 664 1752 mare
696 1727 737 1753 se
770 1713 925 1764 proicit,
957 1713 1027 1752 sed
1058 1713 1108 1752 ab
1135 1713 1389 1752 adulescente
1422 1726 1470 1752 ex
1494 1713 1634 1752 mortis
1665 1713 1844 1764 periculo

280 1773 459 1823 eripitur.
510 1786 588 1824 quo
621 1774 727 1812 facto
748 1774 886 1819 Phaon
918 1785 1058 1812 rursus
1090 1772 1131 1811 in
1156 1785 1290 1812 senem
1321 1773 1580 1823 convertitur,
1612 1773 1843 1812 adulescens

283 1835 414 1870 autem
445 1833 580 1882 puella
611 1834 746 1872 amata
776 1833 942 1882 potitur.
994 1833 1040 1871 cf.
1062 1832 1214 1882 Turpil.
1247 1833 1389 1882 fragm.
1425 1835 1460 1871 1.
1494 1834 1530 1871 8.
1566 1834 1632 1870 11.
1666 1834 1732 1871 12.
1765 1831 1845 1872 Cio.

281 1892 394 1929 Tusc.
428 1894 472 1939 4,
508 1894 581 1942 34,
615 1894 638 1930 7
646 1894 668 1930 2
702 1896 754 1931 est
786 1896 882 1931 certe
919 1888 1083 1943 (aliquis
1116 1886 1265 1944 amor),
1304 1894 1370 1940 qui
1405 1893 1502 1931 nihil
1533 1892 1632 1930 absit
1669 1895 1740 1930 aut
1767 1903 1846 1931 uon

280 1952 442 1989 multum
485 1953 533 1990 ab
576 1953 751 1996 insania,
796 1953 922 2000 qualis
964 1954 1007 1990 in
1043 1952 1245 1991 Leucadia
1289 1954 1351 1990 est.
1414 1951 1460 1990 ef.
1495 1951 1618 1990 etiam
1656 1964 1756 2001 quae
1795 1951 1846 1990 ad

281 2010 460 2048 Platonis
491 2012 688 2082 Phaonem
719 2011 996 2050 adnotavimus
1028 2011 1048 2048 I
1081 2011 1178 2050 645.
1212 2012 1249 2050 6.

1023 2126 1108 2168 309

938 2209 1057 2259 ὅστις
1088 2207 1238 2264 ὑπέχει
1269 2209 1437 2266 χρυσίῳ

495 2280 576 2334 τὴν
606 2287 749 2336 χεῖρα,
781 2279 864 2322 κᾶν
895 2280 953 2335 μὴ
986 2286 1064 2336 φῇ,
1096 2281 1268 2337 πονηρὰ
1298 2280 1515 2335 βούλεται.

404 2365 596 2404 Stobaeus
628 2367 763 2405 Floril.
800 2369 870 2417 10,
905 2368 959 2405 20
1009 2366 1255 2419 Μενάνδρου
1287 2366 1495 2406 Λευκαδία
1526 2367 1562 2405 Α
1606 2361 1847 2420 (λευκαδεία,

285 2424 471 2462 λευκαδία
490 2425 602 2464 Voss.
624 2421 778 2479 Heus..)
809 2426 1006 2465 Maximus
1039 2426 1148 2465 Oonf.
1173 2429 1239 2475 12,
1273 2428 1326 2466 35
1358 2440 1397 2476 p.
1425 2428 1505 2465 571
1542 2425 1748 2465 Combefis.
1810 2429 1846 2465 2.

285 2482 384 2533 φησὶ
414 2484 516 2522 Max
549 2483 729 2535 βούλεται
759 2485 796 2523 N
828 2487 869 2524 et
888 2481 956 2535 13¹]
990 2484 1220 2537 βουλεύεται
1254 2482 1397 2540 (etiam
1428 2480 1563 2539 Max).
1612 2485 1847 2539 Diogenian.

287 2545 417 2593 3,12
453 2539 613 2595 (Apost.
645 2546 689 2595 4,
724 2542 798 2597 27)
833 2541 1002 2591 Ἀττικὸς
1038 2543 1169 2596 υπέχει
1205 2543 1278 2596 τὴν
1315 2548 1423 2606 χεῖρα
1458 2542 1747 2600 ἀποθνήσκων·
1785 2543 1850 2584 ἐπὶ

284 2607 361 2639 τῶν
393 2601 656 2654 φιλαργύρων.

1026 2684 1112 2726 310
1179 2710 1185 2714 -

570 2763 637 2807 ἀεὶ
667 2762 895 2820 νομίζονθ’
932 2766 978 2808 οἱ
1005 2765 1187 2821 πένητες
1218 2773 1308 2808 τῶν
1337 2770 1471 2809 θεῶν.

370 2849 602 2961 [gStgb>aesss
621 2851 756 2891 Floril.
779 2853 846 2904 95,
867 2854 893 2891 4
925 2852 1172 2904 Μενάνδρου
1193 2852 1400 2891 Λευκαδία
1431 2853 1480 2892 Α.
1535 2848 1712 2943 νομίζεθ’
1749 2847 1793 2906 (i.
1814 2866 1846 2892 e.

290 2923 366 2959 νομ
405 2919 447 2947 εσ
