2014 3334
897 247 1119 282 ΑΔΕΑΦΟΙ
1776 252 1803 293 5

218 360 261 408 2,
295 359 350 398 55
391 370 486 398 nam
516 358 640 397 hercle
670 358 775 397 cilius
811 371 924 398 nemo
960 360 1115 409 re'spicii
1145 374 1216 401 nos
1254 374 1302 400 ex
1336 362 1398 401 his
1430 363 1641 403 Menandri
1672 366 1802 404 trans-

215 419 301 459 lata
331 420 438 468 sunt,
471 431 551 458 non
583 417 733 469 ubique
765 418 882 458 illum
914 420 1081 459 verbum
1115 421 1163 460 de
1196 422 1318 462 verbo
1347 423 1589 473 expressisse
1622 424 1801 475 adparet.

988 536 1017 579 5

429 607 484 651 οὐ
515 609 742 658 παντελῶς
775 607 848 650 δεῖ
874 615 968 659 τοῖς
999 615 1216 666 πονηροῖς
1248 608 1513 666 ἐπιτρέπειν,

429 677 524 722 ἀλλ’
563 678 884 722 ἄντιτάττεσθ’·
948 681 990 723 εἰ
1020 678 1070 723 δὲ
1101 682 1181 737 μή,
1213 682 1333 725 τᾶνω
1365 682 1482 725 κάτω

427 750 554 807 ἡμῶν
586 751 609 794 ὁ
642 753 740 807 βίος
772 753 897 808 λήσει
928 752 1251 810 μεταστραφεὶς
1283 754 1397 805 ὅλος.

225 863 239 875 2
333 838 532 879 Stobaeus
563 839 703 879 Floril.
724 841 794 890 44,
828 841 852 879 3
886 839 1136 893 Μενάνδρου
1165 837 1372 892 Ἀδελφοῖς
1404 842 1452 881 Α.
1502 842 1665 882 Maxim.
1687 843 1800 884 Conf.

212 898 337 938 Serm.
371 900 440 950 57,
482 901 566 940 113
598 913 636 950 p.
672 901 755 939 665
797 899 1006 940 Combefis.
1049 896 1173 953 (quae
1213 902 1337 941 editio
1377 903 1464 941 sola
1501 902 1686 942 codicum
1722 904 1799 943 fide

209 953 388 1013 nititur).
420 973 457 999 v.
493 962 530 999 1.
558 962 582 999 2
618 959 755 1010 Comp.
774 960 879 1000 Men.
913 962 953 1000 et
984 961 1087 1001 Phil.
1125 963 1220 1002 105.
1256 963 1280 1002 6
1314 956 1371 1016 (p.
1407 964 1460 1002 26
1503 960 1800 1016 Studemund.)‚

209 1020 281 1059 ubi
307 1021 486 1059 extrema
511 1022 704 1072 corrupta
730 1022 836 1060 sunt.
900 1023 938 1060 2.
971 1020 1024 1073 μή
1050 1017 1105 1074 γ’,
1137 1018 1222 1061 ἄνω
1254 1022 1494 1074 Bernhardy
1513 1023 1679 1075 Dionys.
1702 1026 1798 1064 937.

213 1083 251 1119 3.
272 1078 587 1132 μεταστραφθεὶς
605 1080 651 1120 Β.
685 1075 798 1120 ‘sunt
822 1081 947 1121 verba
966 1081 1172 1134 Hegionis,
1205 1082 1275 1134 qui
1301 1083 1492 1122 iniuriam
1518 1096 1542 1122 a
1566 1084 1703 1133 pravis
1727 1085 1796 1124 ho-

209 1139 386 1179 minibus
425 1140 595 1180 inlatam
634 1141 744 1181 omni
774 1141 891 1181 modo
923 1141 1207 1182 vindicandam
1238 1138 1390 1182 censet'
1429 1156 1476 1183 ex
1514 1155 1659 1183 scaena
1691 1146 1736 1196 3,
1769 1147 1794 1183 4

209 1201 303 1250 post
329 1202 354 1240 8
386 1201 452 1240 vel
476 1203 569 1252 post
589 1202 658 1241 54.
711 1197 863 1240 ‘omisit
883 1202 1098 1242 Terentius
1118 1205 1164 1242 ut
1184 1215 1313 1253 saepe,
1337 1203 1432 1254 quia
1450 1204 1680 1255 generalem
1707 1217 1796 1244 sen—

207 1260 379 1300 tentiam
405 1274 486 1301 non
512 1261 674 1301 omnino
699 1262 968 1302 necessariam
988 1259 1279 1302 continebant?
1312 1264 1412 1303 Ihne
1433 1263 1594 1310 Quaest.
1617 1264 1706 1304 Ter.
1728 1267 1795 1304 29.

940 1415 942 1417 .
985 1379 1011 1421 6

495 1450 605 1507 πρὸς
637 1450 810 1493 ἅπαντα
843 1450 994 1494 δειλὸν
1026 1450 1050 1494 ὁ
1082 1450 1218 1508 πένης
1250 1450 1343 1495 ἐστὶ
1375 1452 1460 1509 γὰρ

421 1520 496 1565 καὶ
528 1521 697 1573 πάντας
729 1521 869 1565 αὑτοῦ
899 1530 1202 1579 καταφρονεῖν
1232 1523 1550 1580 ὑπολαμβάνει.

359 1653 365 1656 χ
424 1594 448 1637 ὁ
480 1595 565 1651 γὰρ
597 1596 786 1652 μετρίως
815 1594 1023 1651 πράττων
1053 1594 1446 1653 περισκελέστερον

423 1667 597 1710 ἅπαντα
627 1666 830 1724 τάνιαρά,
862 1669 1097 1724 Λαμπρία,
1131 1666 1276 1725 φέρειῙ

326 1754 524 1797 Stobaeus
545 1754 684 1794 Floril.
707 1757 776 1799 96.
804 1757 855 1794 11
891 1754 1141 1808 Μενάνδρου
1175 1756 1222 1796 A.
1279 1755 1470 1806 Adelphis
1501 1760 1611 1797 recte
1642 1758 1791 1798 tribuit

203 1815 429 1855 Meinekius
466 1816 634 1866 propter
666 1815 826 1855 Terent.
861 1817 900 1866 4,
933 1817 973 1866 3,
1007 1818 1061 1855 14
1100 1816 1232 1856 omne's
1269 1818 1408 1866 quibus
1439 1830 1501 1857 res
1531 1821 1623 1857 sunt
1658 1820 1789 1858 minus

204 1877 411 1920 seomidae,
448 1876 575 1924 Μάριε
610 1878 703 1915 sunt
737 1877 864 1915 neseio
901 1876 1086 1924 quomodo
1127 1876 1132 1924 Ι
1167 1878 1392 1926 suspiciosi:
1436 1879 1489 1917 ad
1520 1878 1790 1918 contumeliam

205 1936 337 1975 o'mnia
386 1936 580 1984 accipiiiait
626 1937 776 1984 maqis:
828 1935 834 1984 Ι
878 1936 1042 1985 propter
1090 1949 1205 1976 suam
1249 1937 1503 1986 inpotentiam
1552 1950 1592 1977 se
1641 1939 1790 1988 se'mper

204 1997 364 2035 creabunt
399 1996 536 2035 liidier.
598 1995 707 2046 apud
745 1995 981 2035 Terentium
1018 1997 1228 2036 Micionem
1274 1997 1508 2048 adloquitur
1545 1998 1687 2050 Hegio.
1754 2001 1790 2039 1.

202 2054 302 2108 πρὸς
333 2052 597 2103 ἁπαξάπαντα
623 2055 828 2096 Herwerd.
860 2056 962 2096 Nov.
994 2056 1083 2096 add.
1116 2057 1205 2096 crit.
1228 2059 1306 2097 ⁷38.
1361 2058 1409 2097 de
1447 2058 1675 2109 postposita
1714 2058 1790 2111 γάρ

203 2116 252 2155 cf.
285 2115 506 2167 Antiphan.
540 2117 613 2167 26,
653 2117 722 2156 22.
791 2117 828 2157 3.
861 2114 1201 2169 περισκελέστερον
1233 2118 1389 2163 durius,
1422 2120 1580 2167 aegrius
1612 2118 1789 2170 Gesner,

203 2178 441 2228 περισκελῶς
471 2176 609 2226 potius
641 2178 832 2228 σκληρῶς,
864 2181 1031 2229 στερρῶς
1062 2177 1355 2229 interpretatur
1376 2177 1565 2228 Cobetus,
1599 2178 1668 2230 qm'
1693 2179 1742 2218 N.
1763 2180 1787 2218 l.

206 2238 272 2277 72.
307 2237 331 2276 3
365 2236 443 2276 duo
474 2236 574 2276 haec
605 2237 835 2288 fragmenta
874 2249 961 2276 esse
994 2238 1243 2289 suspicatur,
1281 2251 1451 2288 quorum
1484 2239 1659 2278 alterum
1698 2252 1789 2278 cum

204 2295 393 2346 Adelphis
423 2296 526 2335 nihil
557 2309 767 2336 commune
797 2297 958 2336 habeat.
1021 2298 1229 2337 Bentleius
1263 2298 1398 2338 omnia,
1427 2303 1536 2338 recte
1575 2299 1787 2338 cohaerere

203 2357 403 2408 censebat,
436 2356 470 2395 si
501 2354 570 2396 τὸν
601 2356 765 2409 μετρίως
795 2356 1016 2409 πράττοντα
1039 2371 1257 2408 pauperem
1288 2358 1660 2409 interpretaremur.

986 2475 1009 2516 7

326 2549 541 2587 Terentius
574 2549 613 2597 4,
647 2550 685 2599 5,
719 2549 774 2588 59
808 2551 902 2598 quid
934 2551 1141 2590 credebas?
1178 2551 1382 2590 dormienti
1418 2551 1511 2589 haec
1542 2552 1612 2590 tibi
1643 2554 1787 2599 confec-

204 2609 311 2648 twros
336 2610 451 2648 deos?
484 2608 557 2648 ubi
589 2609 713 2648 codex
737 2609 959 2649 Bambinus
985 2611 1203 2650 Menandri·
1234 2623 1256 2648 ν
1283 2642 1291 2650 .
1319 2642 1326 2650 .
1359 2623 1428 2650 sus
1459 2614 1513 2649 est
1542 2612 1585 2649 in
1609 2611 1675 2650 illo
1708 2612 1787 2650 loco

204 2681 276 2767 {ue
308 2699 316 2708 .
337 2699 345 2707 .
367 2701 375 2709 .
407 2682 658 2722 γυμνατεραν
685 2698 694 2707 .
716 2701 723 2709 .
745 2698 754 2708 .
785 2672 925 2709 τταλον
957 2670 1050 2709 abet
1081 2671 1109 2709 h
1135 2703 1142 2710 .
1165 2701 1172 2709 .
1195 2700 1202 2709 .
1235 2670 1430 2710 indicavit
1462 2669 1647 2722 Spengel.
1670 2671 1785 2709 Varr.

241 2758 249 2766 .
280 2729 306 2769 l.
338 2742 376 2779 p.
412 2730 508 2768 118.

980 2811 1006 2853 8

493 2880 605 2923 ὀκτώ
638 2896 704 2932 τις
735 2881 920 2938 ὑποχεῖν
952 2881 1116 2937 ἀνεβόα
1147 2880 1220 2924 καὶ
1254 2882 1426 2924 δώδεκα

490 2952 708 3009 κυάθους,
741 2952 824 3004 ἕως
854 2952 1078 2997 κατέσεισε
1111 2954 1496 3010 φιλοτιμούμενος.
