2014 3334
699 259 905 295 ΑΔΗΛΩΝ
931 260 1191 296 ΔΡΑΜΑΤΩΝ
1648 260 1733 302 201

907 369 993 412 699

372 439 610 497 ἐλεύθερος
640 446 725 492 πᾶς
757 439 823 484 ἑνὶ
856 441 1143 497 δεδούλωται,
1176 443 1314 500 νόμῳ,

372 513 504 556 δυοῖν
536 509 585 555 δὲ
618 513 794 566 δοῦλος,
827 512 900 556 καὶ
931 515 1054 572 νόμῳ
1087 512 1160 556 καὶ
1193 514 1396 570 δεσπότῃ.

277 599 461 652 Compar.
495 601 598 640 Men.
631 602 672 640 οἱ)
703 601 806 639 Phil.
842 602 928 640 360
961 595 1234 655 (studemund
1269 604 1364 641 118.
1399 603 1423 641 9
1458 616 1495 652 p.
1529 596 1617 655 27).
1701 604 1735 642 1.

157 657 200 700 δὲ
221 659 352 700 δούλω
377 665 429 700 τῶ
451 660 529 710 QP,
562 671 663 701 corr.
684 660 834 711 Rigalt.
899 663 935 700 2.
969 661 1086 700 δυοῖν
1105 658 1242 713 Mein]
1271 660 1388 700 δύσιν
1408 662 1489 708 Ql’.
1520 662 1735 713 Phrynieh.

156 720 240 760 Eel.
275 722 372 761 210.
415 720 558 768 δοῦλος
589 719 698 772 Rig]
733 719 863 761 δούλω
897 721 974 768 QP.

903 838 989 880 700

371 922 507 978 νόμος
539 919 788 978 φυλαχθεὶς
819 919 955 964 οὐδέν
987 920 1108 964 ἐστιν
1138 921 1166 977 ἢ
1198 923 1349 978 νόμος,

374 993 397 1037 ὁ
429 994 488 1050 μὴ
521 991 769 1050 φυλαχθεὶς
799 992 873 1036 καὶ
903 995 1041 1050 νόμος
1071 991 1145 1037 καὶ
1178 994 1345 1050 δήμιος.

276 1082 459 1132 Compar.
492 1082 592 1121 Men.
628 1083 669 1121 et
699 1081 802 1121 Phil.
837 1083 919 1121 361
956 1077 1230 1134 (Studemund
1259 1082 1354 1120 144.
1390 1083 1414 1120 5
1450 1096 1485 1132 p.
1509 1079 1598 1134 29).
1645 1083 1738 1121 Phi-

157 1142 309 1182 listioni
347 1142 418 1182 dat
455 1142 541 1181 cod.
579 1141 813 1182 Boissonad.
851 1142 1000 1181 Aneed.
1034 1142 1053 1180 I
1089 1142 1185 1182 150.
1250 1137 1345 1180 ‘non
1384 1142 1546 1181 videtur
1584 1143 1739 1192 antiqui

156 1205 299 1255 poetae
331 1198 446 1242 esse'.
504 1201 622 1241 Mein.

903 1271 986 1314 701

372 1355 431 1410 μὴ
463 1353 601 1410 πάσχε
631 1328 811 1410 πρῶτον
841 1355 921 1397 τὸν
951 1356 1094 1411 νόμον
1125 1352 1199 1397 καὶ
1230 1354 1445 1410 μάνθανε.

373 1426 459 1483 πρὸ
491 1431 573 1468 τοῦ
604 1429 770 1468 παθεῖν
802 1422 852 1469 δὲ
882 1431 944 1484 τῷ
976 1427 1104 1484 φόβῳ
1137 1426 1470 1483 προλαμβάνου.

279 1514 463 1566 Compar.
497 1514 600 1552 Men.
633 1516 675 1553 et
705 1514 809 1552 Phil.
844 1515 927 1554 361
963 1509 1237 1567 (Studemund
1273 1516 1368 1554 147.
1401 1516 1426 1554 8
1460 1529 1497 1565 p.
1532 1509 1619 1567 29).
1702 1518 1738 1554 2.

158 1573 202 1616 δὲ
233 1574 369 1626 Mein]
404 1586 457 1615 σε.
508 1569 602 1612 ‘non
634 1575 697 1614 est
729 1574 886 1626 antiqui
917 1569 1087 1626 poetae?
1153 1573 1272 1613 Mein.
1304 1575 1352 1614 ef.
1386 1574 1523 1615 Cobet.
1555 1575 1603 1613 N.
1626 1576 1649 1614 l.
1670 1577 1737 1614 44.

902 1691 990 1734 702

372 1763 547 1820 γυναῖχ’
584 1763 608 1807 ὁ
641 1763 868 1806 διδάσκων
899 1763 1134 1820 γράμματα
1165 1766 1310 1814 καλῶς
1347 1792 1354 1797 „

374 1836 527 1880 ἀσπίδι
560 1833 609 1879 δὲ
641 1837 815 1893 φοβερᾷ
846 1837 1132 1893 προσπορίζει
1163 1836 1412 1892 φάρμακον.

278 1924 489 1964 Menandri
518 1923 705 1963 Disticha
733 1923 919 1963 Parisina
944 1922 1195 1963 Studemund
1229 1926 1265 1963 1.
1294 1925 1317 1962 2
1351 1937 1387 1974 p.
1417 1924 1484 1962 35.
1550 1926 1586 1962 1.
1618 1922 1738 1975 γράμ-

159 1981 248 2037 ματ’
284 1983 333 2024 οὐ
370 1986 500 2031 καλῶς
536 1985 648 2024 ποιεῖ
674 1982 785 2023 Grot.
822 1979 1015 2036 γράμματ’
1052 1980 1258 2036 εὔμορφον
1289 1986 1417 2030 καλῶς
1449 1982 1496 2021 A.
1523 1983 1737 2022 Rossbach.

161 2047 200 2084 2.
232 2042 274 2084 δὲ
305 2044 395 2084 add.
427 2044 545 2084 Mein.
595 2043 846 2096 προσπορίζει
877 2044 1059 2083 Boisson.
1091 2044 1240 2084 Anecd.
1274 2044 1293 2082 I
1329 2044 1411 2082 148
1426 2056 1464 2083 n.
1498 2040 1542 2092 2]
1586 2056 1739 2094 προπο-

161 2104 255 2157 ρίζει
286 2103 365 2151 QP.
396 2105 567 2144 fortasse
599 2101 737 2143 ἀσπίδι
767 2105 925 2159 πονηρᾷ
952 2099 1029 2156 (sie
1048 2099 1260 2157 Heinsius)
1286 2102 1563 2156 προσπορίζων
1593 2103 1657 2142 vel
1690 2101 1739 2142 οὐ

160 2167 288 2212 καλῶς
318 2169 447 2204 ποιῶν
478 2163 742 2217 προσπορίζει.
793 2162 910 2211 ἀσπίς
941 2164 1006 2204 hie
1039 2166 1101 2204 est
1130 2166 1277 2213 vipera.

913 2280 998 2323 703

375 2364 516 2420 καλὴν
546 2362 720 2419 γυναῖκ’
758 2363 837 2407 ἐὰν
869 2365 968 2421 ἴδῃς
999 2336 1058 2420 μὴ
1089 2363 1344 2419 θαυμάσῃς·

375 2437 424 2479 τὸ
456 2437 542 2494 γὰρ
573 2438 688 2480 πολὺ
720 2435 880 2487 κάλλος
911 2435 985 2479 καὶ
1017 2437 1171 2491 ψόγων
1203 2437 1382 2478 πολλῶν
1413 2433 1546 2490 γέμει.

282 2524 490 2563 Menandri
527 2524 632 2564 Dist.
663 2523 752 2564 Par.
787 2523 1041 2564 Studemund
1075 2525 1111 2563 5.
1145 2524 1169 2562 6
1202 2537 1239 2573 p.
1275 2523 1328 2562 35
1370 2523 1411 2560 et
1449 2535 1524 2560 0111.
1561 2522 1739 2560 auctoris

160 2583 322 2623 nomine
351 2583 499 2624 Anton.
531 2583 622 2623 Mel.
661 2586 745 2624 110
776 2598 814 2635 p.
844 2585 939 2624 186.
1003 2584 1051 2623 cf.
1071 2583 1275 2622 Wachsm.
1301 2581 1412 2621 Stud.
1446 2595 1482 2631 p.
1507 2582 1603 2620 140.
1646 2594 1739 2620 con-

162 2643 325 2683 demnat
362 2642 501 2684 Cobet.
539 2644 588 2683 N.
620 2643 647 2683 1.
680 2645 748 2685 44.
812 2640 1047 2683 ‘bellissime
1091 2641 1133 2681 τὸ
1186 2640 1288 2681 πολὺ
1331 2640 1473 2688 κάλλος
1523 2641 1741 2691 opponitur

161 2701 304 2756 ψόγοις
322 2699 509 2751 πολλοῖςῖ
541 2703 750 2743 scribendo
771 2701 899 2755 κακὴν
918 2719 1004 2757 γυν.
1032 2703 1169 2753 paullo
1190 2701 1440 2741 bolerabilior
1460 2701 1506 2739 fit
1526 2700 1738 2751 oppositio.

912 2820 998 2862 704

377 2891 559 2946 γνώμην
590 2890 775 2947 ἀρίστην
806 2898 858 2948 τῇ
890 2888 1069 2946 γυναικὶ
1100 2889 1159 2944 μὴ
1192 2887 1309 2942 λέγε·

377 2962 531 3018 γνώμῃ
562 2963 647 3018 γὰρ
679 2964 772 3020 ἰδίᾳ
803 2965 852 3006 τὸ
885 2963 1021 3006 κακὸν
1052 2960 1194 3016 ἡδέως
1224 2967 1352 3002 ποιεῖ.
