2014 3334
872 255 971 289 ΤΗΣ
996 255 1126 290 ΝΕΑΣ
1703 253 1790 295 441

964 363 1048 408 167

498 450 551 493 τὰ
584 446 625 492 δ’
662 448 812 504 ἀγαθὰ
845 449 968 505 διεχῆ
999 446 1074 492 καὶ
1105 448 1318 492 συνιόντα
1351 448 1580 499 δυσκόλως

501 522 628 577 μόλις
658 521 769 578 πρὸς
800 520 953 572 αὐτοῖς
982 526 1064 564 τοῦ
1095 521 1200 576 βίου
1230 526 1323 571 τοῖς
1353 519 1578 578 τέρμασιν.

332 609 575 649 Plutarchus
606 608 705 649 Mor.
743 610 825 649 115
841 609 860 647 f
901 607 1118 662 στρογγύλα
1158 602 1264 648 εἷναί
1305 618 1405 659 φασι
1448 603 1515 662 (τὰ
1557 603 1683 661 κακὰ)
1729 604 1795 647 καὶ

213 674 374 723 συνεχῆ,
404 667 451 709 τὰ
483 664 520 709 δ’
555 666 692 723 ἀγαθὰ
724 668 832 721 διεχῆ
865 682 904 709 τε
934 667 1002 709 καὶ
1035 667 1146 709 δυσκ.
1178 667 1446 721 συνερχόμενα
1474 666 1573 722 πρὸς
1597 670 1674 708 κτλ.

965 797 1048 841 168

498 881 554 926 οὐ
584 881 670 939 γὰρ
702 881 887 938 Δανάης
910 866 1031 938 ᾕέχεις
1060 882 1111 925 τὸ
1142 881 1304 933 κάλλος
1335 881 1438 924 οὔτε
1470 882 1526 924 σὺ

499 955 782 1011 σεμνότερον,
815 951 906 997 οὔτ’
943 952 1028 1009 ἐγὼ
1061 954 1175 1005 Διὸς
1205 953 1521 1011 εὐπορώτερος.

337 1042 665 1094 Theophylactus
697 1041 840 1082 Simoc.
872 1041 946 1092 Ep.
980 1043 1049 1082 81.
1112 1044 1150 1081 2.
1183 1039 1273 1082 οὔτε
1306 1042 1353 1082 Δ.
1386 1039 1461 1095 ἐγὼ
1493 1039 1795 1092 πλουσιώτερος.

213 1103 279 1143 vel
310 1099 398 1143 οὔτε
429 1101 718 1155 πλουσιώτερος
748 1100 846 1150 Διὸς
872 1101 878 1152 Ι
907 1099 994 1155 ἐγώ.

968 1219 1052 1262 169

500 1303 550 1346 τὸ
582 1301 713 1354 τόξον
744 1301 1004 1358 ἐκπέπτωκε,
1037 1301 1113 1346 καὶ
1146 1303 1308 1354 δοῦλος
1338 1304 1474 1359 κόρης

500 1378 637 1430 καλῆς
668 1374 692 1418 ὁ
723 1377 899 1418 πολλῶν
933 1376 1150 1431 δεσπότης
1181 1375 1421 1419 ἐδείκνυτο.

333 1462 527 1502 Libanius
558 1461 643 1502 ΠΙΙ
677 1463 804 1514 1072,
838 1464 906 1503 23.
955 1454 1097 1503 Ainori
1136 1463 1215 1514 ipsi
1246 1463 1458 1514 pulchram
1496 1462 1676 1514 puellam
1706 1474 1798 1502 con-

215 1522 400 1575 spicienti
431 1535 544 1563 arma
574 1522 774 1563 excidunt.
1404 1560 1408 1561 ⁷

963 1604 1049 1648 170
1095 1662 1246 1721 ἀμέλει
1276 1663 1489 1715 πολλάκις

501 1735 525 1779 ὁ
556 1737 725 1792 βραχὺς
757 1735 926 1788 ἐκεῖνος
956 1734 1138 1792 τοξότης
1170 1736 1323 1788 ἀκίδος
1354 1739 1466 1794 βολῇ

503 1814 662 1865 μικρᾶς
691 1809 898 1865 περιττὸν
928 1806 1002 1852 καὶ
1032 1809 1112 1852 τὸν
1131 1807 1243 1866 ’Ἁρη

335 1890 603 1950 (ἀποφαίνει).
653 1895 934 1936 Aristaenetus
954 1897 1025 1947 Ep.
1051 1898 1088 1946 1,
1111 1897 1177 1938 15.
1240 1898 1280 1937 1.
1310 1894 1376 1948 ἀμ.
1401 1909 1461 1936 τοι
1485 1909 1526 1935 π.
1589 1899 1627 1936 2.
1658 1900 1800 1948 μικρᾶς

218 1953 355 2003 ἀκίδος
385 1955 497 2011 βολῇ.
560 1958 597 1996 3.
629 1954 696 1995 καὶ
726 1953 848 1996 αὐτὸν
878 1954 947 1996 τὸν
966 1952 1068 2009 ’Ἀρη
1099 1969 1141 1996 π.

962 2061 1044 2103 171

1197 2116 1232 2164 ὦ
1263 2121 1474 2178 μακαρία,

502 2191 598 2248 ἥτις
628 2191 679 2235 ἐν
709 2193 840 2250 ἔρωτι
869 2190 944 2236 καὶ
975 2192 1203 2245 τοιαύταις
1232 2193 1431 2244 παιδιαῖς

482 2267 589 2308 ὀἴει
618 2261 798 2322 (τανῦν)
830 2264 885 2308 τὰ
914 2263 1133 2322 πράγματ’
1170 2261 1295 2308 εἶναι.

336 2351 538 2392 Lucianus
562 2351 676 2403 Iupp.
703 2353 807 2404 trag.
828 2353 853 2391 2
881 2354 981 2392 extr.
1056 2354 1093 2392 2.
1125 2355 1208 2401 ταῖς
1241 2352 1386 2394 τοιαύτ.
1428 2373 1479 2381 -—
1514 2351 1561 2393 τὰ
1593 2352 1802 2407 πράγματα

217 2406 325 2463 ἡμῖν.
374 2416 500 2452 τανῦν
531 2412 620 2461 add.
651 2411 700 2453 Κ.
750 2411 944 2453 indicavit
973 2412 1093 2452 Mein.
1124 2412 1167 2452 II
1199 2414 1298 2454 595.

971 2529 1057 2572 172

1008 2614 1119 2669 ταχὺ
1150 2613 1236 2670 γὰρ
1268 2612 1448 2664 ἐλπίσας

497 2680 641 2740 ’Ἐρως
670 2688 922 2740 πτεροῦται,
952 2677 1046 2742 κᾷτ’
1084 2683 1326 2736 ἀπελπίσας
1355 2687 1466 2741 ταχὺ

507 2761 799 2813 πτερορρυεῖν
830 2759 1004 2799 εἴωθεν.

341 2841 563 2892 Alciphron
585 2842 623 2893 2,
645 2820 682 2891 1,Ι
703 2843 728 2882 5
762 2839 855 2892 ὀξύς
886 2841 991 2884 ἐστιν
1011 2840 1162 2897 Ἔρως.
1184 2842 1270 2883 ,καὶ
1302 2842 1435 2884 ἐλθεῖν
1466 2842 1532 2884 καὶ
1562 2842 1800 2897 ἀποπτῆναι.

223 2898 383 2949 ἐλπίσας
406 2906 628 2953 πτεροῦται,
659 2899 876 2951 ἀπελπίσας
906 2906 984 2944 κτλ.
1033 2917 1198 2955 prorsus
1229 2904 1369 2944 eadem
1401 2898 1467 2959 (ut
1493 2918 1540 2944 ex
1566 2905 1705 2944 eadem
1737 2919 1800 2945 co-

221 2958 400 3016 moedia)
432 2960 676 3002 Aristaenet.
709 2964 748 3015 2,
782 2964 819 3004 1.
