2014 3334
281 228 366 269 616
610 229 613 233 ’
925 229 1186 262 ΑΔΕΣΠΟΤΑ

1007 349 1121 391 1254

565 430 674 486 μέλη
706 431 911 488 πάραυλα
940 431 1187 488 κάκρότητα
1218 432 1418 487 κύμβαλα

399 518 630 556 Athenaeus
657 519 700 565 4,
730 519 846 556 164e
877 515 955 556 ὑπὸ
993 522 1062 568 τῆς
1099 516 1277 569 ἐμφύτου
1313 519 1614 571 γαστριμαργίας
1650 517 1716 558 καὶ
1745 516 1845 570 ἡδυ-

285 577 418 629 λογίας
460 575 682 629 κολάβρους
724 575 983 629 ἀναγινώσκει
1026 575 1093 616 καὶ
1134 579 1211 616 κτλ.
1273 578 1458 617 Eustath.
1487 580 1620 629 1157,
1653 580 1706 618 55
1748 575 1841 630 παρ’

280 635 395 692 ἑτέρῳ
429 634 471 674 δέ
502 651 579 675 τινι
609 634 723 686 μέλος
754 636 959 688 πάραυλον
990 634 1032 675 τὸ
1064 635 1247 692 ἀπῳδόν,
1282 635 1379 675 κατὰ
1409 636 1451 676 τό
1483 636 1561 676 ὑπὸ
1594 637 1684 689 ἐμφ.
1714 653 1749 690 γ.
1779 636 1846 676 καὶ

280 693 394 746 ἡδυλ.
439 693 710 746 ἀναπέμπει
752 693 845 746 μέλη
891 695 1087 746 πάραυλα.
1134 718 1191 723 --
1229 697 1458 735 trimetrum
1504 709 1590 736 esse
1637 699 1883 742 monuerat,

282 756 518 794 Valckenar.
559 755 724 793 Theocr.
757 755 884 794 Adon.
917 769 954 804 p.
983 757 1116 805 2253,
1153 755 1315 795 Cratino
1348 756 1586 795 adscribens.
1648 757 1846 795 Meinekio

282 816 324 853 in
351 815 410 853 ed.
435 814 529 853 min.
561 814 707 865 tragici
737 815 871 864 potius
903 815 1128 866 videbatur,
1161 815 1359 866 satyricae
1385 816 1544 854 fabulae
1571 815 1721 854 Cobeto
1743 815 1794 855 N.
1820 816 1846 854 1.

281 876 350 914 48.
389 874 542 912 Nauck.
563 874 627 913 Tr.
648 887 705 924 gr.
726 874 775 912 fr.
795 874 926 923 adesp.
950 876 1015 913 66.
1054 875 1102 912 cf.
1122 887 1223 924 quae
1245 887 1365 924 supra
1392 875 1441 912 ad
1459 877 1567 912 1211
1592 873 1846 917 adnotantur.

282 931 367 983 ἀκρ.
395 948 429 971 κ.
457 936 550 971 sunt
587 934 763 981 cymbala
800 935 974 972 dissonos
1011 946 1124 972 sonos
1162 935 1327 984 edentia,
1367 933 1618 985 δυσκράτητα.
1675 934 1847 973 Lobeck.

284 993 437 1031 Pathol.
460 993 507 1032 el.
527 992 548 1030 I
569 994 635 1031 33.
680 992 851 1043 Hesych.
871 990 1080 1044 ἀκρότητα·
1112 992 1381 1044 πολυκρότητα
1402 991 1606 1045 γενόμενα,
1631 991 1726 1032 ὥστε
1749 990 1848 1044 μηδὲ

284 1055 587 1104 συγκροτεῖσθαι
617 1049 716 1103 μηδὲ
748 1055 961 1102 συμπεσεῖν
990 1050 1136 1103 αὑτοῖς,
1168 1053 1215 1091 de
1242 1066 1320 1102 qua
1346 1053 1479 1103 glossa
1504 1053 1551 1091 cf.
1579 1053 1631 1092 M.
1658 1052 1847 1092 Schmidt.

1009 1179 1123 1222 1255

567 1260 782 1318 κε’ρδαιν’,
815 1261 978 1319 ἑταῖρε,
1009 1260 1083 1305 καὶ
1113 1261 1280 1319 θέρους
1310 1261 1384 1304 καὶ
1415 1269 1640 1318 χειμῶνος.

403 1348 546 1387 Sextus
578 1349 691 1398 Emp.
727 1348 828 1387 Adv.
861 1349 991 1400 dogm.
1019 1350 1057 1398 5,
1087 1351 1169 1388 122
1198 1346 1218 1388 ὅ
1248 1347 1317 1388 τὸν
1353 1351 1524 1388 πλοῦτον
1562 1347 1722 1402 ἀγαθὸν
1749 1344 1850 1388 εἶναι

283 1406 532 1459 προειληφὼς
564 1405 710 1458 ὀφείλει
728 1439 736 1446 .
764 1439 771 1446 .
799 1406 997 1447 ,ἑκάστοτε
1033 1406 1131 1460 πρὸς
1163 1406 1302 1447 ἑαυτὸν
1332 1407 1374 1447 τὸ
1405 1407 1578 1459 κωμικὸν
1609 1407 1848 1459 ἀναμελετᾶν

283 1467 536 1520 παράγγελμα
573 1470 650 1507 κτλ.
713 1468 808 1506 olim
853 1467 1030 1518 χείματος
1072 1468 1207 1519 Μ6111.,
1254 1468 1395 1517 postea
1442 1468 1720 1519 iambographi
1763 1481 1849 1507 esse

283 1528 454 1577 putabat
491 1522 662 1578 (Bergk.
689 1527 732 1565 P.
757 1522 802 1565 1.2
826 1527 866 1564 ΙΙ
896 1522 1042 1579 1049),
1073 1527 1138 1567 vel
1171 1527 1220 1566 ad
1251 1527 1460 1576 Eupolidis
1491 1528 1647 1576 Baptas
1677 1528 1848 1566 referen-

285 1587 390 1636 dum,
422 1587 463 1624 in
495 1587 641 1636 quibus
672 1586 988 1625 choliamborum
1012 1599 1131 1625 usum
1155 1586 1279 1625 fuisse
1306 1587 1539 1625 arbitratur.
1588 1587 1758 1625 fortasse
1784 1585 1851 1624 καὶ

283 1643 431 1696 θέρους
468 1643 533 1683 καὶ
593 1643 617 1695 ὴ
650 1643 807 1697 θέρους.
844 1667 892 1671 -
923 1647 1070 1684 Macar.
1098 1648 1141 1694 8,
1170 1648 1220 1685 71
1256 1650 1365 1696 φακῆ
1404 1642 1446 1684 δὲ
1476 1643 1552 1684 κάν
1587 1651 1745 1697 χειμῶνι
1774 1644 1850 1684 κάν

285 1703 394 1756 θέρει
419 1709 528 1755 φακῆ
568 1703 644 1743 κάν
663 1708 705 1744 θ.
725 1703 800 1743 κάν
819 1720 849 1756 χ.
871 1699 974 1758 cod.)
995 1705 1167 1744 contulit
1184 1705 1234 1743 H.
1261 1705 1395 1744 Iacobi
1414 1704 1451 1742 V
1476 1717 1654 1744 cocum.
1702 1705 1850 1744 Athen.

288 1767 326 1815 9,
353 1766 472 1804 4073
503 1769 613 1815 φακῆ
641 1761 683 1803 δὲ
707 1762 783 1803 κάν
809 1779 839 1815 χ.
871 1762 948 1803 κάν
968 1768 1011 1803 θ.
1041 1763 1164 1804 καλόν
1184 1761 1522 1817 (Chamaeleontis
1541 1764 1698 1804 Pontici
1717 1758 1851 1818 vers).

1014 1892 1127 1934 1256

572 1974 630 2025 ὡς
663 1976 985 2031 Πριαμίδαισιν
1017 1974 1209 2031 ἐμφερὴς
1234 1975 1258 2018 ὁ
1284 1976 1511 2030 βουκόλος.

405 2061 605 2112 Diogenes
631 2061 764 2100 Laert.
794 2065 830 2112 7,
858 2064 911 2101 67
947 2060 1085 2112 ὅμοιον
1111 2059 1154 2100 δέ
1185 2059 1289 2100 ἔστιν
1321 2060 1509 2112 ἀξιώματι
1534 2058 1556 2100 ὃ
1581 2059 1653 2112 τὴν
1678 2059 1852 2113 ἐκφορὰν

287 2119 377 2172 ἔχον
409 2118 676 2171 ἀξιωματικὴν
706 2120 814 2172 παρά
845 2135 950 2168 τινος
978 2121 1118 2172 μορίου
1144 2119 1392 2171 πλεονασμὸν
1416 2118 1443 2172 ἢ
1467 2120 1602 2168 πάθος
1627 2119 1699 2168 ἔξω
1723 2121 1854 2160 πίπτει

286 2185 357 2219 τοῦ
376 2178 517 2232 γένους
535 2185 613 2219 τῶν
627 2178 872 2231 ἀξιωμάτων,
890 2175 1026 2220 οἷον..
1048 2183 1144 2219 .κτλ.
1178 2180 1322 2219 Sextus
1342 2181 1454 2230 Emp.
1469 2180 1570 2219 Adv.
1585 2181 1715 2231 dogm.
1732 2183 1769 2230 2,
1785 2183 1852 2220 73.

287 2239 573 2291 Πριαμίδαισιν
599 2239 706 2278 Sext.
733 2235 1002 2293 (πριαμίδεσιν
1022 2234 1097 2293 V)]
1112 2239 1390 2314 Πριαμίδῃσιν
1409 2239 1526 2289 Diog.
1577 2239 1762 2289 Euripidi
1781 2240 1852 2278 tri-

287 2300 419 2338 buunt
437 2299 674 2338 Welckerus
700 2301 741 2338 et
760 2299 896 2338 Cobet.
916 2300 963 2339 N.
983 2300 1008 2338 l.
1030 2301 1085 2339 47
1112 2295 1176 2338 de
1202 2299 1358 2349 Paride,
1383 2299 1453 2349 qui
1474 2299 1636 2349 ignotus
1658 2299 1740 2338 suis
1761 2311 1852 2337 cum

289 2361 497 2409 pastorum
527 2371 649 2408 grege
681 2359 722 2396 in
753 2359 894 2397 urbem
925 2372 1017 2398 iure
1048 2360 1214 2398 venerat
1244 2356 1287 2396 ἐν
1317 2359 1370 2413 τῷ
1395 2353 1664 2424 Ἀλεξάνδρῳ)
1719 2371 1765 2396 36
1797 2358 1863 2414 sic·

289 2418 496 2456 Nauekius
530 2418 595 2456 Tr.
621 2431 680 2469 gr.
706 2418 753 2457 fr.
780 2418 913 2468 adesp.
942 2420 1038 2458 109.
1087 2430 1179 2456 cum
1208 2419 1344 2456 tamen
1373 2417 1474 2455 1111111
1505 2417 1547 2455 111
1577 2430 1623 2456 eo
1649 2430 1767 2456 versu
1791 2418 1853 2455 in-

292 2478 345 2516 sit
378 2477 484 2527 quod
510 2490 534 2515 a
559 2477 783 2516 comoediae
816 2477 972 2516 dicendi
1003 2489 1146 2529 genere
1179 2477 1408 2527 abhorreat.
1434 2489 1514 2515 non
1539 2476 1654 2516 video
1680 2489 1751 2516 cur
1774 2490 1854 2516 non

290 2537 417 2586 possit
448 2537 600 2586 petitus
633 2549 719 2575 esse
746 2550 766 2575 e
793 2536 948 2576 Cratini
971 2537 1334 2586 Dionysalexandro
1359 2536 1424 2574 vel
1449 2535 1691 2586 Antiphanis
1717 2535 1853 2585 Gany-

290 2597 396 2635 mede
427 2595 595 2635 similive
627 2596 777 2636 fabula.

1019 2674 1129 2718 1257

575 2758 718 2813 πατὴρ
750 2756 1048 2813 ἀνουθέτητος
1078 2758 1215 2800 παῖδα
1245 2763 1463 2800 νουθετεῖ,

412 2844 594 2884 Clemens
630 2844 744 2883 Alex.
782 2845 911 2883 Protr.
941 2847 983 2895 2,
1010 2846 1063 2883 41
1097 2842 1273 2883 ἐνταῦθα
1311 2842 1359 2894 δὴ
1397 2842 1440 2883 τὸ
1475 2843 1737 2895 παροιμιῶδες
1772 2841 1853 2882 ἐπι-

294 2901 550 2955 φθέγξασθαι
582 2901 758 2956 ἁρμόττει
782 2905 858 2942 κτλ.
907 2904 1026 2943 metri
1061 2903 1227 2943 sanandi
1257 2916 1378 2943 causa
1408 2901 1498 2942 υἱὸν
1525 2902 1661 2942 Cobet.
1709 2903 1852 2942 Mnem.
