2014 3334
667 286 1055 322 ΤΠοΒοΛιΜΑΙοΣ
1082 306 1127 313 -
1154 288 1323 321 ΦΑΣΜΑ
1704 288 1790 330 143

194 401 391 440 notantur
423 399 442 438 1
465 400 562 439 162.
596 401 634 438 3.
685 399 905 438 Herodian.
925 399 966 438 II
987 400 1085 450 757,
1119 402 1172 438 22
1207 400 1314 440 inter
1346 401 1596 451 adpellativa
1625 402 1788 441 nomina

194 462 342 500 neutra.
365 459 410 499 in
432 459 597 499 nomina
615 459 783 510 propria
802 459 995 499 feminina
1027 462 1278 500 commutata
1309 463 1492 501 recenset
1521 458 1547 512 ἡ
1574 460 1787 513 Λεόντιον,

63 519 65 521 ’
131 568 134 571 Δ
194 516 222 572 ἡ
253 519 446 573 Χρυσίον,
483 516 509 571 ἡ
547 518 715 559 Φάνιον.
766 520 836 559 sed
869 533 961 559 cum
996 521 1152 560 Φανιον
1184 534 1208 559 a
1240 520 1370 571 φανός
1403 521 1457 561 sit
1488 521 1706 561 deductum
1741 524 1788 561 ut

196 579 380 634 Χρυσίου
411 593 437 620 a
467 578 624 633 χρυσός,
655 580 912 619 scribendum
945 580 1108 620 videtur
1143 580 1311 620 Φανίον.

950 696 1036 739 497

544 775 617 823 οἷα
650 781 704 836 δὴ
739 783 954 836 φιλοῦσιν
988 779 1132 837 ἰατροὶ
1166 780 1313 836 λέγειν

413 853 466 895 τὰ
499 855 650 909 φαῦλα
681 855 811 908 μείζω
844 851 920 896 καὶ
951 853 1004 895 τὰ
1038 851 1148 896 δείν’
1185 852 1436 909 ὑπέρφοβοι,

410 931 690 982 πυργοῦντες
721 925 898 976 αὑτούς.

317 1012 516 1053 Stobaeus
548 1013 686 1052 Floril.
723 1013 820 1064 102,
855 1015 879 1053 3
925 1011 1023 1052 κατὰ
1065 1012 1210 1066 ἰατρῶν
1248 1011 1493 1066 Μιμνέρμου
1533 1012 1704 1052 Νάννου
1739 1014 1786 1052 Α.

192 1070 442 1125 ΔΜιμνέρμου
486 1071 585 1112 κατὰ
629 1072 774 1125 ἰατρῶν
815 1073 931 1112 Voss.
964 1073 1084 1112 Vind.
1148 1072 1398 1126 Μενάνδρου
1425 1074 1592 1113 Porsen.
1628 1073 1785 1113 Φανίου

194 1133 316 1173 Mein.
340 1133 587 1193 ,Mimnermi
618 1133 766 1173 Narmo
798 1133 984 1173 distichis
1017 1134 1246 1184 conscripta
1278 1136 1351 1173 est.
1418 1137 1453 1173 1.
1487 1131 1605 1172 ὁποῖα
1636 1134 1784 1185 Bergk.

195 1195 237 1233 et
268 1193 408 1234 Cobet.
439 1194 586 1249 Mnem.
618 1207 709 1234 nov.
741 1193 783 1232 II
814 1195 913 1234 449.
991 1196 1028 1233 2.
1061 1192 1274 1246 ὑπέρφοβα
1307 1192 1356 1244 Β]
1393 1191 1494 1245 ὑπὲρ
1527 1192 1671 1245 φόβον.
1747 1196 1784 1234 3.

194 1258 378 1307 πυργοῦν
416 1254 474 1294 sic
507 1256 671 1304 praeter
707 1255 862 1293 ceteros
900 1254 1128 1304 Euripides.
1190 1254 1239 1294 cf.
1272 1254 1374 1293 Med.
1411 1256 1509 1294 526.
1562 1254 1653 1294 Tro.
1687 1256 1785 1294 608.

194 1313 313 1354 Herc.
351 1315 428 1353 fur.
461 1315 560 1354 475.
614 1313 681 1354 Or.
721 1315 847 1370 1568.
891 1314 1011 1353 Rhes.
1047 1316 1144 1354 122,
1189 1336 1248 1341 -—-
1292 1327 1535 1366 quamquam
1577 1310 1643 1366 (ut
1677 1310 1784 1366 499)

194 1386 449 1425 nequaquam
492 1376 646 1414 certum
685 1376 747 1413 est
783 1375 882 1413 haec
919 1387 967 1413 ex
997 1375 1073 1414 hac
1113 1375 1254 1415 fabula
1285 1377 1474 1425 excerpta
1512 1387 1610 1426 esse,
1648 1377 1784 1414 tamen

194 1434 260 1473 hic
291 1434 479 1474 omittere
508 1434 634 1474 nolui.

951 1515 1038 1558 498
1074 1522 1077 1525 ”

918 1577 925 1585 ’
952 1586 1239 1643 ὑπελήλυθέν
1270 1586 1320 1630 τέ
1349 1603 1437 1643 μου

411 1658 556 1715 νάρκα
587 1674 654 1710 τις
685 1658 794 1701 ὅλον
824 1660 874 1702 τὸ
907 1658 1059 1716 δέρμα.

315 1745 549 1785 Athenaeus
592 1749 636 1797 7,
674 1747 802 1786 314b
846 1745 987 1799 νάρκη.
1057 1744 1303 1800 Μένανδρος
1347 1744 1390 1786 δὲ
1434 1745 1476 1786 ἕν
1524 1746 1662 1801 Φανίῳ
1707 1741 1785 1800 (sic

197 1805 438 1858 Schweigh.,
483 1820 618 1856 φανωι
650 1800 707 1861 A)
754 1805 820 1845 διὰ
864 1811 935 1847 τοῦ
974 1823 1000 1847 α
1037 1805 1115 1859 ἔφη
1153 1810 1232 1847 κτλ.
1271 1805 1443 1859 μηδενὸς
1483 1813 1561 1846 τῶν
1604 1809 1784 1846 παλαιῶν

196 1863 299 1905 οὕτω
343 1863 598 1918 κεχρημένου.
661 1868 703 1906 et
746 1866 831 1906 sine
874 1867 1038 1906 fabulae
1082 1867 1231 1907 indicio
1276 1867 1516 1907 Eustathius
1562 1869 1693 1919 1173,
1727 1869 1781 1906 47

197 1921 445 1979 (ὑπελήλυθέ
477 1921 588 1980 μου).
639 1924 732 1966 ὅλον
763 1925 806 1966 τὸ
839 1924 963 1980 δέρμα
992 1927 1122 1977 νάρκα
1152 1942 1209 1975 τις
1242 1928 1364 1967 Dobr.
1383 1927 1486 1967 Adv.
1512 1927 1553 1966 II
1588 1929 1684 1967 279.
1736 1927 1783 1965 de

196 1998 295 2026 voce
326 1985 456 2040 νάρκα
488 1987 537 2025 cf.
569 1986 668 2026 Lob.
700 1987 848 2038 Phryn.
884 1989 982 2027 331.

949 2103 1038 2147 499

413 2175 655 2232 ἅνθρωπος
687 2175 751 2218 ὢν
783 2175 995 2231 ἥμαρτον·
1042 2175 1096 2217 οὐ
1129 2173 1429 2231 θαυμαστέον.

317 2246 441 2302 &riou
473 2262 720 2315 Antbologn.
754 2265 792 2315 8,
828 2265 879 2302 11
918 2259 1110 2310 Φανιέως.
1177 2262 1334 2302 Φανίου
1367 2262 1659 2304 Schneidewin.

949 2379 1038 2423 500

414 2451 633 2511 φειδωλὸς
663 2447 721 2506 ἦν
751 2450 826 2495 καὶ
857 2451 1034 2508 μέτριος
1067 2451 1326 2508 ἀγοραστής.

317 2537 552 2577 Athenaeus
586 2540 632 2590 4,
666 2540 748 2578 171
766 2552 790 2578 a
845 2537 954 2591 παρὰ
998 2538 1231 2594 Μενάνδρῳ
1277 2536 1356 2578 ἐστὶ
1398 2536 1624 2589 κοινότερον
1669 2532 1783 2592 (ἆγο-

199 2592 362 2651 ραστής)
395 2596 438 2637 ἕν
472 2598 611 2654 Φανίῳ
642 2601 718 2638 κτλ.
771 2599 884 2639 deest
914 2595 1084 2639 ultimus
1116 2599 1285 2638 iambus.
1318 2619 1377 2625 —-
1409 2596 1628 2651 ἀγοραστής
1660 2598 1782 2638 etiam

197 2657 296 2696 Xen.
327 2658 446 2698 Mem.
481 2660 518 2709 1,
550 2660 589 2708 5,
623 2660 659 2698 2.

906 2739 1078 2773 ΦΑΣΜΑ

317 2812 414 2852 Fuit
445 2812 569 2852 etiam
598 2813 846 2854 Philemonis
882 2814 1028 2867 Φάσμα
1061 2809 1118 2868 (H
1147 2808 1253 2868 502)
1285 2816 1327 2853 et
1357 2814 1550 2866 Diogneti
1578 2814 1724 2866 Φάσμα
1754 2813 1781 2867 ἢ

202 2871 464 2926 Φιλάργυρος.
496 2885 541 2912 ac
562 2872 699 2913 Plauti
711 2875 962 2915 Mostellaria
982 2875 1158 2914 Phasma
1175 2874 1471 2914 nominabatur.
1505 2876 1782 2926 cognominem

199 2932 338 2972 Luscii
376 2932 536 2973 Lavinii
573 2933 754 2973 fabulam
793 2931 860 2987 (cf.
893 2934 938 2974 O.
971 2933 1161 2974 Ribbeck.
1194 2933 1301 2973 Com.
1334 2933 1380 2972 R.
1412 2928 1480 2973 fr.2
1513 2935 1568 2974 83
1602 2937 1643 2974 et
1676 2932 1780 2988 392)
1857 2966 1859 2969 .

201 3005 222 3046 e
252 2992 497 3032 Menandros.
528 3005 758 3044 expressam
794 2995 918 3035 fuisse
957 2995 1130 3034 testatur
1163 2994 1375 3033 Terentius
1406 2994 1588 3033 Eunuch.
1620 2995 1721 3045 prol.
1755 2997 1778 3035 9
