2014 3334
227 228 314 270 502
490 272 495 276 ,
613 233 616 238 ’
881 226 1142 260 ΑΔΕΣΠΟΤΑ

965 356 1050 400 507

512 447 597 497 γῆν
628 440 700 484 καὶ
730 441 957 484 θάλατταν
987 439 1128 498 ἡμέρᾳ
1158 445 1235 498 μιᾷ
1267 447 1437 496 μετρεῖν

348 529 540 567 Libanius
572 528 632 566 III
668 530 764 575 275,
800 530 821 566 7
860 532 930 566 τοῦ
976 527 1132 581 μετρίου
1171 532 1358 567 τοσοῦτον
1395 525 1594 579 ὑστερεῖν,
1632 525 1798 578 ὅσονπερ

232 588 281 628 ἂν
314 588 348 627 εἰ
378 604 410 640 γ.
437 603 471 627 κ.
497 591 538 627 θ.
570 586 840 639 ἐνεχειροῦμεν
871 589 947 626 κτλ.

969 690 1054 733 508

520 777 596 830 ζῆν
626 775 707 830 τὴν
740 774 882 831 ῥοπὴν
914 774 1070 829 ἔχοντα
1098 779 1174 829 τῆς
1204 774 1337 830 τύχης
1367 774 1515 816 καλόν.

354 861 756 908 Libanius1111211‚
772 863 825 900 16
849 861 919 913 ζῆν
938 859 1058 899 καλὸν
1086 858 1154 899 τὸν
1179 874 1210 900 τ.
1232 875 1261 899 τ.
1295 858 1430 912 ἔχοντα
1457 858 1490 912 ῤ.
1516 882 1574 886 -
1596 860 1803 909 pulchrum

238 926 291 962 est
320 925 446 962 vivere
477 922 663 970 quamdiu
693 922 854 969 feliciter
884 922 1010 959 vivere
1034 922 1174 969 possis.

971 1035 1057 1078 509

521 1126 693 1176 γνῶμαι
725 1117 774 1162 δὲ
805 1122 986 1170 πολλοῖς
1016 1124 1093 1174 τῆς
1123 1119 1257 1175 τύχης
1288 1119 1519 1174 βελτίονες.

357 1207 548 1246 Libanius
581 1207 663 1246 IIII
698 1208 794 1256 239,
829 1207 882 1246 25
915 1220 954 1246 π.
986 1204 1060 1259 γὰρ
1092 1204 1136 1244 αἱ
1163 1220 1223 1258 γν.
1254 1208 1329 1244 κτλ.

982 1321 1070 1364 510

497 1456 500 1457 ⁷
524 1405 822 1461 ἀπαλλαγείην
852 1411 932 1448 τοῦ
963 1406 1145 1460 Κρόνου
1176 1404 1338 1447 τούτου
1369 1401 1486 1447 ποτέ.

358 1493 553 1532 Libanius
573 1493 656 1531 IIII
678 1494 774 1542 619,
799 1495 849 1532 17
878 1491 926 1536 etk
941 1490 1015 1544 γὰρ
1042 1494 1118 1530 κτλ.
1167 1491 1284 1543 fingit
1307 1493 1423 1541 pater
1450 1491 1576 1530 filium
1604 1490 1660 1529 sic
1684 1490 1808 1541 loqui.

243 1554 291 1592 of.
325 1555 421 1591 914.

987 1619 1072 1661 511

529 1703 690 1758 λεπτὴν
721 1703 895 1758 ἔχοντες
926 1699 1066 1744 ἐλπίδ’
1103 1693 1166 1752 εἰς
1197 1702 1418 1758 σωτηρίαν

363 1790 554 1828 Libanius
585 1789 667 1828 IIII
700 1791 802 1840 992,
838 1791 890 1827 19
934 1787 975 1827 οἱ
1001 1790 1200 1840 πλωτῆρες
1238 1818 1246 1826 .
1277 1817 1287 1827 .
1320 1817 1329 1826 .
1366 1787 1533 1839 πλησίον
1565 1786 1714 1840 ἔχοντες
1743 1786 1811 1827 τὸν

245 1849 424 1889 θάνατον
455 1846 642 1889 πλέουσιν
674 1851 706 1888 λ.
732 1846 783 1911 ἔχ.
815 1847 870 1895 εἰς
901 1858 934 1888 σ.
967 1845 1114 1887 ἐλπίδα.

982 1963 1068 2006 512

532 2047 589 2103 μὴ
622 2049 770 2103 μεῖζον
802 2048 911 2089 ἔστω
941 2051 1018 2102 τῆς
1047 2046 1159 2096 νεὼς
1187 2046 1237 2088 τὸ
1269 2046 1468 2102 φορτίον.

366 2134 560 2174 Libanius
590 2134 718 2184 Epist.
754 2134 850 2172 254.

990 2206 1076 2254 5‘13

534 2294 765 2353 ἐπέτριψεν
795 2296 822 2350 ἡ
853 2296 963 2352 πρὸς
993 2296 1097 2345 τοὺς
1127 2296 1287 2349 φίλους
1318 2293 1506 2336 ἀπιστία.
1566 2283 1569 2285 ’

370 2385 551 2423 Iulianus
585 2385 625 2434 7,
659 2384 772 2422 2330
815 2380 881 2421 καὶ
911 2386 1052 2421 τοῦτον
1083 2410 1092 2419 .
1126 2409 1137 2420 .
1167 2384 1282 2420 τοῦτο
1315 2377 1534 2431 ἐπέτριψεν,
1565 2376 1591 2430 ἡ
1623 2381 1700 2418 κτλ.

986 2497 1073 2539 514

538 2582 584 2624 ἐκ
613 2587 695 2624 τοῦ
728 2584 878 2624 λαλεῖν
909 2578 976 2622 ἀεὶ
1006 2579 1055 2622 τὸ
1087 2581 1237 2621 λαλεῖν
1268 2578 1548 2632 περιγίνεται.

373 2669 577 2708 Himerius
598 2668 662 2707 Or.
691 2670 758 2716 24,
782 2670 807 2706 4
839 2664 993 2718 ἤκουσα
1024 2696 1032 2704 .
1067 2696 1075 2704 .
1107 2694 1117 2704 .
1148 2662 1293 2716 ἀνδρὸς
1324 2668 1455 2714 σοφοῦ
1487 2658 1631 2718 (σοφὸς
1660 2661 1734 2715 γὰρ
1765 2656 1816 2714 ἦν

257 2724 372 2776 οὗτος
410 2727 455 2766 τὰ
491 2726 580 2779 περὶ
615 2726 687 2778 τὴν
727 2724 865 2778 τέχνην
902 2721 966 2776 ἐφ’
1007 2717 1032 2780 ᾗ
1070 2718 1361 2775 σπουδάζομεν)
1405 2721 1471 2761 καὶ
1506 2721 1690 2772 τοιαύτην
1729 2720 1816 2760 τινὰ

256 2787 418 2840 γνώμην
456 2784 782 2838 ἀποφαινομένου
819 2783 907 2837 περὶ
943 2789 1012 2824 τοῦ
1049 2783 1292 2836 πράγματος,
1330 2780 1382 2829 ὡς
1413 2785 1490 2821 κτλ.
1551 2782 1709 2821 videtur
1737 2794 1817 2820 non

258 2848 478 2898 sophistam
511 2847 686 2896 aliquem
718 2847 782 2884 vel
814 2847 1029 2894 oratorem,
1067 2843 1136 2882 sed
1168 2843 1430 2881 Menandrum
1469 2841 1712 2893 significare,
1749 2840 1818 2891 qui

261 2920 284 2946 a
315 2906 453 2946 multis
484 2909 531 2944 ut
563 2906 738 2957 optimus
771 2905 893 2944 etiam
924 2903 1081 2943 dicendi
1111 2902 1303 2952 magister
1333 2901 1692 2941 commendabatur.
