2014 3334
284 260 371 302 592
637 245 640 249 ’
932 261 1193 295 ΑΔΕΣΠΟΤΑ

281 371 389 425 ἔχων.
441 372 579 423 ὅμοιον
616 372 657 412 τὸ
695 373 877 424 πεοίδης,
914 368 1001 412 οἷον
1039 371 1060 412 ὅ
1097 371 1195 426 μέγα
1238 371 1303 412 καὶ
1346 371 1514 426 ἀπρεπὲς
1557 374 1711 416 αἰδοῖον
1748 374 1847 428 ἔχων

282 430 516 483 (χελοινίδης
542 437 581 472 et
608 433 787 484 χελοίνην
819 427 934 486 cod).
978 433 1239 472 derivandum
1269 436 1483 484 utrumque
1510 447 1534 473 a
1557 436 1679 474 verbo
1711 435 1846 476 οἰδεῖν.

280 492 469 530 Eustath.
504 493 636 542 1684,
675 494 729 530 28
770 486 881 543 παρὰ
917 495 998 539 τοῖς
1042 494 1223 539 παλαιοῖς
1270 492 1458 544 ἰσχιοίδης
1495 491 1516 532 ὁ
1554 493 1701 546 μεγάλα
1744 494 1846 547 ἰσχία

281 549 392 602 ἔχων,
425 550 527 590 οὕτω
554 548 595 590 δὲ
621 549 687 589 καὶ
712 549 1007 605 γαστρ[ο]οίδης
1038 566 1094 597 τις
1125 553 1295 590 καλεῖται
1324 550 1403 591 ὑπὸ
1431 549 1612 591 Ἀττικῶν
1644 551 1846 603 (Pherecr.

282 611 376 655 143,
411 606 470 663 5),
507 608 573 648 καὶ
611 607 783 661 ὠμοίδης
821 608 841 649 ὁ
871 609 964 657 τοὺς
1002 608 1134 661 ὤμους
1173 609 1410 662 ἐξοιδηθείς,
1447 610 1514 650 καὶ
1550 612 1712 663 πεοίδης
1751 610 1772 652 ὅ
1802 612 1845 652 τὸ

278 667 370 716 πέος
402 699 412 709 .
444 700 452 708 .
486 699 494 707 .
527 668 628 709 οὕτω
661 667 704 708 δὲ
735 668 800 708 καὶ
833 669 1062 722 χελυνοίδης
1093 667 1114 708 ὁ
1146 670 1293 722 μεγάλα
1323 671 1427 722 χείλη
1458 669 1569 722 ἔχων.

1005 785 1119 828 1112

564 850 805 901 περιῆρρον

397 928 620 987 περιῄεσαν.
651 931 889 982 Hesychius.
931 918 1112 985 ‘cornici'.
1165 931 1217 969 M.
1250 931 1441 970 Schmidt.

1004 1048 1026 1089 1
1036 1048 1056 1089 1
1063 1047 1118 1089 13

562 1110 884 1163 περιπλευριεῖς

397 1180 567 1220 Bekker.
599 1182 746 1221 Anecd.
779 1183 847 1231 58,
881 1182 905 1220 3
952 1180 1131 1232 σημαίνει
1174 1178 1216 1218 τὸ
1255 1182 1542 1232 περιπλακῆναι
1581 1177 1646 1218 καὶ
1686 1190 1843 1232 συγκοι-

277 1242 469 1291 μηθῆναι.

1005 1321 1119 1363 1114

562 1387 924 1437 περιπρωκτιῶσα

395 1454 620 1505 Hesychius
651 1451 972 1508 τρυφερευομένη
1011 1452 1074 1492 ἐπὶ
1103 1458 1148 1508 τῇ
1179 1459 1296 1508 πυγῇ.
1333 1474 1384 1480 -
1425 1455 1744 1506 σαυλοπρωκτιᾶν
1781 1455 1843 1491 est

276 1514 401 1552 Arist.
427 1513 548 1564 Vesp.
582 1517 707 1553 1173.

1005 1592 1119 1650 1315

561 1651 813 1710 περιστέρια

396 1727 540 1766 Pollux
560 1729 702 1778 5,101
737 1725 802 1766 καὶ
834 1724 978 1774 ἄλλους
1008 1724 1116 1773 τινὰς
1140 1725 1312 1776 κόσμους
1343 1723 1605 1776 ὀνομάζουσιν
1637 1724 1679 1764 οἵ
1704 1739 1844 1780 κωμῳ-

278 1786 576 1838 δοδιδάσκαλοι,
620 1789 761 1839 λῆρον,
806 1783 1041 1839 ὀχθοίβους,
1079 1783 1266 1838 ὀλεθρον,
1304 1783 1527 1837 ἐλλέβορον,
1570 1783 1844 1856 πομφόλυγας,

276 1845 506 1899 βάραθρον,
550 1844 840 1899 περιστέρια,
884 1845 1110 1896 σαμάκια,
1153 1844 1460 1896 σισύμβριον,
1503 1843 1743 1895 σισάριον,
1786 1837 1843 1882 ὧν

277 1904 325 1944 οὐ
358 1900 498 1960 ράδιον
535 1905 603 1953 τὰς
635 1903 740 1953 ἰδέας
779 1910 1018 1957 συννοῆσαι,
1057 1902 1122 1943 δια
1160 1902 1203 1943 τὸ
1241 1901 1340 1955 μηδὲ
1376 1902 1584 1956 πρόχειρον
1620 1897 1725 1942 εἶναί
1755 1916 1843 1942 τινα

278 1965 464 2015 κατιδεῖν,
509 1965 581 2004 εἴτε
625 1964 911 2012 σπουδάζοντες
954 1964 1027 2004 είτε
1069 1963 1270 2011 παίζοντες
1313 1968 1478 2015 χρῶνται
1520 1965 1600 2009 τοῖς
1642 1959 1843 2012 ὀνόμασιν.

279 2024 326 2063 de
359 2025 558 2074 prioribus
592 2026 641 2064 cf
662 2038 762 2076 quae
795 2026 843 2063 ad
864 2025 1045 2063 Pherecr.
1074 2023 1239 2075 Λήρους
1258 2020 1368 2090 (cum
1386 2023 1435 2061 fr.
1457 2017 1560 2075 100)
1581 2028 1621 2060 et
1639 2021 1845 2071 Aristoph.

279 2084 327 2122 fr.
360 2085 446 2123 320
488 2084 741 2123 adnotantur.
791 2096 935 2123 nomen
971 2080 1208 2135 περιστέρια,
1250 2083 1328 2121 nisi
1365 2083 1468 2121 forte
1506 2079 1675 2120 ἐνωτίων
1718 2093 1842 2132 genus

279 2146 351 2194 est,
378 2145 618 2193 suspectum.
668 2145 838 2182 fortasse
865 2140 1119 2194 περιστέρνια.
1150 2142 1264 2181 Phot.
1294 2138 1559 2193 περιστέρνιον
1586 2136 1844 2191 (περιστέριον

277 2200 401 2254 cod.)·
433 2201 475 2241 τὸ
506 2203 823 2255 περιστερνίδιον.
882 2201 960 2241 ἔστι
992 2199 1033 2240 δὲ
1063 2200 1278 2252 κοσμάριόν
1308 2215 1355 2240 τι.
1411 2213 1505 2239 sane
1535 2199 1708 2250 Hesych.
1738 2213 1844 2250 περι-

278 2260 426 2314 στέρια·
465 2262 658 2315 κοσμάριά
689 2276 788 2301 τινα.
838 2263 1009 2301 fortasse
1042 2262 1245 2311 pertinent
1276 2261 1325 2299 ad
1356 2259 1537 2298 Menand.
1570 2260 1667 2298 376.

1004 2377 1117 2419 1116

561 2437 875 2494 περιχονδριᾶν

396 2511 524 2550 Varro
558 2511 641 2550 Sat.
672 2511 845 2561 Menipp.
879 2513 948 2560 86,
982 2513 1036 2549 14
1067 2524 1104 2560 p.
1139 2512 1220 2549 221
1255 2509 1415 2549 Oehler.⁴
1455 2507 1706 2562 περιχονδριᾷ
1747 2508 1843 2546 mihi

276 2573 397 2619 facies
415 2572 673 2610 maeandrata
693 2574 726 2609 et
744 2571 1006 2610 vermiculata.
1045 2569 1295 2624 περιχονδριᾷ
1316 2566 1492 2617 Oehler]
1514 2566 1840 2619 περιεχοντάριαν.

278 2643 379 2680 quae
412 2631 446 2669 si
477 2643 572 2670 vera
604 2634 664 2669 est
695 2629 937 2679 emendatio,
975 2643 1022 2668 ex
1063 2629 1266 2668 comoedia
1296 2641 1440 2679 graeca
1476 2628 1641 2666 verbum
1680 2626 1840 2664 fluxisse

276 2690 407 2728 credo.
456 2689 711 2741 χονδριῶντες
743 2689 888 2740 μαστοί
917 2691 1010 2727 sunt
1041 2688 1148 2738 apud
1179 2686 1394 2727 Dioscorid.
1429 2689 1466 2735 2,
1500 2688 1594 2724 127.

1002 2803 1082 2845 111
1090 2803 1112 2845 7

559 2866 899 2919 πεφορινῶσθαι

395 2937 689 2987 Harpocration
724 2939 819 2987 153,
855 2939 904 2975 11
953 2935 1012 2986 εἴη
1051 2934 1101 2974 ἂν
1131 2934 1405 2986 πεπαχύνθαι,
1446 2933 1523 2973 ἀπὸ
1554 2938 1624 2984 τῆς
1659 2932 1838 2985 φορίνης.
