2014 3334
666 256 1074 291 ΑΝΑΣῼΙΖΟΜΕΝΟΙ
1099 277 1144 283 -
1171 258 1288 292 ΘΑῙΣ
1686 256 1774 299 273

189 370 409 411 Iacobsius.
441 367 666 421 ψυκτήριον
691 369 756 408 vel
781 369 996 421 κυμβίδιον
1020 383 1093 420 pro
1119 370 1292 422 κυμβίον
1312 371 1431 410 Mein.
1458 370 1528 410 καί
1543 384 1578 409 τι
1602 370 1775 424 κυμβίον

187 429 394 472 Hel-werd.
427 429 542 470 Stud.
575 429 663 469 crit.
697 430 764 469 91.

308 491 494 530 lenonem
512 489 626 541 loqui
644 491 763 540 putat
774 488 1082 540 Herwerdenus,
1103 489 1330 530 Phoenicid.
1353 492 1379 529 4
1407 492 1563 531 confert
1585 491 1775 542 Toeppel.

188 551 328 603 Progr.
359 550 507 590 Neobr.
542 550 669 598 1857,
705 551 772 590 16.
847 551 885 589 3.
923 547 1129 602 ἀγαπητόν
1167 550 1276 589 haud
1312 564 1405 590 raro
1437 551 1585 590 dicitur
1616 551 1658 590 id
1696 564 1775 602 quo

189 611 280 663 quis
312 611 527 651 contentus
559 622 645 649 esse
677 609 824 660 possit,
864 609 1007 649 deinde
1039 612 1165 660 tenue,
1197 611 1282 649 vile.
1357 612 1396 649 4.
1429 611 1626 661 Theophr.
1660 610 1777 650 Char.

193 673 244 711 21
287 669 459 711 αὐλαίαν
497 667 704 722 ἔχουσαν
741 667 900 721 Πέρσας
940 667 1244 721 ἐνυφασμένους
1281 671 1454 710 contulit
1491 671 1540 710 H.
1573 671 1710 710 Iacobi
1740 670 1777 709 V

194 743 327 780 occu,
349 730 492 782 Eurip.
511 730 596 770 Ion.
621 731 734 769 1158
752 742 807 780 sq.
842 730 1094 781 Toeppelius.
1141 730 1244 770 addo
1263 730 1411 770 Athen.
1434 732 1472 782 5,
1507 733 1589 771 197
1600 731 1624 770 b
1662 728 1777 782 ψιλαὶ

190 788 386 845 Περσικαὶ
415 788 489 842 τὴν
521 788 599 829 ἀνὰ
637 787 759 841 μέσον
790 795 869 829 τῶν
909 790 1047 830 ποδῶν
1079 789 1212 842 χώραν
1244 788 1484 842 ἐκάλυπτον,
1522 789 1666 843 ἀκριβῆ
1704 789 1778 841 τὴν

190 849 437 904 εὐγραμμίαν
475 856 554 890 τῶν
597 847 887 902 ἐνυφασμένων
935 849 1131 903 ἔχουσαι
1163 850 1338 898 «ζωδίων.
1403 853 1581 890 attamen
1619 849 1777 903 Πέρσας

192 909 283 964 ἔχον
313 909 380 950 καὶ
399 915 556 964 γρῦπας
586 915 665 950 τῶν
685 911 896 962 Περσικῶν
914 892 1211 962 Hipparchum‘
1225 911 1372 951 dixisse
1392 924 1472 950 non
1497 911 1627 951 credo.
1659 911 1775 950 scrib.

189 969 305 1026 τέρα
336 967 368 1010 τ’
404 969 506 1023 ἕχον.
557 971 605 1010 cf.
638 970 763 1010 Arist.
797 970 896 1011 Ran.
919 973 1017 1011 937.
1068 971 1236 1011 Philem.
1258 972 1327 1011 87.
1377 971 1718 1022 Antiphan.172,
1739 972 1777 1021 7,

193 1033 235 1071 et
267 1031 314 1071 de
345 1031 476 1071 forma
514 1027 604 1082 τέρα
635 1030 759 1069 Arist.
780 1031 879 1070 Ran.
903 1033 1030 1071 1342.
1080 1031 1227 1071 Moeris
1255 1026 1317 1086 (et
1337 1031 1510 1071 Thomas
1530 1027 1656 1084 Mag.)
1687 1028 1779 1084 τέρα

186 1087 367 1143 Ἀττικοί,
399 1089 538 1144 τέρατα
557 1087 761 1142 Ἕλληνες.
805 1091 850 1131 L.
871 1091 1054 1131 Dindorf.
1074 1091 1117 1131 in
1136 1091 1272 1142 Steph.
1294 1091 1412 1131 Thes.
1433 1091 1605 1131 Bekker.
1626 1092 1776 1131 Anecd.

193 1153 293 1202 308,
327 1153 380 1192 25
414 1149 526 1205 τέρας
558 1180 567 1190 .
600 1181 609 1190 .
641 1149 707 1190 καὶ
737 1149 780 1190 τὸ
812 1152 914 1207 ζῷον
945 1150 988 1191 τὸ
1020 1149 1074 1203 μὴ
1106 1150 1205 1191 κατὰ
1236 1150 1362 1203 φύσιν
1393 1149 1603 1204 γεννηθέν.

853 1291 1115 1326 ΖΩΓΡΑΦΟΣ

968 1379 995 1419 2

407 1460 523 1503 πολύ
554 1458 595 1515 γ’
633 1458 725 1503 ἐστὶ
756 1461 937 1513 πάντων
969 1466 1110 1517 κτῆμα
1140 1461 1406 1517 τιμιώτατον

358 1546 363 1549 “
409 1531 573 1575 ἅπασιν
605 1532 917 1590 ἀνθρώποισιν
949 1534 1012 1583 εἰς
1042 1533 1092 1575 τὸ
1127 1535 1204 1588 ζῆν
1234 1532 1377 1589 τέχνη.

407 1604 461 1646 τὰ
493 1601 574 1660 μὲν
604 1604 689 1661 γὰρ
723 1605 834 1647 ἄλλα
867 1603 942 1647 καὶ
975 1606 1166 1661 πόλεμος
1196 1603 1270 1648 καὶ
1302 1603 1542 1661 μεταβολαὶ

409 1676 545 1732 τύχης
577 1675 790 1732 ἀνήλωσ’,
821 1677 848 1732 ἡ
881 1676 1011 1733 τέχνη
1046 1674 1094 1719 δὲ
1127 1675 1319 1736 σῴζεται.

273 1781 280 1789 ·
315 1763 512 1803 Stobaeus
544 1764 684 1803 Floril.
718 1766 787 1815 60,
822 1766 846 1803 2
882 1760 1099 1816 Ἱππάρχου
1132 1762 1175 1803 ἔκ
1207 1763 1435 1818 Ζωγράφου
1468 1766 1515 1804 Α.
1608 1779 1644 1805 v.
1680 1767 1716 1804 1.
1751 1767 1774 1804 2

194 1823 368 1864 Bekker.
398 1823 550 1863 Anecd.
584 1825 681 1875 647,
716 1826 771 1863 10
811 1823 962 1864 τούτων
994 1823 1142 1876 μάρτυς
1173 1830 1252 1864 τῶν
1282 1822 1503 1877 λεχθέντων
1536 1821 1613 1878 (ὅτι
1643 1823 1779 1877 τέχνης

197 1880 318 1922 οὐδέν
350 1881 429 1922 ἐστι
460 1879 769 1936 χρησιμώτερον)
797 1880 1014 1937 Ἵππαρχος
1045 1882 1066 1924 ὅ
1097 1883 1269 1936 κωμικὸς
1302 1884 1367 1924 διά
1407 1899 1514 1932 τινος
1545 1890 1624 1924 τῶν
1654 1883 1778 1924 αὑτοῦ

196 1943 416 1999 κωμῳδιῶν
448 1941 572 1996 λέγων
603 1946 681 1983 κτλ.
732 1944 980 1984 Theodosius
999 1949 1212 1995 grammat.
1239 1947 1296 1985 50
1329 1943 1531 1996 ἐξαιρέτως
1557 1942 1599 1984 δὲ
1619 1942 1778 1997 Ὕπαρ-

195 2017 263 2055 χος
287 1998 383 2057 (sic)
405 2000 426 2042 ὁ
457 2002 629 2055 κωμικὸς
647 2007 816 2043 ποιεῖται
840 2009 955 2044 τοῦτο
983 2004 1105 2056 δῆλον
1126 2002 1250 2058 λέγων
1275 2003 1423 2044 οὑτωσί
1438 2007 1514 2045 κτλ.
1581 2008 1616 2044 1.
1647 2007 1778 2061 πολλῷ

201 2062 276 2115 γάρ
308 2061 387 2102 ἐστι
417 2077 472 2103 κτ.
504 2077 535 2102 τ.
566 2063 693 2102 Bekk.
726 2064 803 2103 An.
833 2063 937 2104 πολὺ
968 2064 1043 2118 γάρ
1075 2063 1153 2104 ἐστι
1183 2079 1239 2104 κτ.
1264 2079 1295 2104 τ.
1328 2066 1476 2104 Theod.
1542 2067 1580 2105 3.
1611 2064 1779 2117 πόλεμος

197 2119 225 2174 ἢ
255 2120 323 2161 καὶ
355 2122 522 2163 Salmas.
555 2136 618 2174 ap.
651 2123 764 2163 Grot.
845 2126 883 2164 4.
922 2121 1094 2176 άνήλωσ’
1132 2121 1158 2176 ἡ
1196 2123 1310 2178 τέχνη
1348 2122 1391 2164 δὲ
1423 2123 1560 2175 Mein]
1601 2123 1779 2176 ἀνήλωσε

197 2179 318 2237 τέχνη,
338 2180 380 2222 δὲ
406 2181 509 2235 μόνη
536 2183 585 2222 Α.
647 2181 827 2223 ἀνάλωσε
863 2181 977 2236 τέχνη
1009 2182 1051 2224 δὲ
1079 2185 1193 2224 Vind.
1243 2183 1439 2238 μεταβολὴ
1474 2207 1527 2211 -
1562 2183 1779 2236 ἀνήλωσεν,

199 2239 313 2294 τέχνη
346 2240 388 2282 δὲ
420 2244 537 2283 Mein.
570 2244 613 2282 in
644 2243 755 2284 Stob.

932 2337 1049 2372 ΘΑΙΣ

974 2410 1001 2452 3

414 2490 437 2534 ὁ
471 2492 719 2548 λαβρώνιος
751 2492 792 2536 δ’
830 2492 928 2536 ἔσθ’
966 2490 1096 2545 οὗτος
1128 2495 1269 2551 ὄρνις;
1303 2496 1353 2537 Β.
1378 2491 1634 2549 “Ηράκλεις,

412 2565 628 2620 ποτήριον
658 2571 854 2622 χρυσοῦς
886 2566 1142 2617 διακοσίους
1173 2566 1296 2621 ἄγον.

414 2638 469 2677 Α.
502 2635 537 2678 ὢ
568 2638 852 2692 περιβοήτου,
885 2637 1089 2693 φιλτάτη,
1122 2639 1388 2693 λαβρωνίου.

320 2721 553 2761 Athenaeus
576 2724 644 2774 11,
669 2723 793 2762 484d
822 2720 1037 2776 Ἵππαρχος
1069 2722 1112 2764 ἐν
1146 2724 1265 2763 Θαΐδι
1295 2725 1373 2762 κτλ.
1436 2724 1472 2762 3.
1505 2722 1778 2774 περιποθήτου

199 2781 381 2820 Bothius.
416 2801 470 2807 —
504 2781 611 2821 ridet
646 2783 778 2822 nescio
817 2783 907 2834 quis
947 2779 1129 2823 ‘munera
1161 2783 1305 2822 Thaidi
1344 2783 1394 2820 ab
1426 2784 1601 2821 amatore
1639 2783 1777 2822 missa:

198 2841 241 2879 in
284 2841 431 2892 quibus
474 2853 565 2880 eum
608 2842 731 2881 etiam
773 2842 1000 2882 labronium
1044 2844 1323 2891 memorasset,
1367 2842 1471 2880 alter
1509 2842 1681 2881 nominis
1719 2844 1777 2881 in*

200 2900 372 2940 selentia
398 2901 569 2940 offensus
595 2914 694 2940 num
718 2901 760 2941 id
781 2903 866 2942 avis
885 2915 1032 2943 nomen
1051 2904 1103 2942 sit
1124 2897 1372 2952 interrogat.’
1414 2902 1532 2940 Mein.
1559 2903 1607 2942 cf.
1628 2902 1778 2953 Diphil.

202 2961 271 2999 80.
319 2960 504 2999 Menand.
537 2962 605 3012 24,
636 2963 662 3000 4
695 2964 736 3001 et
769 2964 865 3002 503.

273 3032 390 3059 comici
409 3034 522 3067 graeei,
541 3034 588 3061 od.
607 3035 663 3062 Th.
682 3035 778 3062 Kock.
798 3036 855 3062 111.
1448 3031 1492 3062 18
