2014 3334
210 244 296 294 348
602 251 953 286 ΠΟΣΕΙΔΙΠΠΟΤ
1001 250 1145 285 AAHA.
1172 251 1310 286 ΔΡΑΜ,
1339 271 1383 276 -

210 361 318 417 παρὰ
350 363 619 419 Ποσειδίππῳ.
669 363 854 403 Eustabh.
891 363 1016 413 1562,
1049 364 1103 402 38
1143 361 1279 413 ἕπηλις
1309 359 1335 413 ἡ
1367 360 1430 402 ε’πὶ
1461 366 1531 401 τοῦ
1561 361 1777 413 προσώπου

209 423 373 475 μελανία
393 422 792 472 (Sommersprossen).
854 422 1113 461 discernenda
1143 423 1240 461 haec
1270 420 1404 473 ἔπηλις
1435 422 1484 461 ab
1516 421 1645 460 altera
1675 434 1776 472 quae

211 483 409 535 significat
439 480 481 521 τὸ
512 488 631 534 πῶμα
660 487 730 534 τῆς
760 481 965 536 λάρνακος.
1014 481 1227 522 Herodian.
1247 482 1267 520 I
1291 484 1359 531 91,
1381 484 1418 521 9.
1453 502 1503 508 -
1538 481 1586 520 cf.
1605 481 1776 520 Lobeok.

210 543 330 593 Soph.
361 542 424 581 Ai.
457 544 555 582 805.

965 622 1024 664 42

494 681 711 738 ἐπίχαρμα

328 768 470 807 Pollux
502 769 541 818 3,
576 770 655 807 101
703 766 744 807 τὸ
782 766 888 819 παρὰ
920 766 1178 823 Ποσειδίππῳ
1216 765 1409 820 ἕπίχαρμα
1447 766 1665 820 μοχθηρόν.
1727 768 1777 808 of.

176 828 409 879 '‚Theool·i’n.
443 830 482 876 2,
514 829 582 866 20.

965 907 1022 949 43

493 968 838 1024 κακοπρόσωπος

330 1053 612 1101 Ποσείδιππος.
662 1054 832 1093 Bekker.
853 1053 1002 1093 Aneed.
1026 1056 1122 1105 104,
1147 1056 1211 1094 19.
1261 1053 1389 1093 ποσίδ.
1415 1054 1498 1093 cod.
1533 1055 1591 1106 of„
1608 1053 1777 1093 Bekker.

209 1114 298 1153 adn.
332 1114 382 1152 ad
415 1116 483 1164 93,
518 1116 582 1153 19.

966 1193 1024 1236 44

495 1253 699 1308 κύφωνες

327 1338 459 1390 ἱμάτια
488 1342 693 1392 γυναικεῖα
718 1337 744 1391 ἢ
770 1345 931 1391 χιτῶνος
962 1334 1077 1387 εἶδος.
1122 1338 1247 1388 οὕτως
1266 1339 1547 1387 Ποσείδιππος.
1597 1340 1778 1380 Photius.

210 1399 381 1449 Hesych.
430 1398 592 1450 κύφων.
614 1431 622 1438 .
644 1397 742 1439 ,ἔστι
773 1397 838 1438 καὶ
870 1404 1031 1450 χιτῶνος
1064 1394 1179 1447 εἶδος.

326 1460 596 1498 Menaechmos
634 1459 771 1497 Plauti
809 1461 849 1497 et
886 1458 1142 1498 Aululariam
1173 1459 1217 1499 O.
1250 1459 1494 1498 Ribbeckius
1525 1458 1687 1498 Alazon.
1722 1460 1775 1498 25

207 1531 251 1556 n.v
280 1520 316 1567 1,
348 1518 454 1568 quod
484 1520 586 1557 servi
622 1518 738 1568 coqui
770 1518 811 1556 in
842 1518 899 1557 eis
932 1518 1204 1570 invenianbur,
1245 1532 1291 1557 ex
1323 1518 1526 1568 Posidippi
1563 1519 1777 1557 comoediis

209 1590 415 1627 expressas
457 1590 542 1616 esse
584 1578 803 1617 arbitratur
834 1578 934 1617 conl.
966 1577 1112 1617 Athen.
1148 1579 1214 1626 14,
1249 1578 1362 1617 658f
1395 1575 1444 1616 οὐ
1482 1576 1555 1630 γὰρ
1587 1575 1638 1616 ἂν
1669 1576 1778 1630 εὕροι

209 1651 265 1683 τις
298 1635 443 1676 δοῦλόν
474 1651 561 1676 τινα
592 1636 779 1690 μάγειρον
809 1635 914 1687 πλὴν
945 1635 1052 1689 παρὰ
1083 1636 1340 1693 Ποσειδίππῳ
1372 1635 1492 1693 μόνῳ.

690 1908 733 1955 Δ
760 1906 803 1955 Α
828 1907 880 1955 Μ
907 1907 950 1956 Ο
978 1906 1017 1961 Ξ
1042 1906 1086 1954 Ε
1113 1907 1160 1955 N
1189 1906 1232 1956 O
1257 1907 1300 1954 Σ

785 2003 954 2042 Meinek.
986 2003 1006 2040 I
1039 2004 1135 2042 484.
1168 2003 1204 2042 5.

791 2094 957 2128 ΑΤΤΟΝ
982 2093 1188 2128 ΠΕΝΘΩΝ

327 2168 383 2208 Cf.
417 2169 663 2220 cognominis
694 2169 903 2208 Menandri
934 2170 1081 2209 fabula.

984 2298 1006 2340 1

386 2379 427 2420 εἰ
457 2377 497 2420 δ’
535 2369 615 2435 οὐχ
649 2380 805 2423 ἱκανόν
837 2392 923 2435 σοι,
954 2380 1033 2423 τὸν
1064 2376 1276 2436 ἐλέφανθ’
1311 2380 1406 2434 ἥκει
1438 2379 1589 2436 φέρων

385 2449 408 2492 ὁ
433 2456 547 2500 παῖς.
602 2453 651 2493 Β.
676 2453 723 2493 τί
750 2449 790 2493 δ’
827 2450 918 2494 ἐστὶ
949 2457 1096 2506 τοῦτο,
1126 2452 1237 2507 πρὸς
1266 2455 1408 2503 &eclam
1441 2454 1495 2494 A.
1521 2450 1656 2507 ῥυτὸν

386 2521 641 2577 δίκρουνον,
672 2523 828 2577 ἡλίκον
859 2539 901 2565 τι
931 2530 1049 2579 τρεῖς
1080 2529 1241 2580 χωρεῖν
1270 2522 1397 2578 χόας,

371 2590 596 2644 ’Ἄλκωνος
627 2595 770 2649 ἔργον.
830 2594 1048 2651 προῦπιεν
1080 2594 1132 2637 δέ
1160 2595 1241 2650 μοι’
1266 2607 1371 2637 ποτε

345 2674 365 2706 5
386 2663 434 2706 ἐν
465 2664 690 2716 Κυψέλοις
716 2661 900 2716 Ἀδαῖος.
1295 2675 1298 2678 ’

326 2750 558 2790 Athenaeus
594 2754 662 2802 11,
694 2753 808 2791 468f
847 2741 1005 2802 ἐλέφας·
1062 2750 1186 2799 οὕτως
1223 2750 1391 2791 ἐκαλεῖτο
1422 2749 1611 2803 ποτήριόν
1641 2766 1689 2802 τι,
1720 2748 1774 2799 ὡς

208 2808 432 2860 Δαμόξενός
470 2821 594 2861 φησιν
631 2809 674 2850 ἐν
711 2809 846 2850 Αὑτὸν
885 2814 1104 2850 πενθοῦντι
1135 2813 1212 2850 κτλ.
1280 2811 1519 2850 Eustathius
1553 2812 1684 2861 1286,
1717 2813 1770 2850 29

207 2871 329 2907 κεῖται
373 2867 586 2922 οὐδετέρως
631 2865 691 2923 (τὸ
729 2866 868 2924 ῥυτὸν)
906 2869 948 2910 ἕν
979 2872 1050 2926 τῷ·
1092 2868 1234 2921 ἐλέφας
1277 2868 1356 2910 ἐστὶ
1397 2868 1516 2923 ῥυτὸν
1559 2869 1772 2921 δίκρουνον

208 2930 306 2979 τρεῖς
345 2933 500 2981 χωροῦν
544 2934 648 2981 χοᾶς.
709 2929 933 2981 Hesychius
970 2927 1185 2988 ἐλέφαντα.
1207 2961 1214 2969 .
1237 2927 1322 2969 .καὶ
1358 2928 1496 2982 ῥυτόν,
1538 2931 1638 2981 τρεῖς
1680 2928 1773 2982 χόας
