2014 3334
313 240 336 282 7
342 240 398 283 26
829 242 1174 276 SUPPLEMENTA
1198 243 1307 277 voL.
1333 245 1351 277 1

311 352 487 404 ἐμπίδας.
556 354 598 391 in
635 353 782 392 fabulis
822 365 923 403 quae
968 355 1127 392 exstant
1168 354 1303 394 nullus
1342 357 1403 394 est
1433 356 1545 395 locus
1577 370 1655 406 quo
1685 356 1784 397 haee
1814 369 1876 397 re-

310 413 407 451 ferri
431 413 597 462 possint.

609 526 618 542 ,
668 526 679 542 Ι
1036 469 1154 511 7391)

596 542 750 570 ακατια

429 603 570 641 Pollux
605 605 648 652 7,
682 604 735 641 93
775 601 821 641 τὰ
856 602 1042 655 πλοιάρια
1078 601 1144 642 καὶ
1181 601 1320 642 ἀκάτια
1361 601 1544 655 ὀνομάζει
1578 600 1877 656 Ἀριστοφάνης,

312 657 416 709 εἶδος
454 659 548 700 ὄντα
584 661 821 714 γυναικείων
853 660 1131 714 ὑποδημάτων.
1187 676 1266 702 non
1302 664 1510 716 intellego,
1541 664 1618 703 nisi
1650 666 1743 703 ante
1774 659 1904 712 εἶδος

311 722 502 761 excidisse
541 723 697 760 statuas
735 718 827 772 παρ’
863 719 994 768 ἄλλοις
1031 723 1096 762 vel
1134 723 1286 774 aliquid
1321 723 1461 762 simile.
1516 723 1690 774 Hesyoh.
1721 721 1878 763 ἀκάτια·

311 779 580 831 ὑποδημάτων
606 775 722 827 εἶδος.
772 782 812 819 et
838 779 1019 821 ἀκάτιον.
1041 813 1049 821 .
1071 780 1170 821 ..ξ’στι
1196 779 1238 821 δὲ
1262 780 1325 821 καὶ
1353 782 1475 834 φιάλη
1503 778 1698 836 (Epicrat.
1727 785 1794 834 10,
1822 778 1879 838 1),

312 840 404 888 ἴσως
436 839 501 879 διὰ
533 838 572 879 τὸ
605 837 774 879 ἐοικέναι
806 840 1028 897 στρογγύλῳ
1054 841 1189 897 πλοίῳ.

1037 957 1157 1000 8991>

597 1025 717 1081 ἀγὼν
747 1027 831 1083 γὰρ
865 1027 919 1070 οὐ
952 1027 1190 1083 μέλλοντος
1222 1027 1421 1083 ἀθλητοῦ
1454 1026 1575 1084 μένει

598 1097 747 1153 ἀλκήν.

429 1173 575 1212 Macar.
610 1176 652 1224 1,
681 1175 734 1213 16
768 1172 832 1212 ἐπὶ
868 1178 938 1213 τοῦ
976 1172 1028 1225 μὴ
1068 1172 1394 1226 ὑπερβάλλοντος.
1458 1174 1880 1224 Thesmophoriazusis

311 1233 493 1272 secundis
525 1232 807 1283 Aristophanis
840 1234 1081 1285 adsignabat
1110 1233 1362 1284 Leutsohius,
1394 1234 1547 1285 tragico
1578 1233 1786 1273 Nauckius
1813 1229 1881 1288 (fr.

311 1293 443 1342 adesp.
478 1288 595 1345 242).
1228 1313 1230 1315 >

1036 1349 1156 1391 900b

594 1418 688 1462 κατ’
726 1416 851 1463 οἶκον
882 1419 1137 1476 ἐστρωφᾶτο
1170 1421 1352 1476 μισητὸς
1382 1419 1533 1476 βάβαξ.

429 1506 751 1558 Etymologioum
784 1520 835 1546 m.
870 1508 973 1556 184,
1005 1508 1062 1546 50
1099 1506 1244 1558 βάβαξ·
1282 1506 1417 1557 λάλος,
1455 1505 1653 1559 φλύαρος,
1689 1505 1797 1559 παρὰ
1833 1505 1876 1546 τὸ

312 1564 437 1616 βάζω,
487 1564 614 1617 βάξω,
664 1565 758 1617 βάξ,
807 1564 873 1604 καὶ
915 1564 1013 1604 κατὰ
1059 1564 1425 1617 ἀναδιπλασιασμὸν
1469 1565 1608 1618 βάβαξ.
1673 1562 1880 1618 Ἀριστο-

312 1624 469 1675 φάνης
494 1627 570 1664 κτλ.
620 1625 749 1677 βάβαξ
775 1626 815 1663 in
841 1626 917 1664 fine
943 1638 1083 1665 versus
1109 1626 1197 1666 add.
1224 1626 1372 1664 Milleri
1391 1627 1525 1676 Etym.
1546 1621 1771 1679 (Melanges
1794 1622 1880 1679 60),

311 1685 382 1723 ubi
423 1684 588 1734 perinde
632 1685 919 1735 Aristophanes
965 1688 1106 1724 auctor
1144 1698 1228 1724 esse
1266 1696 1406 1724 Versus
1444 1685 1602 1724 dicitur.
1664 1686 1732 1724 sed
1772 1687 1882 1725 recte

314 1743 437 1782 Orion
468 1745 535 1792 37,
568 1745 594 1783 4
623 1740 842 1796 Ἀρχίλοχος
875 1740 1093 1798 (δυσμενὴς
1117 1739 1187 1799 β.).’
1250 1745 1298 1783 cf.
1331 1745 1480 1784 Archil.
1511 1745 1559 1785 fr.
1588 1747 1641 1784 32
1674 1745 1820 1795 Bergk.

1039 1860 1159 1902 901b

598 1932 804 1988 ἄγροικός
836 1933 940 1987 εἰμι·
972 1931 1054 1987 τὴν
1086 1931 1263 1987 σκάφην
1295 1931 1472 1987 σκάφην
1503 1930 1628 1986 λέγω.

431 2019 591 2058 Tzetzes
612 2018 780 2057 chiliad.
796 2021 834 2069 8,
855 2019 938 2058 567
962 2013 1214 2071 (Sternbaoh.
1236 2018 1347 2057 Stud.
1365 2018 1534 2058 Vindob.
1549 2013 1655 2070 234)
1670 2014 1880 2070 Ἀριστο-

312 2078 469 2129 φάνης
506 2075 549 2117 δέ
585 2089 710 2129 φησιν
747 2076 789 2117 ἐν
826 2077 1012 2134 κωμῳδίᾳ
1049 2082 1162 2117 τοῦτο
1194 2079 1271 2117 κτλ.
1297 2099 1355 2104 —u
1386 2079 1434 2117 ef.
1466 2079 1599 2128 adesp.
1634 2080 1732 2118 227.
1788 2092 1880 2117 eum

313 2139 544 2188 Philippum
581 2151 716 2189 regem
753 2151 798 2177 eo
837 2138 942 2177 dioto
978 2150 1097 2177 usum
1133 2149 1219 2176 esse
1258 2139 1430 2188 constet,
1468 2151 1548 2176 non
1583 2137 1879 2188 Aristophanis,

313 2199 382 2236 sed
424 2210 551 2237 novae
595 2197 819 2236 comoediae
865 2209 966 2248 esse,
1011 2197 1193 2236 Tzetzem
1236 2199 1371 2236 autem
1415 2210 1460 2236 eo
1501 2197 1711 2247 deceptum
1754 2197 1880 2236 fuisse

314 2260 623 2296 consentaneum
665 2259 742 2307 est,
786 2257 891 2308 quod
931 2257 1037 2306 apud
1075 2258 1279 2295 auctorem
1321 2269 1437 2295 suum
1475 2256 1683 2295 invenerat
1719 2269 1879 2296 versum

315 2330 399 2356 esse
431 2322 501 2356 τοῦ
534 2322 722 2368 κωμικοῦ.

1033 2396 1159 2438 9021)

600 2468 656 2509 σὺ
690 2465 728 2508 δ’
767 2466 815 2509 ἐκ
845 2467 978 2509 ποίου
1007 2469 1145 2516 τελεῖς
1175 2470 1256 2508 τοῦ
1288 2463 1504 2517 δαπέδου;

435 2555 607 2593 Thomas
638 2554 742 2604 Mag.
779 2555 859 2593 289
880 2554 926 2592 R.
959 2554 1048 2592 adn.
1084 2555 1135 2592 13
1175 2550 1354 2599 ποδαπός
1391 2550 1457 2590 καὶ
1489 2550 1509 2591 ὃ
1540 2551 1719 2599 ποδαπός
1750 2551 1816 2591 ἐπί
1842 2567 1880 2592 τε

314 2612 456 2666 γένους
487 2612 552 2652 καὶ
584 2612 647 2652 ἐπὶ
677 2611 815 2663 τόπου,
841 2607 928 2652 οἷον
954 2611 997 2651 ἐν
1021 2609 1223 2651 Ἱππεῦσιν
1244 2607 1553 2662 Ἀριστοφάνους
1577 2614 1654 2651 κτλ.
1709 2613 1880 2652 fortasse

315 2671 461 2724 Ἀντιφ.
494 2695 548 2700 -
581 2673 705 2712 verba
735 2673 801 2712 vix
833 2685 930 2711 sana
961 2675 1066 2711 sunt.

1039 2788 1159 2830 9111)

437 2863 568 2902 Schol.
595 2863 794 2902 Theocrit.
817 2864 854 2913 5,
885 2864 965 2901 118
997 2860 1040 2901 τὸ
1066 2860 1262 2912 ἐκάθηρεν
1288 2859 1375 2900 ἀντὶ
1399 2864 1468 2900 τοῦ
1494 2859 1628 2900 ἔτυπτε
1652 2858 1717 2899 καὶ
1743 2857 1878 2908 ἐξέδει-

320 2936 371 2972 ρε.
403 2921 468 2961 καὶ
496 2918 860 2973 Ἀριστοφάνης·
891 2919 1024 2961 πέδει
1050 2916 1229 2974 (σποδῶν
1254 2917 1432 2973 Ahrens)
1458 2918 1537 2967 τὰς
1568 2918 1772 2971 πλευρὰς
1802 2918 1882 2959 καὶ
