2014 3334
227 235 315 278 300
597 267 600 271 ,
685 231 986 272 ΑΝΑΞΙΠΠΟΤ
1010 232 1272 267 ΚΕΡΑΤΝΟΣ
1301 252 1344 258 —-

226 349 407 398 Exoerpt.
441 345 544 395 863]
578 360 615 385 τε
648 346 696 384 A.
779 347 815 384 2.
849 343 987 396 μόνοις
1026 347 1067 384 et
1100 346 1138 385 3.
1177 342 1372 396 ἀνοήτους
1407 324 1564 397 σφόδρα
1594 344 1799 384 Herwerd.

227 407 319 447 Obs.
351 407 437 446 erit.
472 407 569 445 102.

998 472 1025 515 5

512 532 829 588 ἀποτετύχηται

346 618 432 659 ἀντὶ
451 625 520 660 τοῦ
540 618 825 659 ἀποτέτευκται.
853 614 1094 667 Ἀνάξιππος
1108 619 1315 676 Κεραυνῷ.
1333 619 1668 663 Βθ111(91.Α11θο(1.
1683 621 1750 670 79,
1762 620 1800 658 5.

862 758 1162 793 ΚΙΘΑΡΩΙΔΟΣ

999 832 1025 874 6

442 917 694 972 ζωμήρυσιν
725 914 900 971 φέροις·
932 914 1192 970 ὀβελίσκους
1223 914 1412 957 δώδεκα·

440 987 679 1045 κρεάγραν·
718 988 874 1046 θυΐαν·
912 988 1208 1043 τυρόκνηστιν
1239 987 1468 1041 παιδικήν·

442 1061 638 1102 στελεόν·
672 1060 891 1115 σκαφίδας
920 1065 1054 1115 τρεῖς·
1088 1059 1262 1114 δορίδα·
1295 1058 1480 1108 κοπίδας
1510 1056 1736 1112 τέτταρας·

442 1131 495 1173 οὐ
528 1132 586 1187 μὴ
618 1133 836 1188 πρότερον
869 1134 1018 1185 οἴσεις,
1050 1133 1227 1172 θεοῖσιν
1259 1127 1391 1186 ἐχθρὲ
1425 1129 1495 1184 σύ,

401 1214 421 1246 5
440 1203 490 1246 τὸ
523 1205 744 1259 λεβήτιον·
782 1202 863 1245 τάκ
893 1208 974 1244 τοῦ
1004 1203 1179 1258 νίτρου·
1210 1201 1345 1244 πάλιν
1376 1200 1592 1258 ὑστερεῖς;

440 1274 514 1318 καὶ
544 1275 626 1330 τὴν
657 1275 845 1330 κύβηλιν
876 1274 958 1329 τὴν
991 1273 1331 1330 ἀγωνιστηρίαν.

346 1360 579 1414 Athenaeus
619 1374 823 1425 4,169b
871 1371 1078 1426 μαγειρικὰ
1121 1371 1242 1423 σκεύη
1285 1374 1581 1425 καταρνθμεῖται
1619 1362 1803 1419 ’Ἀνάξιπ-

161 1453 164 1456 *
229 1448 302 1481 πος
352 1432 394 1473 ἐν
437 1434 680 1508 Κιθαρωδῷ
718 1432 844 1480 οὕτως
887 1435 965 1472 κτλ.
1026 1432 1266 1472 Eustathius
1305 1433 1502 1484 872,12
1548 1429 1804 1484 τυρόκνηστις

229 1492 455 1546 μαγειρικὸν
487 1499 626 1541 σκεῦος
656 1488 722 1546 ἦν,
753 1492 864 1532 καθά
894 1502 994 1544 φησι
1025 1487 1297 1545 (Ἀθήναιος),
1328 1489 1395 1530 καὶ
1425 1488 1450 1542 ἡ
1485 1490 1705 1543 ζωμήρυσις
1737 1489 1803 1530 καὶ
1870 1529 1873 1531 ,

229 1554 270 1592 οἵ
298 1551 493 1605 ὀβελίσκοι
531 1569 597 1592 και
633 1550 658 1604 ἡ
699 1568 869 1607 κρεαγρα
906 1551 973 1592 καὶ
1003 1549 1029 1603 ἡ
1067 1551 1187 1591 eve-la
1224 1549 1291 1590 καὶ
1322 1549 1342 1590 ὅ
1375 1549 1525 1598 στελεὸς
1561 1549 1626 1590 καὶ
1664 1550 1709 1589 αἱ
1736 1565 1801 1590 κο-

227 1612 338 1660 πίδες
369 1612 434 1652 καὶ
459 1610 484 1664 ἡ
511 1613 676 1685 κύβηλις
707 1611 774 1652 καὶ
797 1610 823 1664 ἡ
850 1612 982 1666 χύτρα.
1054 1614 1090 1651 1.
1121 1607 1231 1664 φέρ’·
1264 1606 1338 1651 οἷσ’
1368 1611 1490 1651 Dobr.
1516 1610 1678 1650 Adv.11
1705 1612 1801 1650 271.

230 1675 400 1712 fortasse
433 1669 542 1725 φέρ’·
575 1668 670 1712 εἶτ’.
734 1676 771 1711 2.
803 1672 930 1712 θυίαν
949 1671 998 1712 Α.
1047 1670 1256 1723 παιδικήν]
1282 1673 1368 1721 παῖ,
1399 1669 1521 1709 λύκον
1546 1670 1664 1709 Mein.
1683 1669 1802 1710 Anal.

229 1733 324 1772 Ath
357 1735 424 1773 80.
471 1736 513 1772 at
543 1732 662 1780 λύκος
693 1733 799 1771 idem
831 1734 893 1772 est
924 1746 970 1771 ae
1001 1731 1181 1786 κρεάγρα.
1231 1731 1334 1770 Ρο11.
1367 1732 1404 1781 6,
1437 1732 1505 1770 88.
1555 1732 1648 1781 παῖ,
1687 1729 1802 1769 δίδου

230 1792 434 1832 Herwerd.
466 1792 558 1832 Obs.
591 1793 677 1832 erit.
714 1794 809 1831 102.
858 1791 1044 1842 πελλίκην
1076 1791 1232 1830 Nauck.
1295 1792 1333 1830 3.
1365 1788 1474 1830 ἐλεόν
1500 1790 1637 1840 Steph.
1664 1789 1804 1842 δορίδα

231 1851 336 1902 Cas]
371 1852 503 1903 διριδα
529 1853 576 1891 A.
609 1865 684 1891 om.
711 1852 751 1891 O.
816 1853 855 1891 4.
887 1851 936 1891 οὐ
967 1849 1040 1903 μὴ]
1075 1849 1124 1891 οὐ
1157 1848 1206 1901 δὴ
1239 1850 1443 1890 Herwerd.
1476 1848 1568 1889 obs.
1596 1849 1682 1889 erit.
1705 1851 1801 1890 103.

230 1909 278 1951 οὔ
305 1927 386 1962 μοι
413 1913 461 1950 Κ.
494 1912 694 1951 sententia
712 1925 784 1962 per
802 1911 1160 1962 interrogationem
1181 1910 1390 1950 efferenda.
1423 1908 1541 1956 οἴσεις
1560 1906 1802 1958 Villebrun]

229 1971 391 2018 νεύσεις.
475 1974 512 2010 6.
543 1969 616 2010 τάκ
645 1977 715 2011 τοῦ
747 1971 881 2023 νίτρου
913 1969 1049 2021 Mein]
1091 1968 1167 2009 κάκ
1203 1974 1274 2010 τοῦ
1311 1971 1453 2022 λητρου
1486 1969 1533 2008 A.
1584 1970 1632 2008 ef.
1665 1968 1802 2008 Cobet.

230 2032 279 2070 N.
299 2033 325 2071 l.
349 2033 444 2071 180.
508 2033 545 2070 6.
577 2029 883 2083 ἇγωνιστηρίαν]
916 2029 1219 2084 ταγηνιστηρίαν
1250 2029 1370 2068 Mein.
1401 2029 1443 2067 in
1474 2028 1570 2067 Ath.

352 2093 390 2130 3.
423 2090 575 2130 στελεόν
601 2091 1002 2142 Schweighaeuserus
1032 2091 1322 2140 interpretatur
1341 2090 1488 2138 limeum
1506 2101 1659 2127 massae
1683 2089 1802 2136 farri-

229 2163 371 2189 waeeae
399 2152 653 2190 extendendae
684 2154 718 2190 et
737 2152 961 2199 aequandae
985 2151 1208 2189 inserviens.
1259 2149 1429 2187 Photius
1455 2146 1625 2187 στελεόν·
1656 2145 1698 2186 τὸ
1730 2152 1801 2187 τοῦ

230 2207 418 2257 πελέκεως
450 2209 580 2257 ξύλον.
611 2210 785 2261 Hesych.
818 2208 986 2248 στελεόν·
1020 2206 1250 2260 οὐδετέρως·
1281 2206 1324 2246 τὸ
1355 2204 1639 2254 τοῦπελέκυος
1671 2206 1801 2254 ξύλον.

230 2272 370 2309 contra
400 2270 570 2308 Bekker.
605 2269 751 2309 Aneed.
786 2271 852 2316 64,
885 2271 909 2308 9
956 2267 1121 2315 στελεός·
1165 2266 1379 2320 ἀρρενικῶς
1415 2264 1563 2320 λέγεται
1605 2263 1683 2305 ὑπὸ
1724 2271 1804 2306 τῶν

227 2325 421 2368 Ἀττικῶν.
469 2329 571 2368 Poll.
606 2331 643 2379 6,
676 2330 729 2368 89
769 2327 964 2378 κοπίδα,
1002 2327 1214 2380 μαχαίρας,
1253 2326 1470 2378 δορίδας,
1508 2321 1571 2373 αἷς
1607 2324 1745 2378 ἕδερον
1775 2322 1802 2377 ἦ

187 2410 189 2412 v
231 2384 296 2439 ἐφ’
332 2383 408 2439 ὧν,
452 2387 545 2435 ἴσως
590 2385 632 2427 δὲ
674 2386 740 2426 καὶ
783 2386 1121 2440 τυρόκνηστιν,
1164 2384 1216 2437 ἣν
1254 2384 1320 2425 καὶ
1357 2384 1563 2438 κύβηλιν
1600 2387 1803 2426 καλοῦσιν.

237 2451 301 2495 10,
325 2450 407 2487 104
441 2446 644 2500 μαγειρικὰ
671 2445 713 2486 δὲ
738 2445 804 2486 καὶ
822 2447 982 2494 κοπίδες
1001 2445 1067 2485 καὶ
1092 2445 1318 2498 μαχαιρίδες
1337 2443 1403 2484 καὶ
1422 2445 1587 2499 δορίδες.
1630 2445 1802 2496 Hesych-

233 2510 273 2546 et
304 2509 436 2558 Etym.
468 2522 519 2546 m.
553 2509 651 2558 284,
689 2509 740 2546 13
775 2506 944 2559 δορίδες·
986 2506 1171 2558 μάχαιραι
1202 2503 1422 2558 μαγειρικαὶ
1458 2504 1513 2552 εἰς
1550 2503 1592 2544 τὸ
1633 2503 1803 2557 ε’κδεῖραι

232 2565 278 2605 τὰ
315 2566 476 2618 θύματα
513 2565 735 2618 ἐπιτήδειοι.
792 2567 978 2606 Eustath.
1012 2568 1108 2613 243,
1144 2567 1166 2604 6
1207 2565 1361 2616 δορίδες
1398 2563 1496 2604 κατὰ
1532 2563 1676 2604 Αἴλιον
1707 2565 1803 2604 Διο-

233 2625 373 2665 νύσιον
404 2625 623 2679 μαγειρικαὶ
653 2625 889 2678 τράπεζαι.
953 2628 991 2666 5.
1022 2626 1195 2676 Hesych.·
1221 2622 1292 2663 τάκ
1311 2629 1381 2664 τοῦ
1401 2624 1535 2676 νίτρου
1556 2620 1801 2676 (τακτονίτου

233 2687 329 2737 eod„
367 2687 519 2725 emend.
549 2682 760 2735 Pierson.)·
804 2684 850 2724 τὰ
886 2690 963 2725 τῶν
1007 2684 1202 2738 μαγείρων
1247 2682 1345 2736 ξηρὰ
1388 2682 1607 2736 ἀρτύματα,
1651 2681 1716 2723 διὰ
1758 2681 1801 2722 τὸ

233 2743 334 2783 ἔνθα
359 2743 424 2783 καὶ
449 2744 490 2784 τὸ
515 2746 649 2798 νίτρον
680 2748 910 2785 πωλεῖσθαι.
958 2745 1096 2796 itaque
1121 2742 1162 2783 τὸ
1188 2743 1322 2796 νίτρον
1348 2757 1395 2783 ea
1425 2744 1503 2783 fori
1527 2755 1620 2794 pars
1646 2745 1707 2782 est
1731 2743 1803 2782 ubi

233 2804 366 2855 νίτρον
398 2807 438 2843 et
469 2807 602 2844 cetera
633 2806 745 2844 aiida
776 2805 1029 2845 condimenta
1046 2804 1249 2844 venibant.
1299 2804 1346 2842 de
1365 2803 1501 2843 κοπίδι
1526 2802 1801 2852 cf.A1·istoph.

234 2864 282 2901 fr.
317 2865 412 2902 138.
507 2867 542 2904 6.
579 2864 744 2916 κύβηλις
789 2868 850 2904 est
894 2864 1043 2904 Cratin.
1076 2865 1174 2903 315.
1223 2863 1390 2902 Philem.
1430 2865 1496 2902 13.
1546 2875 1634 2901 eam
1672 2875 1801 2912 neque

234 2920 520 2975 ἀγωνιστηρίαν
550 2936 677 2974 neque
708 2924 1010 2977 ταγηνιστηρίαν
1039 2923 1243 2992 intellego.
