2014 3334
795 276 963 315 ΚΝΙΔΙΑ
1012 277 1181 319 ΚοΑΑΞ
1711 279 1768 322 83

366 389 494 446 ἔγχει.
555 393 682 440 θεοῖς
710 385 963 445 Ὀλυμπίοις
994 389 1228 446 εὐχώμεθα

360 457 638 518 Ὀλυμπίαισι
669 466 776 504 πᾶσι
807 461 969 512 πάσαις
1000 461 1213 518 (λάμβανε

324 544 343 576 5
366 534 448 588 τὴν
479 537 680 589 γλῶτταν
712 532 762 575 ἐν
792 532 956 591 τούτῳ)
990 533 1168 576 διδόναι
1201 535 1439 590 σωτηριάν,

363 605 553 661 ὑγίειαν,
586 605 736 661 ἀγαθὰ
766 604 923 660 πολλοί,
956 611 1047 648 τῶν
1079 605 1223 648 ὄντων
1254 620 1301 648 τε
1332 610 1418 648 νῦν

365 676 551 734 ἀγαθῶν
582 678 742 733 ὄνησιν
771 682 897 720 πᾶσι·
933 674 1057 720 ταῦτ’
1094 677 1341 734 εὐχώμεθα.

304 776 538 817 Athenaeus
567 778 635 830 14,
665 777 791 817 659d
836 774 1081 829 Μένανδρος
1113 774 1156 816 ἐν
1187 775 1339 816 Κόλακι
1370 774 1450 816 τὸν
1482 779 1581 824 τοῖς
1612 790 1771 829 τετρα-

186 836 373 885 δισταῖς
417 833 591 890 (Alexid.
635 833 740 887 258)
786 835 1175 888 διακονούμενον
1225 836 1459 890 μάγειρον
1502 835 1552 877 ἐν
1595 842 1646 892 τῇ
1691 842 1772 889 τῆς

186 896 446 949 πανδήμου
474 893 760 950 Ἀφροδίτης
791 895 927 952 ἑορτῇ
959 900 1070 937 ποιεῖ
1090 895 1202 936 ταυτὶ
1226 895 1390 951 λέγοντα
1413 900 1492 937 κτλ.
1546 900 1583 936 1.
1605 897 1772 948 σπονδη.

187 956 303 997 διδου
350 969 399 997 συ
439 959 857 1032 σπλαγχνακολουθων
890 958 938 997 Α.
1007 955 1208 997 ἀκόλουθε
1260 957 1396 998 Cobet.
1429 958 1478 997 N.
1511 958 1536 997 l.
1573 959 1638 998 72.
1734 960 1771 997 2.

186 1017 352 1069 σπονδη.
405 1015 500 1071 φέρε
531 1033 563 1056 ω
603 1020 827 1057 πλειωωσια
859 1017 1027 1069 σπονδη.
1077 1020 1206 1065 καλως
1236 1018 1286 1058 A.
1348 1016 1443 1070 φέρε
1481 1017 1602 1057 πλείω
1633 1017 1773 1057 Σωσία

185 1077 379 1129 Heringa.
430 1073 518 1130 φέρ’
549 1072 580 1117 ὦ
605 1080 684 1117 παῖ
702 1077 841 1117 Σωσία
867 1078 1043 1117 Pierson.
1066 1079 1188 1118 Moer.
1212 1080 1308 1118 298.
1360 1074 1451 1131 φέρ’
1488 1073 1601 1117 οἶνον
1620 1077 1772 1128 Σωσία,

187 1134 300 1189 ‘quia
337 1138 408 1189 qui
446 1138 543 1177 dicit
580 1132 611 1177 ὦ
648 1141 728 1177 παῖ
758 1138 845 1178 sim.
882 1151 1028 1178 nomen
1066 1139 1218 1178 servuli
1250 1152 1331 1178 non
1372 1134 1499 1178 addit’
1533 1138 1670 1178 Cobet.
1735 1140 1771 1177 3.

187 1195 306 1250 εὔχου
341 1198 387 1237 Α.
419 1196 519 1251 ἔγχει
549 1198 727 1238 Pierson.
760 1196 877 1251 ἐγχοῦ
909 1197 1047 1238 Cobet.
1110 1200 1151 1238 4.
1183 1195 1398 1250 ὀλυμπίασι
1428 1198 1478 1238 A.
1510 1198 1661 1238 ionieas
1692 1199 1773 1238 for-

186 1270 273 1297 mas
305 1258 369 1296 hie
401 1260 442 1297 et
473 1258 598 1298 Arist.
631 1259 789 1298 Thesm.
824 1260 906 1298 331
925 1271 982 1310 sq.
1015 1254 1081 1312 (ut
1113 1258 1186 1298 Av.
1221 1254 1327 1312 866)
1361 1259 1503 1310 reponi
1533 1258 1647 1297 iubet
1671 1258 1773 1298 Her-

186 1318 307 1358 werd.
333 1318 451 1357 Anal.
478 1318 565 1357 erit.
593 1320 660 1358 39.
725 1320 765 1359 5.
795 1316 861 1358 ἐπὶ
890 1317 1015 1375 τούτῳ
1048 1317 1206 1358 διδόναι
1236 1319 1354 1358 Mein.
1385 1322 1421 1358 1.
1482 1316 1526 1358 ἐν
1557 1317 1681 1375 τούτῳ
1714 1320 1776 1358 est

188 1374 302 1417 ‘dum
332 1378 474 1418 libatio
505 1374 580 1418 fit?
644 1381 680 1418 7.
713 1375 881 1430 ὀνησιαν
912 1384 1035 1418 πᾶσιν
1068 1380 1116 1418 Α.
1772 1420 1790 1435 f

309 1440 348 1477 2.
379 1439 551 1478 fortasse
578 1438 849 1478 scribendum:
882 1438 1055 1490 σπονδή·
1088 1435 1176 1493 φέρ’
1210 1433 1241 1477 ὦ
1267 1441 1355 1478 παῖ·
1387 1438 1540 1490 Σωσία,
1573 1438 1772 1490 σπονδήν·

195 1501 334 1546 καλῶς.
383 1501 513 1547 καλῶς
545 1498 644 1538 dicit
675 1499 812 1539 adlata
843 1499 1050 1551 libatione,
1082 1502 1128 1538 ut
1161 1501 1259 1539 311.

942 1677 1029 1720 293

693 1762 858 1804 ΒΙΑΣ.
917 1761 1109 1811 κοτύλας
1139 1766 1318 1818 χωροῦν
1351 1760 1456 1804 δέκα

409 1831 458 1875 ἐν
490 1833 786 1890 Καππαδοκία
817 1833 959 1876 κόνδυ
990 1838 1205 1890 χρυσοῦν,
1237 1835 1488 1889 Στρουθία,

403 1903 500 1962 τρὶς
525 1903 699 1956 ἐξέπιον
724 1907 888 1961 μεστόν
912 1901 970 1960 γ’.
1024 1905 1118 1948 ΣΤ.
1140 1903 1435 1962 Ἀλεξάνδρου
1461 1905 1597 1950 πλέον

405 1982 486 2019 τοῦ
516 1976 733 2032 βασιλέως
764 1976 980 2029 πέπωκας.
1042 1980 1091 2021 Β.
1124 1977 1207 2020 οὐκ
1240 1979 1442 2033 ἔλαττον,
1476 1979 1545 2034 οὔ,

365 2059 386 2091 5
409 2049 469 2105 μὰ
499 2050 583 2105 τὴν
609 2045 816 2105 Ἀθηνᾶν.
879 2052 973 2093 ΣΤ.
1008 2048 1120 2106 μέγα
1151 2066 1212 2106 γε.

311 2149 544 2193 Athenaeus
574 2151 638 2198 10,
667 2151 754 2189 434
770 2150 824 2188 be
864 2147 972 2189 ἔπινε
999 2147 1042 2189 δὲ
1075 2146 1373 2203 δἈλέξανδρος
1403 2153 1599 2200 πλεῖστον,
1632 2148 1686 2197 ὡς
1711 2148 1777 2189 καὶ

191 2206 271 2248 ἀπὸ
302 2213 372 2260 τῆς
403 2207 534 2260 μέθης
565 2214 738 2261 συνεχῶς
772 2213 994 2262 κοιμᾶσθαι
1025 2208 1098 2249 δύο
1131 2207 1280 2262 ἡμέρας
1310 2208 1377 2249 καὶ
1410 2209 1483 2250 δύο
1516 2210 1663 2257 νύκτας
1696 2240 1704 2248 .
1732 2243 1738 2248 .
1767 2240 1775 2248 .

193 2266 436 2321 Μένανδρος
468 2266 511 2308 δὲ
542 2267 585 2308 ἐν
610 2268 764 2309 Κόλακί
792 2282 891 2322 φησι
922 2273 1001 2310 κτλ.
1063 2285 1099 2311 v.
1130 2273 1165 2309 1.
1195 2273 1218 2310 2
1246 2271 1479 2310 Athenaeus
1503 2273 1569 2322 11,
1596 2285 1631 2320 p.
1662 2272 1782 2310 477f

191 2327 317 2368 κόνδυ
347 2328 540 2381 ποτήριον
561 2325 795 2370 Ἀσιατικόν.
847 2328 1092 2383 Μένανδρος
1123 2329 1276 2370 Κόλακι
1305 2334 1383 2370 κτλ.
1446 2345 1481 2371 v.
1511 2333 1547 2370 3.
1576 2333 1602 2369 4
1636 2326 1777 2383 (Ἀλεξ.

195 2385 468 2442 -πέπωκας)
490 2389 732 2429 Plutarchus
752 2391 852 2430 Mor.
874 2393 928 2431 57
945 2404 969 2430 a
1001 2389 1052 2430 ἂν
1083 2388 1155 2442 μὲν
1187 2390 1427 2444 εὐπαρύφου
1454 2389 1561 2438 τινὸς
1587 2389 1777 2443 ἀγροίκου

193 2448 361 2502 λάβηται
380 2445 421 2502 (ὃ
441 2445 577 2503 κόλαξ)
598 2450 773 2502 φορίνην
804 2454 972 2503 παχεῖαν
1004 2449 1212 2503 φέροντος,
1245 2450 1322 2508 ὅλῳ
1354 2453 1407 2507 τῷ
1433 2455 1602 2502 μυκτῆρι
1627 2455 1778 2501 χρῆται,

189 2508 375 2561 καθάπερ
407 2506 428 2548 ὅ
448 2510 725 2562 Στρουθίας
757 2509 1030 2563 ἐμπεριπατῶν
1061 2513 1114 2567 τῷ
1140 2511 1335 2562 Βίαντι,
1367 2509 1433 2550 καὶ
1465 2509 1779 2562 κατορχούμενος

191 2573 262 2621 τῆς
292 2567 561 2621 ἀναισθησίας
594 2568 718 2609 αὐτοῦ
750 2574 831 2618 τοῖς
861 2569 1040 2619 ἐπαίνοις
1071 2574 1149 2610 κτλ.
1211 2571 1376 2610 Lucian.
1410 2571 1543 2621 Fugit.
1575 2573 1626 2609 19
1661 2572 1777 2609 κολα-

191 2623 469 2680 κείανμισεῑν
500 2641 600 2680 φασι
641 2630 847 2678 κολακείας
880 2628 995 2670 ἕνεκα
1033 2630 1101 2670 τὸν
1133 2630 1404 2682 Γναθωνίδην
1435 2627 1462 2682 ἢ
1494 2628 1561 2668 τὸν
1593 2631 1778 2681 Στρου-

192 2689 310 2728 θίαν
340 2687 638 2742 ’ὗπερβαλέσθαι
670 2690 898 2742 δυνάμενοι.
954 2694 989 2730 1.
1017 2689 1112 2730 δέκα
1143 2689 1210 2730 καὶ
1241 2694 1282 2730 et
1310 2693 1347 2730 2.
1374 2689 1592 2742 στρουθίον
1622 2691 1658 2728 Α
1680 2692 1779 2729 477.

193 2751 231 2788 3.
262 2746 417 2796 ἐξέπιον
442 2748 592 2799 Bentl.]
626 2748 740 2790 ἔπιον
765 2751 814 2790 A.
846 2750 988 2802 μεστόν
1013 2747 1073 2804 γ’]
1107 2746 1162 2798 εἷς
1195 2748 1251 2789 ὢν
1272 2751 1391 2789 Mein.
1416 2750 1534 2788 Anal.
1564 2750 1658 2789 Ath.
1683 2752 1779 2788 196.

190 2807 271 2861 τρὶς
302 2807 443 2859 μεστὸν
473 2807 629 2857 ἐξέπιον
656 2811 788 2850 deleto
819 2825 862 2863 γε
883 2811 1021 2850 Cobet.
1043 2812 1092 2850 N.
1114 2812 1139 2849 l.
1162 2812 1230 2849 58.
1255 2812 1322 2849 61.
1369 2812 1408 2850 4.
1434 2808 1621 2856 πέπωκας
1646 2814 1717 2848 τοῦ
1743 2810 1779 2860 β.

191 2869 239 2907 A.
265 2869 518 2919 transposuit
543 2870 674 2909 Bentl.
739 2873 778 2910 5.
805 2867 1041 2922 Ἀθηναίαν.
1067 2872 1160 2922 Στρ.
1193 2867 1318 2922 μέγας
1349 2864 1386 2908 εἶ
1407 2870 1524 2908 Mein.
1545 2870 1663 2909 Anal.
1684 2870 1780 2907 Ath.

195 2930 278 2968 196
312 2930 411 2968 conl.
433 2929 600 2980 Dionys.
621 2942 722 2971 eom.
745 2933 782 2982 2,
805 2932 872 2970 36.
923 2931 1129 2981 Euphron.
1154 2932 1190 2981 1,
1212 2931 1281 2969 30.
1305 2930 1397 2968 fort.
1419 2927 1516 2982 μέγα
1542 2926 1704 2982 λέγεις.
1724 2950 1777 2956 ——

195 2989 493 3039 conloquuntur
523 2989 640 3029 miles
672 2993 714 3030 et
744 2991 961 3041 parasitus.

1447 3055 1493 3091 6*
