2014 3334
0 1593 14 1821 *ww-*W*
0 1543 12 1593 „vq-
0 1527 3 1531 -
0 1431 11 1494 -ryw
0 1338 6 1416 -vv
0 1253 7 1300 «ω,
0 1185 6 1191 .
0 1142 4 1171 -Ἶ

842 230 942 264 ΤΗΣ
967 229 1177 264 ΑΡΧΑΙΑΣ
1704 226 1791 269 403

921 338 990 382 27.
1025 338 1080 382 28

331 426 392 467 De
423 426 628 467 comoedia
646 439 690 467 vl
713 426 869 467 Duebn.
889 439 927 478 p.
948 438 1019 466 xv1
1045 421 1316 480 (Studemund
1343 425 1485 465 Philol.
1504 424 1633 464 XLVI
1658 427 1725 474 10,
1745 420 1791 479 4)

212 483 392 539 τέταρτον
429 481 622 541 (comicae
663 485 850 526 dictionis
888 481 1035 539 genus)
1070 483 1168 524 κατὰ
1198 485 1474 538 παρωνυμίαν,
1517 482 1571 533 ὥς
1609 483 1703 525 όταν
1739 486 1793 542 τῷ

212 546 337 603 κυρίῳ
374 543 525 595 ἔξωθέν
556 560 613 594 τις
650 544 817 597 ἅπτηται
849 540 904 600 (τι
934 544 1155 596 κατάθηται
1172 540 1319 598 MPV),
1358 542 1411 592 ὡς
1442 543 1484 585 τό
1516 543 1680 596 μώμαξ
1711 559 1793 584 κα-

211 607 386 658 λοῦμαι
422 605 626 654 Μίδας.
701 602 852 646 .ἔκτον
889 604 987 645 κατὰ
1024 603 1242 658 ἐναλλαγήν
1273 601 1349 657 (sic
1369 604 1406 643 V
1436 618 1509 656 pro
1541 603 1662 653 ἐξαλλ.
1666 602 1695 659 ),
1739 602 1794 653 ὡς

210 663 254 706 τό
286 659 318 705 ὦ
348 664 474 706 Βδεῦ
512 662 736 717 δέσποτα,
773 663 860 705 ἀντὶ
896 670 967 706 τοῦ
1005 659 1036 704 ὦ
1070 667 1174 705 Ζεῦ.
1224 663 1380 716 μώμαξ]
1414 664 1534 716 μίμαξ
1567 665 1672 716 Par„
1710 662 1793 717 μὼξ

214 725 333 765 Laur.
367 727 436 776 31,
468 727 508 765 4.
539 726 658 777 plura
688 726 949 766 inveniuntur
980 725 1088 777 apud
1114 724 1228 764 Stud.
1260 723 1423 776 Μώμαξ
1454 726 1519 764 vel
1550 724 1694 777 Μίμαξ
1725 740 1792 764 κα-

214 786 360 838 λοῦμαι
390 785 567 833 Μειδίας
598 786 716 825 Mein.
768 784 932 837 Μώμαξ
962 787 1160 837 καλοῦμαι
1189 782 1258 824 καὶ
1289 784 1428 832 Μίδας
1459 785 1508 824 H.
1541 785 1690 825 Iacobi.

334 844 485 885 Midam
515 858 597 885 non
627 846 795 886 divitem
826 846 954 894 illum,
987 845 1058 885 sed
1089 845 1259 884 stultum
1293 845 1478 895 iudicem,
1511 845 1559 884 de
1579 858 1658 896 quo
1678 844 1793 885 Ovid.

215 905 311 944 Met.
345 907 418 956 11,
452 907 556 956 172,
592 905 643 944 H.
673 906 810 945 Iacobi
852 905 1053 956 intellegit
1083 903 1121 941 V
1156 906 1251 944 121.
1280 906 1317 944 2.
1380 905 1427 944 of.
1460 905 1652 955 Bernays.
1691 905 1794 946 Mus.

215 963 341 1005 Rhen.
372 964 475 1004 VIII
507 966 607 1005 587.
668 965 719 1004 ad
756 965 826 1004 Ar.
864 965 1037 1016 Lysistr.
1070 966 1175 1015 940,
1212 966 1258 1004 ut
1298 964 1428 1005 voluit
1466 964 1794 1016 Studemundius,

212 1024 386 1064 alterum
418 1025 465 1064 fr.
498 1025 700 1076 pertinere
730 1026 798 1066 vix
827 1027 973 1076 potest.

975 1142 1032 1184 29

495 1223 742 1290 Ἐρετρικὸς
771 1225 1016 1280 κατάλογος

330 1309 497 1352 ἐπὶτῶν
523 1311 680 1364 σφόδρα
703 1311 918 1353 πλουσίων.
954 1312 1102 1351 Macar.
1123 1313 1163 1362 4,
1186 1313 1251 1352 16.
1291 1312 1518 1363 Hesychius
1542 1307 1788 1384 Ἐρετριακὸς

211 1370 442 1425 κατάλογος·
480 1370 542 1412 ἐπι
581 1372 755 1423 Διφίλου
794 1368 873 1425 (Ol.
907 1373 975 1422 84,
1009 1366 1056 1426 3)
1093 1370 1285 1424 ψήφισμα
1323 1369 1476 1425 ἐγράφη
1521 1370 1559 1419 ἐξ
1592 1368 1790 1446 Ἐρετρίας

210 1429 415 1495 καταλέξαι
446 1429 621 1484 ὁμήρους
651 1430 744 1479 τοὺς
774 1437 852 1471 τῶν
882 1431 1186 1471 πλουσιωτάτων
1205 1430 1338 1479 υἱούς.
1370 1436 1484 1471 τοῦτο
1505 1446 1580 1471 ουν
1599 1430 1641 1471 τὸ
1660 1431 1792 1483 ψήφι-

212 1502 291 1543 σμα
321 1490 399 1543 ἔχει
424 1488 652 1545 ἐπιγραφὴν
666 1488 746 1544 Ε’9.
767 1506 802 1531 κ.
841 1492 1027 1532 siniiliter
1047 1491 1226 1532 Photius.
1265 1505 1312 1531 ex
1331 1491 1510 1531 Macario
1533 1493 1791 1543 cognoscitur

210 1550 412 1591 hominem
433 1552 599 1591 divitem
631 1554 702 1591 aut
732 1552 865 1603 ipsum
880 1547 1102 1604 Ἐρετρικὸν
1132 1550 1351 1604 κατάλογον
1384 1551 1463 1591 dici
1495 1555 1567 1591 aut
1592 1552 1634 1590 in
1666 1553 1789 1591 talem

211 1611 364 1650 referri.
415 1612 523 1662 quod
553 1612 639 1651 fieri
669 1612 735 1651 vix
766 1612 902 1663 potuit
931 1612 1010 1652 nisi
1040 1613 1083 1651 in
1114 1613 1329 1652 comoedia.
1372 1607 1388 1623 '

972 1728 1030 1771 30

491 1807 838 1869 4σπερχυλλοὲδην
869 1810 1086 1869 κέκραγας

332 1897 606 1952 ἀγανακτήσας
647 1897 826 1946 ’ὑλακτεῐς
869 1896 982 1952 ἄγαν.
1037 1896 1145 1952 παρὰ
1176 1896 1218 1938 τὸ
1251 1896 1499 1950 σπέρχεσθαι.
1549 1898 1790 1949 Hesychius.

213 1960 262 1999 cf.
300 1959 471 1999 Lobeck.
512 1959 670 1999 Pathol.
701 1960 802 2010 prol.
834 1960 933 1999 426.
983 1959 1192 2010 antiquam
1223 1958 1470 1998 comoediam
1500 1958 1668 1998 redolet.

972 2087 1026 2130 31

495 2156 669 2212 Ἐπειοῦ
700 2159 949 2215 δειλότερος

332 2245 457 2294 οὕτως
487 2244 633 2300 ἐλέγετο
665 2247 862 2298 Κρατῖνος
887 2243 909 2285 ὅ
934 2244 1120 2298 κωμικός,
1151 2244 1246 2293 ἴσως
1271 2243 1338 2284 διὰ
1367 2243 1410 2284 τὸ
1439 2245 1691 2298 ταξιαρχῆσαι
1721 2251 1790 2298 τῆς

217 2305 406 2358 Οἰνηίδος
436 2309 568 2358 φυλῆς
599 2304 812 2358 δειλότερός
842 2320 882 2345 τε
912 2310 1103 2358 φανῆναι.
1154 2305 1298 2345 Suidas
1318 2307 1360 2345 et
1379 2306 1529 2345 eisdem
1548 2306 1631 2345 fere
1657 2306 1789 2345 verbis

213 2366 357 2407 Zenob.
380 2368 417 2410 3.
439 2367 508 2407 81.
556 2366 794 2417 Diogenian.
813 2367 853 2416 4,
882 2368 950 2407 61.
1001 2365 1239 2417 Hesychius.
1253 2387 1303 2392 —
1317 2366 1464 2415 Epms,
1484 2366 1518 2405 is
1540 2366 1608 2416 qui
1639 2379 1788 2417 equum

213 2426 375 2465 durium
400 2426 541 2478 opinor
564 2426 664 2466 fecit
690 2422 805 2479 (Eur.
826 2426 916 2468 Tro.
940 2421 1027 2479 10),
1046 2426 1218 2478 ignavus
1238 2425 1317 2465 dici
1335 2426 1507 2477 videtur,
1528 2426 1622 2477 quia
1643 2426 1787 2465 Troiae

213 2485 326 2537 dolo,
362 2498 443 2527 non
478 2485 520 2526 vi
557 2486 772 2537 capiendae
810 2488 950 2527 auctor
989 2487 1135 2526 fuerat.
1186 2486 1384 2537 Lycophr.
1418 2484 1525 2525 Cass.
1561 2487 1643 2525 931
1678 2483 1789 2538 ἔγχος

211 2543 414 2600 πεφρικὼς
443 2543 511 2585 καὶ
540 2544 724 2599 φάλαγγα
754 2545 941 2598 θουρίαν.
992 2546 1181 2586 Cratinus
1208 2547 1343 2585 autem
1369 2546 1420 2584 ab
1453 2545 1611 2585 aemulo
1642 2545 1788 2598 aliquo,

213 2606 385 2646 fortasse
415 2605 700 2658 Aristophane,
731 2619 778 2645 eo
808 2606 969 2646 nomine
998 2606 1230 2646 notabatur.
1279 2606 1329 2645 cf.
1361 2605 1513 2645 Cratin.
1546 2607 1644 2646 460.

970 2722 1028 2766 32

497 2780 658 2839 ἠρινοῦ
687 2782 829 2825 πόκου

331 2867 559 2920 Hesychius
589 2865 668 2922 ἀπὸ
698 2872 777 2907 τῶν
806 2867 1004 2919 ποιμνίων
1034 2872 1114 2906 τῶν
1144 2864 1242 2906 κατὰ
1272 2864 1315 2906 τὸ
1347 2864 1415 2918 ἔαρ
1447 2864 1600 2919 φόρους
1629 2867 1788 2907 τελούν-

214 2941 292 2966 των
325 2925 461 2980 [ἔαρι].
522 2924 666 2980 ἠρινοῦ
696 2925 825 2968 πόκου
855 2927 978 2968 Dobr.
1003 2927 1104 2966 Adv.
1132 2927 1150 2966 Ι
1177 2924 1280 2977 593]
1314 2923 1548 2979 ἠρινοτόκου
1580 2927 1664 2967 cod.
1690 2926 1787 2967 κατὰ

1426 2994 1501 3030 26*
