2014 3334
283 257 371 298 594
637 239 640 243 ’
929 258 1189 292 ΑΔΕΣΠΟΤΑ

1012 367 1032 408 1
1041 366 1124 408 124

567 424 913 482 προδοτίστερον

404 498 572 537 Phoffius
616 496 796 551 λέγουσιν
835 497 887 546 ὡς
925 498 1175 552 λαγνίστερον
1211 497 1276 538 καὶ
1307 494 1617 552 (κ)λεπτίστερον
1652 498 1717 540 καὶ
1747 515 1848 540 πτω-

284 557 467 609 χίστερον.

1011 627 1125 669 1125

567 686 933 741 προδωσίκομπος

403 760 571 798 Photius
615 757 636 798 ὅ
682 758 948 812 ὑποσχετικός,
999 757 1019 798 ὁ
1063 758 1131 806 τὰς
1174 757 1316 798 ἑαυτοῦ
1360 757 1584 812 ὑποσχέσεις
1628 759 1671 800 ἐν
1714 759 1850 800 οὐδενὶ

284 816 501 869 τιθέμενος,
539 817 636 857 ἀλλὰ
667 819 892 870 προδιδούς.
944 819 1028 858 cod.
1065 818 1394 870 προδοσίκομπος.
1445 821 1629 859 Eustath.
1663 822 1760 870 710,
1797 822 1846 859 12

283 879 596 929 προδοσίκομποι
628 877 724 917 κατὰ
755 877 847 926 τοὺς
871 877 1078 927 παλαιούς,
1110 877 1132 916 ὅ
1155 876 1258 917 ἐστιν
1290 878 1345 925 εἰς
1370 878 1495 929 μάτην
1520 877 1780 931 ὑποσχετικοί,
1810 878 1852 918 οἰ

284 936 351 984 τὰς
387 936 538 976 ἑαυτῶν
575 936 801 990 ὑποσχέσεις
846 937 888 977 ἐν
926 936 1060 976 οὐδενὶ
1096 935 1314 988 τιθέμενοι,
1357 936 1453 976 ἀλλὰ
1496 937 1759 990 προδιδόντες.
1790 959 1849 966 —

286 997 507 1047 δωσίδικος,
526 995 851 1050 προδωσέταιρος,
873 997 1019 1036 similia
1045 997 1213 1036 suadent
1238 999 1286 1036 ut
1308 997 1521 1049 προδωσίκ.
1549 998 1758 1037 scribatur.
1799 998 1848 1036 cf.

283 1057 453 1096 Lobeck.
486 1057 633 1108 Phryn.
668 1059 763 1098 770.

1011 1137 1124 1180 1126

569 1198 933 1252 προσβωμολοχεῑ

285 1333 326 1369 et
358 1269 507 1370 Κὲτᾷιζς.
540 1270 653 1323 χάριν
692 1268 802 1323 λέγει.
846 1270 1082 1322 Hesychius.
1132 1271 1394 1323 προσβολοχεῖ
1425 1271 1519 1321 cod.,
1557 1271 1707 1310 emend.
1741 1271 1853 1310 Voss.

935 1398 1058 1440 1127.
1098 1399 1208 1441 1128

569 1458 722 1508 πτάκις

405 1533 546 1571 Pollux
578 1534 615 1582 3,
651 1534 731 1572 136
772 1530 792 1570 ὅ
817 1529 972 1582 ἄψυχος
1011 1530 1228 1581 ἰδιωτικόν,
1265 1529 1331 1570 καὶ
1361 1528 1382 1570 ὅ
1413 1530 1552 1578 πτάκις
1589 1530 1745 1583 σφόδρα
1775 1546 1851 1570 κω-

286 1590 412 1642 μικόν.
463 1592 687 1641 Hesychius
718 1591 856 1637 πτάκις
881 1588 907 1641 ἢ
932 1590 1115 1637 πτάκιδες
1141 1588 1301 1642 (πτακὲς
1325 1588 1351 1641 ἢ
1376 1590 1559 1637 πτακίδες
1583 1587 1686 1642 cod.)
1719 1590 1852 1640 δειλοί,

286 1649 496 1702 ἐπτηχότες.
547 1648 612 1688 καὶ
643 1649 913 1701 πτακισμός.
963 1650 1130 1689 Photius
1161 1650 1360 1696 πτακίὸες·
1393 1649 1516 1689 δειλοί
1544 1645 1649 1702 (cod.
1685 1645 1851 1703 δεσμοί).

284 1709 421 1756 πτάκις
447 1705 567 1763 (moin
594 1722 786 1760 supcrscr.
818 1725 837 1757 ς
869 1704 990 1762 cod.)·
1024 1708 1165 1756 δειλός·
1198 1707 1218 1748 ὁ
1250 1708 1422 1761 ἐπτηχώς
1454 1705 1529 1759 (sic
1550 1708 1685 1748 Cobet.
1707 1710 1850 1748 Mnem.

288 1769 384 1808 VIII
418 1771 473 1808 64
504 1782 577 1820 pro
610 1765 806 1823 ὄπτικώς).
855 1769 1026 1808 Lobeck.
1059 1769 1216 1808 Pathol.
1248 1769 1348 1819 prol.
1382 1770 1479 1808 507.

1014 1886 1033 1926 1
1046 1885 1126 1927 129

570 1946 731 2000 πτερόν

408 2021 547 2059 Pollux
580 2021 645 2071 10,
676 2022 755 2059 127
789 2017 831 2058 τὸ
864 2013 1111 2072 σκιάδ(ε)ιον,
1135 2017 1176 2057 οἵ
1202 2013 1536 2074 κωμῳδ(ι)οποιοὶ
1567 2020 1766 2057 καλοῦσιν.

570 2192 748 2245 πύππαξ

406 2270 631 2319 Hesychius
668 2267 710 2308 τὸ
747 2273 823 2307 νῦν
854 2266 1006 2319 βόμβαξ
1042 2265 1252 2319 λεγόμενον
1289 2265 1452 2314 πύππαξ
1483 2265 1635 2319 ἔλεγον,
1675 2263 1728 2313 ὡς
1764 2268 1850 2304 Λυ-

285 2328 449 2382 κόφρων
488 2324 616 2384 ᾠήθη.
682 2326 755 2367 οὐκ
792 2325 869 2366 ἔστι
902 2324 954 2366 δέ.
1009 2324 1051 2365 τὸ
1089 2323 1160 2377 μὲν
1196 2324 1269 2379 γὰρ
1306 2324 1459 2377 βόμβαξ
1496 2325 1644 2364 τίθεται
1686 2323 1751 2363 καὶ
1789 2323 1852 2364 ἐπὶ

288 2391 540 2440 σχετλιασμοῦ
577 2385 661 2427 καὶ·
686 2385 748 2426 ἐπὶ
785 2384 966 2439 γέλωτος,
1004 2384 1044 2425 τὸ
1083 2383 1125 2424 δὲ
1161 2385 1326 2432 πύππαξ
1358 2383 1456 2436 οὐχί.
1507 2381 1620 2423 ‘haec
1652 2385 1702 2423 ad
1733 2384 1853 2423 comi-

288 2461 425 2487 corum
455 2461 573 2486 usum
611 2449 790 2498 spectare
822 2446 1095 2497 Lycophronis
1132 2458 1275 2484 nomen
1314 2440 1468 2483 doces?
1486 2444 1604 2483 Mein.
1667 2443 1853 2482 similiter
1927 2480 1931 2482 .

289 2507 416 2547 Schol.
450 2507 553 2546 Plat.
579 2506 755 2556 Euthyd.
781 2508 893 2556 extr„
924 2505 993 2544 sed
1023 2505 1063 2543 in
1096 2505 1173 2543 fine
1216 2502 1258 2542 τὸ
1302 2500 1373 2554 μὲν
1402 2502 1489 2556 ’γὰρ
1532 2502 1666 2550 πύπαξ
1703 2503 1850 2542 τὺθεται

287 2564 353 2604 καὶ
388 2564 452 2605 ἐπὶ
489 2568 740 2618 σχετλιασμοῦ
778 2563 844 2604 καὶ
883 2563 1097 2617 ἐγκωμίου,
1133 2561 1183 2618 τὸ,
1214 2560 1256 2601 δὲ
1293 2562 1446 2614 βόμβαξ
1483 2561 1623 2603 οὐκέτι.
1684 2562 1850 2601 Photius

286 2624 468 2673 πύππαξ·
500 2624 727 2678 ἐπίφθεγμα
758 2626 1020 2677 σχετλιασμοῦ.
1083 2623 1130 2662 cf.
1163 2621 1312 2661 Oratin.
1346 2624 1413 2662 52.

1017 2739 1126 2782 1131

571 2806 769 2858 πυρῆνας

406 2876 549 2914 Pollux
581 2877 619 2925 6,
651 2876 706 2913 45
747 2872 794 2921 ἃς
834 2873 875 2913 οἷ
902 2878 978 2912 νῦν
1020 2869 1191 2918 θλαστὰς
1231 2866 1406 2926 (ἐλάας),
1448 2870 1590 2918 ταύτας
1629 2875 1849 2922 πυρῆνας

289 2950 326 2973 οι
357 2934 532 2985 κωμικοί.
1154 2956 1157 2960 -

2007 2866 2014 2893 ἔ

2009 2891 2014 2911 ε
