2014 3334
225 240 306 281 104
384 229 386 231 ’
563 261 566 265 ,
855 238 1155 273 MENANAPOT

215 353 315 391 Mor.
337 354 422 391 476
439 365 459 390 e
492 349 629 390 πολλοὶ
655 349 721 389 καὶ
751 349 793 390 τὸ
826 355 894 390 τοῦ
915 350 1161 402 Μενάνδρου
1187 349 1425 402 πεφρίκασιν
1451 352 1529 389 κτλ.
1549 372 1606 376 —-
1630 352 1666 389 3.
1692 346 1785 389 καθ’

216 409 287 459 οὓς
320 408 362 450 δὲ
395 411 519 462 κρίνει
549 406 744 463 πράγματ’
781 409 830 450 οὐ
863 415 1000 462 χρῆται
1031 409 1167 461 νόμοις
1186 410 1319 449 Ben‘fil.
1353 407 1401 449 οὐ
1427 414 1497 463 χρῇ
1525 408 1662 461 νόμοις
1693 405 1789 449 καθ’

217 469 287 518 οὓς
318 474 447 522 κρινεῖ
472 468 519 508 τὰ
551 483 614 522 πρ.
648 470 896 510 Heimsoeth.
930 470 1015 509 Ind.
1046 471 1136 509 lect.
1171 470 1295 508 Bonn.
1329 471 1427 508 aest.
1463 471 1574 508 1867
1608 483 1706 509 xv11.
1745 467 1794 509 οὗ

216 529 291 584 γὰρ
323 529 439 581 νόμοι
471 526 566 568 καθ’
610 527 681 577 οὓς
717 533 848 581 κρινεῖ
877 527 924 568 τὰ
955 543 1018 580 πρ.
1052 529 1215 568 Usener.
1261 531 1310 568 ub
1342 529 1524 579 spurium
1556 529 1632 569 del.
1663 529 1795 578 Mein.‚

217 591 416 641 glossema
448 603 533 629 esse
564 590 659 629 ‘calis
692 591 774 629 fere
806 602 946 629 versus
984 588 1119 640 νόμων
1152 587 1335 628 ἀπόντων
1374 587 1416 628 ἐν
1454 588 1576 640 κρίσει
1614 594 1692 628 τῶν
1729 603 1794 640 πρ.

217 652 353 689 censet
383 650 528 701 Enger.
561 650 662 688 Mus.
695 650 768 688 Rh.
800 649 936 688 XXIII
970 651 1067 689 539.
1143 651 1181 687 4.
1217 647 1291 688 οὐκ
1327 671 1375 675 -
1411 644 1516 688 τοῦτ’
1563 649 1673 688 Stob.
1709 650 1790 687 111

218 713 258 749 et
290 710 395 748 Plut.

899 788 1033 823 OATN
1039 787 1123 822 ΘῙΑ

970 873 1056 916 356

721 956 779 1006 ὡς
811 956 981 1011 ἄδικον,
1014 955 1122 998 ὅταν
1153 955 1178 1010 ἡ
1212 952 1293 1011 μὲν
1325 954 1461 1009 φύσις

436 1028 588 1085 ἀποδῷ
620 1044 662 1070 τι
694 1029 874 1084 σεμνόν,
906 1033 1037 1070 τοῦτο
1071 1024 1111 1070 δ’
1147 1027 1174 1082 ἡ
1207 1028 1316 1082 τύχη
1348 1034 1486 1069 κακοῐ.

342 1116 539 1155 stobaeus
566 1116 703 1154 Floril.
729 1117 825 1166 107,
860 1118 883 1155 7
918 1114 1167 1165 Μενάνδρου
1190 1110 1535 1153 ὈλυνθιακῶνΑ.
1579 1114 1640 1153 Μ.
1662 1109 1798 1153 Ὀλυν-

222 1179 382 1223 θιακοΐς
413 1176 460 1214 Β.
524 1179 561 1215 2.
594 1174 788 1229 παραδῷῬ
838 1189 873 1213 τι
892 1197 949 1202 ——-
969 1171 995 1225 ἡ
1027 1173 1142 1226 τύχη]
1175 1172 1217 1213 τὸ
1238 1196 1294 1200 —
1317 1173 1352 1213 εἰ
1381 1173 1492 1226 τύχοι
1525 1173 1570 1212 A.

970 1314 1055 1356 357

439 1397 530 1454 μετ’
565 1395 893 1453 Ἀριστοτέλους
924 1397 1009 1453 γὰρ
1041 1396 1248 1454 τέτταρας
1278 1403 1355 1452 τῆς
1385 1396 1549 1452 ἡμέρας

441 1471 629 1525 ὀβολοὺς
661 1468 813 1525 φέρων

346 1558 491 1596 Suidas
518 1554 672 1607 φέρειν·
714 1555 942 1608 λαμβάνειν.
981 1552 1121 1607 Ἀριστ.
1156 1552 1233 1608 Ἀχ.
1261 1551 1371 1610 (65).
1403 1553 1646 1607 Μένανδρος
1666 1551 1803 1593 ’π-Ολυν

226 1619 299 1657 θία
324 1620 401 1656 κτλ.
462 1615 529 1655 καὶ
554 1614 574 1655 ὅ
601 1614 852 1668 μισθοφόρος
871 1614 949 1655 ἀπὸ
969 1615 1122 1655 τούτου.
1155 1616 1317 1655 Diodor.
1347 1617 1413 1666 19,
1436 1617 1490 1655 68
1524 1609 1803 1669 (Ἀριστοτέλης

227 1676 248 1717 ὅ
274 1659 491 1729 ναύαρχος)
524 1674 794 1722 καταπλεύσας
826 1675 880 1722 εἰς
906 1677 1076 1727 Λῆμνον
1110 1671 1191 1727 (Ol.
1220 1677 1315 1724 116,
1351 1677 1388 1726 3,
1414 1688 1449 1714 a.
1483 1674 1574 1713 Chr.
1607 1670 1773 1725 314.).

227 1736 438 1789 Λημνίους
469 1735 628 1775 ἔπειθεν
659 1733 881 1787 ἀποστῆναι
917 1740 996 1775 τῶν
1027 1734 1124 1808 περὶ
1150 1732 1399 1788 Ἀντίγονον,
1444 1733 1492 1774 οὐ
1532 1732 1804 1786 προσεχόντων

229 1794 264 1836 δ’
301 1795 432 1836 αυτῶν
462 1795 534 1846 τήν
565 1810 602 1834 τε
635 1794 766 1847 χώραν
798 1789 947 1866 ἐδῄωσε
972 1794 1039 1834 καὶ
1062 1793 1136 1846 τὴν
1166 1794 1281 1834 πόλιν
1311 1792 1537 1846 ἐπολιόρκει
1559 1823 1568 1833 .
1641 1794 1803 1833 .-Διοσ

230 1857 392 1908 κορίδης
419 1853 461 1894 δὲ
493 1853 752 1902 κατασταθεὶς
782 1853 980 1907 ναύαρχος
1005 1851 1075 1894 ὑπ’
1100 1851 1389 1908 Ἀντιγόνου..
1410 1852 1507 1892 ,τὸν
1539 1851 1610 1905 μὲν
1630 1849 1803 1906 Ἀριστο-

228 1915 342 1968 τέλην
374 1913 553 1967 ἐξέβαλεν
585 1913 627 1954 ἐκ
657 1919 726 1966 τῆς
756 1913 904 1965 νήσου,
942 1920 1020 1954 τῶν
1052 1912 1094 1955 δὲ
1131 1920 1233 1954 νεῶν
1264 1912 1332 1962 τὰς
1366 1913 1526 1961 πλείους
1558 1911 1805 1966 αυτάνδρους

229 1972 341 2016 εἷλεν.
391 1977 583 2027 Droysen.
609 1975 764 2014 Hellen.
797 1975 815 2013 I
849 1976 947 2014 353.

972 2102 1058 2146 358

518 2185 576 2235 ὡς
608 2185 689 2240 οὐχ
720 2185 946 2241 ὑπάρχων,
979 2184 1090 2227 ἀλλὰ
1121 2185 1455 2241 τιμωρούμενος

352 2272 551 2311 Zenobius
585 2274 620 2319 6,
656 2273 706 2311 51
743 2269 796 2319 ὡς
828 2269 901 2323 οὐχ
931 2270 1120 2323 ὑπάρχων
1151 2274 1229 2310 κτλ.
1290 2270 1434 2323 ταύτης
1472 2268 1663 2323 μέμνηται
1692 2267 1804 2309 Μέν-

234 2332 379 2384 ανδρος
412 2330 453 2370 ἐν
480 2328 682 2386 Ὀλυνθία.
731 2331 966 2371 Aristarcho
993 2331 1146 2382 tragico
1168 2326 1215 2384 (4
1236 2345 1273 2381 p.
1296 2333 1379 2370 565
1402 2326 1470 2384 N.)
1496 2331 1640 2370 tribuit
1659 2330 1805 2369 Athen.

236 2394 288 2432 13
311 2394 409 2431 extr.
442 2386 545 2445 (τάδ’
582 2389 654 2442 οὐχ
684 2386 793 2444 κτλ.),
825 2390 1086 2430 Chaeremoni
1105 2390 1247 2429 Suidas
1279 2387 1332 2438 ὡς
1364 2389 1447 2442 οὐχ.
1491 2392 1540 2429 cf.
1562 2388 1804 2440 [Demosth]

235 2454 303 2501 59,
340 2456 358 2490 1
397 2447 504 2504 (ὥστ’
547 2445 651 2504 οὐχ).
713 2451 828 2489 Phot.
859 2448 1066 2502 ὑπάρχων·
1110 2449 1410 2502 προκατάρχων·
1454 2447 1507 2497 ὡς
1538 2448 1611 2502 οὐχ
1641 2452 1718 2488 κτλ.
1755 2471 1800 2476 ——-

236 2507 329 2550 ‘now
359 2512 531 2560 inferens
562 2511 761 2555 iniuriam,
792 2511 859 2549 sed
889 2511 1093 2549 vindicans
1123 2505 1315 2548 inlatam'.
1357 2509 1544 2548 Leutsch.

982 2648 1067 2691 359

522 2732 763 2788 περιθέτην
795 2730 973 2789 (κόμην)

358 2818 410 2866 ὡς
441 2818 484 2858 ἐν
499 2816 696 2870 ’Ἀμφιδος
717 2816 953 2870 Ἀλκμαίωνι
974 2814 1038 2872 (2)
1064 2816 1132 2856 καὶ
1150 2816 1399 2869 Μενάνδρου
1422 2813 1620 2872 Ὀλυνθίᾳ.
1638 2828 1641 2831 ·
1663 2816 1807 2856 Pollux

242 2882 308 2931 10,
343 2882 438 2918 170.
