<?xml version="1.0" encoding="UTF-8"?>
<!DOCTYPE html PUBLIC "-//W3C//DTD XHTML 1.0 Transitional//EN"
    "http://www.w3.org/TR/xhtml1/DTD/xhtml1-transitional.dtd">
<html xmlns="http://www.w3.org/1999/xhtml" xml:lang="en" lang="en">
 <head>
  <title>
</title>
<meta http-equiv="Content-Type" content="text/html;charset=utf-8" />
  <meta name='ocr-system' content='tesseract 3.04.00' />
  <meta name='ocr-capabilities' content='ocr_page ocr_carea ocr_par ocr_line ocrx_word'/>
</head>
<body>
  <div class='ocr_page' id='page_1' title='image "./comicorumatticor03kockuoft_0063.png"; bbox 0 0 2014 3334; ppageno 0'>
   <div class='ocr_carea' id='block_1_1' title="bbox 686 234 1788 275">
    <p class='ocr_par' dir='ltr' id='par_1_1' title="bbox 686 234 1788 275">
     <span class='ocr_line' id='line_1_1' title="bbox 686 234 1788 275; baseline 0.006 -7"><span class='ocrx_word' id='word_1_1' title='bbox 686 235 884 269; x_wconf 74' lang='lat' dir='ltr'><strong>EA‘H&#39;ON</strong></span> <span class='ocrx_word' id='word_1_2' title='bbox 911 234 1306 269; x_wconf 72' lang='grc' dir='ltr'><strong>ΤΙΜΩΡΟΤΜΕΝΟΣ</strong></span> <span class='ocrx_word' id='word_1_3' title='bbox 1730 234 1788 275; x_wconf 82' lang='grc'>43</span> 
     </span>
    </p>
   </div>
   <div class='ocr_carea' id='block_1_2' title="bbox 205 343 1790 524">
    <p class='ocr_par' dir='ltr' id='par_1_2' title="bbox 205 343 1790 524">
     <span class='ocr_line' id='line_1_2' title="bbox 328 343 1790 401; baseline -0.001 -13"><span class='ocrx_word' id='word_1_4' title='bbox 328 347 527 388; x_wconf 81' lang='lat' dir='ltr'>Stobaeus</span> <span class='ocrx_word' id='word_1_5' title='bbox 559 347 699 386; x_wconf 84' lang='lat' dir='ltr'>Floril.</span> <span class='ocrx_word' id='word_1_6' title='bbox 732 349 801 399; x_wconf 88' lang='lat'>39,</span> <span class='ocrx_word' id='word_1_7' title='bbox 837 349 888 386; x_wconf 88' lang='lat'>11</span> <span class='ocrx_word' id='word_1_8' title='bbox 932 346 1181 401; x_wconf 77' lang='grc' dir='ltr'><em>Μενάνδρου</em></span> <span class='ocrx_word' id='word_1_9' title='bbox 1213 343 1384 387; x_wconf 85' lang='grc' dir='ltr'><strong>Ἑαυτὸν</strong></span> <span class='ocrx_word' id='word_1_10' title='bbox 1415 346 1711 399; x_wconf 85' lang='grc' dir='ltr'><em>τιμωρούμενος</em></span> <span class='ocrx_word' id='word_1_11' title='bbox 1741 347 1790 387; x_wconf 91' lang='lat' dir='ltr'>A.</span> 
     </span>
     <span class='ocr_line' id='line_1_3' title="bbox 205 405 1790 461; baseline -0.002 -12"><span class='ocrx_word' id='word_1_12' title='bbox 205 407 390 453; x_wconf 75' lang='lat' dir='ltr'><strong>Clemens</strong></span> <span class='ocrx_word' id='word_1_13' title='bbox 413 408 536 453; x_wconf 83' lang='lat' dir='ltr'>Alex.</span> <span class='ocrx_word' id='word_1_14' title='bbox 570 407 716 447; x_wconf 75' lang='lat' dir='ltr'>strom.</span> <span class='ocrx_word' id='word_1_15' title='bbox 750 409 794 459; x_wconf 87' lang='lat'>6,</span> <span class='ocrx_word' id='word_1_16' title='bbox 829 410 872 457; x_wconf 87' lang='lat'>2,</span> <span class='ocrx_word' id='word_1_17' title='bbox 908 410 930 446; x_wconf 99' lang='lat'><strong>7</strong></span> <span class='ocrx_word' id='word_1_18' title='bbox 983 405 1139 458; x_wconf 82' lang='grc' dir='ltr'><strong><em>ἀκήκοα</em></strong></span> <span class='ocrx_word' id='word_1_19' title='bbox 1183 405 1225 446; x_wconf 83' lang='grc' dir='ltr'>δὲ</span> <span class='ocrx_word' id='word_1_20' title='bbox 1257 407 1460 460; x_wconf 81' lang='grc' dir='ltr'><em>Αἰσχύλου</em></span> <span class='ocrx_word' id='word_1_21' title='bbox 1493 405 1566 459; x_wconf 83' lang='grc' dir='ltr'>μὲν</span> <span class='ocrx_word' id='word_1_22' title='bbox 1609 405 1790 461; x_wconf 86' lang='grc' dir='ltr'><em>λέγοντος</em></span> 
     </span>
     <span class='ocr_line' id='line_1_4' title="bbox 205 461 1790 524; baseline -0.001 -15"><span class='ocrx_word' id='word_1_23' title='bbox 205 463 274 522; x_wconf 84' lang='lat' dir='ltr'>(fr.</span> <span class='ocrx_word' id='word_1_24' title='bbox 308 469 395 508; x_wconf 87' lang='lat'>310</span> <span class='ocrx_word' id='word_1_25' title='bbox 426 463 495 521; x_wconf 90' lang='lat' dir='ltr'>N.)</span> <span class='ocrx_word' id='word_1_26' title='bbox 528 497 538 507; x_wconf 93' lang='lat'><strong>.</strong></span> <span class='ocrx_word' id='word_1_27' title='bbox 557 497 568 507; x_wconf 86' lang='lat'><strong>.</strong></span> <span class='ocrx_word' id='word_1_28' title='bbox 588 497 598 507; x_wconf 87' lang='lat'><em>.</em></span> <span class='ocrx_word' id='word_1_29' title='bbox 629 465 730 507; x_wconf 84' lang='grc' dir='ltr'><em>ἀλλὰ</em></span> <span class='ocrx_word' id='word_1_30' title='bbox 766 465 833 506; x_wconf 83' lang='grc' dir='ltr'><em>καὶ</em></span> <span class='ocrx_word' id='word_1_31' title='bbox 863 466 1115 518; x_wconf 83' lang='grc' dir='ltr'><em>Μενάνδρου</em></span> <span class='ocrx_word' id='word_1_32' title='bbox 1154 461 1232 507; x_wconf 84' lang='grc' dir='ltr'>ὧδέ</span> <span class='ocrx_word' id='word_1_33' title='bbox 1269 482 1354 515; x_wconf 87' lang='grc' dir='ltr'><em>πως</em></span> <span class='ocrx_word' id='word_1_34' title='bbox 1391 468 1682 524; x_wconf 80' lang='grc' dir='ltr'><em>κωμῳδοῦντος</em></span> <span class='ocrx_word' id='word_1_35' title='bbox 1713 470 1790 507; x_wconf 80' lang='grc' dir='ltr'><em>κτλ.</em></span> 
     </span>
    </p>
   </div>
   <div class='ocr_carea' id='block_1_3' title="bbox 115 523 1790 580">
    <p class='ocr_par' dir='ltr' id='par_1_3' title="bbox 81 503 1790 580">
     <span class='ocr_line' id='line_1_5' title="bbox 115 523 1790 580; baseline 0.001 -13.98"><span class='ocrx_word' id='word_1_36' title='bbox 81 503 122 539; x_wconf 45' lang='grc' dir='ltr'>’Ψ</span> <span class='ocrx_word' id='word_1_37' title='bbox 200 539 244 569; x_wconf 69' lang='grc' dir='ltr'>ν.</span> <span class='ocrx_word' id='word_1_38' title='bbox 274 531 295 568; x_wconf 94' lang='lat'>1</span> <span class='ocrx_word' id='word_1_39' title='bbox 331 527 442 568; x_wconf 74' lang='lat' dir='ltr'>Stob.</span> <span class='ocrx_word' id='word_1_40' title='bbox 474 527 614 568; x_wconf 74' lang='lat' dir='ltr'>Floril.</span> <span class='ocrx_word' id='word_1_41' title='bbox 648 529 722 580; x_wconf 86' lang='lat'>53,</span> <span class='ocrx_word' id='word_1_42' title='bbox 760 531 778 567; x_wconf 91' lang='lat'>1</span> <span class='ocrx_word' id='word_1_43' title='bbox 827 526 1078 579; x_wconf 71' lang='grc' dir='ltr'><em>Μενάνδρου</em></span> <span class='ocrx_word' id='word_1_44' title='bbox 1118 528 1166 567; x_wconf 83' lang='grc' dir='ltr'>Α.</span> <span class='ocrx_word' id='word_1_45' title='bbox 1198 528 1434 579; x_wconf 78' lang='lat' dir='ltr'>Diogenian.</span> <span class='ocrx_word' id='word_1_46' title='bbox 1470 531 1507 578; x_wconf 86' lang='lat'>7,</span> <span class='ocrx_word' id='word_1_47' title='bbox 1539 529 1608 567; x_wconf 86' lang='lat'>35.</span> <span class='ocrx_word' id='word_1_48' title='bbox 1677 523 1790 567; x_wconf 76' lang='lat' dir='ltr'>‘haec</span> 
     </span>
    </p>
   </div>
   <div class='ocr_carea' id='block_1_4' title="bbox 0 0 108 3334">
    <p class='ocr_par' dir='ltr' id='par_1_4' title="bbox 0 0 108 3334">
     <span class='ocr_line' id='line_1_6' title="bbox 0 0 108 3334; baseline 0 0"><span class='ocrx_word' id='word_1_49' title='bbox 0 0 108 3334; x_wconf 95' lang='lat' dir='ltr'> </span> 
     </span>
    </p>
   </div>
   <div class='ocr_carea' id='block_1_5' title="bbox 199 586 1791 1121">
    <p class='ocr_par' dir='ltr' id='par_1_5' title="bbox 199 586 1791 1121">
     <span class='ocr_line' id='line_1_7' title="bbox 203 586 1790 640; baseline -0.001 -12"><span class='ocrx_word' id='word_1_50' title='bbox 203 586 428 628; x_wconf 80' lang='lat' dir='ltr'>Chremetis</span> <span class='ocrx_word' id='word_1_51' title='bbox 465 588 589 628; x_wconf 86' lang='lat' dir='ltr'>verba</span> <span class='ocrx_word' id='word_1_52' title='bbox 628 600 713 628; x_wconf 86' lang='lat' dir='ltr'>csse</span> <span class='ocrx_word' id='word_1_53' title='bbox 753 587 952 639; x_wconf 85' lang='lat' dir='ltr'>suspicari</span> <span class='ocrx_word' id='word_1_54' title='bbox 982 588 1098 639; x_wconf 88' lang='lat' dir='ltr'>licet,</span> <span class='ocrx_word' id='word_1_55' title='bbox 1138 587 1292 627; x_wconf 83' lang='lat' dir='ltr'>Cliniae</span> <span class='ocrx_word' id='word_1_56' title='bbox 1329 589 1506 639; x_wconf 88' lang='lat' dir='ltr'>patriam</span> <span class='ocrx_word' id='word_1_57' title='bbox 1537 588 1790 640; x_wconf 86' lang='lat' dir='ltr'>relinquendi</span> 
     </span>
     <span class='ocr_line' id='line_1_8' title="bbox 201 643 1791 700; baseline -0.001 -11"><span class='ocrx_word' id='word_1_58' title='bbox 201 648 414 689; x_wconf 86' lang='lat' dir='ltr'>consilium</span> <span class='ocrx_word' id='word_1_59' title='bbox 439 643 728 700; x_wconf 87' lang='lat' dir='ltr'>vituperantis&#39;</span> <span class='ocrx_word' id='word_1_60' title='bbox 753 648 872 687; x_wconf 88' lang='lat' dir='ltr'>Mein.</span> <span class='ocrx_word' id='word_1_61' title='bbox 913 647 982 687; x_wconf 88' lang='lat' dir='ltr'>sed</span> <span class='ocrx_word' id='word_1_62' title='bbox 1013 648 1186 688; x_wconf 86' lang='lat' dir='ltr'>fortasse</span> <span class='ocrx_word' id='word_1_63' title='bbox 1213 647 1364 687; x_wconf 88' lang='lat' dir='ltr'>Clinias</span> <span class='ocrx_word' id='word_1_64' title='bbox 1392 649 1499 698; x_wconf 85' lang='lat' dir='ltr'>apud</span> <span class='ocrx_word' id='word_1_65' title='bbox 1524 648 1791 687; x_wconf 81' lang='lat' dir='ltr'><strong>Menandrum</strong></span> 
     </span>
     <span class='ocr_line' id='line_1_9' title="bbox 199 708 1791 758; baseline -0.002 -9"><span class='ocrx_word' id='word_1_66' title='bbox 199 709 423 749; x_wconf 72' lang='lat' dir='ltr'>Parmenon</span> <span class='ocrx_word' id='word_1_67' title='bbox 453 709 693 749; x_wconf 86' lang='lat' dir='ltr'>vocabatur:</span> <span class='ocrx_word' id='word_1_68' title='bbox 730 709 773 747; x_wconf 89' lang='lat' dir='ltr'>in</span> <span class='ocrx_word' id='word_1_69' title='bbox 809 711 927 748; x_wconf 86' lang='lat' dir='ltr'>tanta</span> <span class='ocrx_word' id='word_1_70' title='bbox 964 708 1070 748; x_wconf 90' lang='lat' dir='ltr'>enim</span> <span class='ocrx_word' id='word_1_71' title='bbox 1108 708 1351 758; x_wconf 85' lang='lat' dir='ltr'>scriptorum</span> <span class='ocrx_word' id='word_1_72' title='bbox 1390 708 1620 748; x_wconf 86' lang='lat' dir='ltr'>constantia</span> <span class='ocrx_word' id='word_1_73' title='bbox 1653 710 1791 747; x_wconf 89' lang='lat' dir='ltr'>tamen</span> 
     </span>
     <span class='ocr_line' id='line_1_10' title="bbox 200 763 1789 821; baseline -0.001 -13"><span class='ocrx_word' id='word_1_74' title='bbox 200 763 355 809; x_wconf 85' lang='lat' dir='ltr'>conicio</span> <span class='ocrx_word' id='word_1_75' title='bbox 386 771 548 820; x_wconf 89' lang='lat' dir='ltr'>poetam</span> <span class='ocrx_word' id='word_1_76' title='bbox 570 769 778 819; x_wconf 82' lang='lat' dir='ltr'><strong>scripsisse</strong></span> <span class='ocrx_word' id='word_1_77' title='bbox 811 767 913 808; x_wconf 79' lang='grc' dir='ltr'><em>οἴκοι</em></span> <span class='ocrx_word' id='word_1_78' title='bbox 943 766 1077 820; x_wconf 88' lang='grc' dir='ltr'><em>μένειν</em></span> <span class='ocrx_word' id='word_1_79' title='bbox 1109 767 1202 821; x_wconf 85' lang='grc' dir='ltr'><em>χρή,</em></span> <span class='ocrx_word' id='word_1_80' title='bbox 1235 765 1525 821; x_wconf 78' lang='grc' dir='ltr'><em>Παρμένων,</em></span> <span class='ocrx_word' id='word_1_81' title='bbox 1558 767 1789 820; x_wconf 73' lang='grc' dir='ltr'><em>ἕλεύθερονῑ</em></span> 
     </span>
     <span class='ocr_line' id='line_1_11' title="bbox 201 829 1790 880; baseline -0.001 -12"><span class='ocrx_word' id='word_1_82' title='bbox 201 841 296 868; x_wconf 83' lang='lat' dir='ltr'>nam</span> <span class='ocrx_word' id='word_1_83' title='bbox 333 842 415 869; x_wconf 88' lang='lat' dir='ltr'>non</span> <span class='ocrx_word' id='word_1_84' title='bbox 452 830 527 869; x_wconf 88' lang='lat' dir='ltr'>hoc</span> <span class='ocrx_word' id='word_1_85' title='bbox 568 829 682 869; x_wconf 89' lang='lat' dir='ltr'>iubet</span> <span class='ocrx_word' id='word_1_86' title='bbox 721 829 829 868; x_wconf 86' lang='lat' dir='ltr'>domi</span> <span class='ocrx_word' id='word_1_87' title='bbox 870 841 1032 868; x_wconf 88' lang='lat' dir='ltr'>manere</span> <span class='ocrx_word' id='word_1_88' title='bbox 1073 832 1107 868; x_wconf 77' lang='lat' dir='ltr'>et</span> <span class='ocrx_word' id='word_1_89' title='bbox 1142 829 1318 868; x_wconf 87' lang='lat' dir='ltr'>liberum</span> <span class='ocrx_word' id='word_1_90' title='bbox 1361 842 1540 877; x_wconf 86' lang='lat' dir='ltr'>manere,</span> <span class='ocrx_word' id='word_1_91' title='bbox 1582 830 1790 880; x_wconf 75' lang='lat' dir='ltr'><strong>tamquam</strong></span> 
     </span>
     <span class='ocr_line' id='line_1_12' title="bbox 203 889 1789 940; baseline -0.001 -12"><span class='ocrx_word' id='word_1_92' title='bbox 203 889 312 929; x_wconf 90' lang='lat' dir='ltr'>domi</span> <span class='ocrx_word' id='word_1_93' title='bbox 351 889 481 940; x_wconf 86' lang='lat' dir='ltr'>possit</span> <span class='ocrx_word' id='word_1_94' title='bbox 519 889 643 929; x_wconf 84' lang='lat' dir='ltr'>etiam</span> <span class='ocrx_word' id='word_1_95' title='bbox 682 902 822 929; x_wconf 86' lang='lat' dir='ltr'>servus</span> <span class='ocrx_word' id='word_1_96' title='bbox 862 902 947 929; x_wconf 87' lang='lat' dir='ltr'>esse</span> <span class='ocrx_word' id='word_1_97' title='bbox 986 890 1108 940; x_wconf 87' lang='lat' dir='ltr'>velle,</span> <span class='ocrx_word' id='word_1_98' title='bbox 1152 889 1221 928; x_wconf 89' lang='lat' dir='ltr'>sed</span> <span class='ocrx_word' id='word_1_99' title='bbox 1260 889 1369 929; x_wconf 86' lang='lat' dir='ltr'>domi</span> <span class='ocrx_word' id='word_1_100' title='bbox 1405 889 1577 928; x_wconf 90' lang='lat' dir='ltr'>liberum</span> <span class='ocrx_word' id='word_1_101' title='bbox 1616 901 1789 938; x_wconf 87' lang='lat' dir='ltr'>manere,</span> 
     </span>
     <span class='ocr_line' id='line_1_13' title="bbox 201 943 1790 1001; baseline -0.001 -13"><span class='ocrx_word' id='word_1_102' title='bbox 201 961 293 988; x_wconf 90' lang='lat' dir='ltr'>cum</span> <span class='ocrx_word' id='word_1_103' title='bbox 324 962 491 1001; x_wconf 84' lang='lat' dir='ltr'>peregre</span> <span class='ocrx_word' id='word_1_104' title='bbox 522 962 640 988; x_wconf 85' lang='lat' dir='ltr'>nemo</span> <span class='ocrx_word' id='word_1_105' title='bbox 674 950 736 989; x_wconf 87' lang='lat' dir='ltr'>sui</span> <span class='ocrx_word' id='word_1_106' title='bbox 768 950 822 989; x_wconf 87' lang='lat' dir='ltr'>sit</span> <span class='ocrx_word' id='word_1_107' title='bbox 852 949 966 989; x_wconf 81' lang='lat' dir='ltr'>iuris.</span> <span class='ocrx_word' id='word_1_108' title='bbox 1022 945 1156 1001; x_wconf 84' lang='grc' dir='ltr'><em>μηκέτ’</em></span> <span class='ocrx_word' id='word_1_109' title='bbox 1192 943 1294 989; x_wconf 85' lang='grc' dir='ltr'><em>εἶναι</em></span> <span class='ocrx_word' id='word_1_110' title='bbox 1327 951 1462 988; x_wconf 84' lang='lat' dir='ltr'>autem</span> <span class='ocrx_word' id='word_1_111' title='bbox 1483 948 1650 988; x_wconf 82' lang='lat' dir='ltr'>Grotius</span> <span class='ocrx_word' id='word_1_112' title='bbox 1682 950 1790 987; x_wconf 88' lang='lat' dir='ltr'>recte</span> 
     </span>
     <span class='ocr_line' id='line_1_14' title="bbox 202 1005 1791 1061; baseline -0.001 -13"><span class='ocrx_word' id='word_1_113' title='bbox 202 1009 497 1060; x_wconf 75' lang='lat' dir='ltr'>interpretatur</span> <span class='ocrx_word' id='word_1_114' title='bbox 528 1005 614 1049; x_wconf 75' lang='lat' dir='ltr'>‘aut</span> <span class='ocrx_word' id='word_1_115' title='bbox 636 1012 772 1059; x_wconf 76' lang='lat' dir='ltr'>potius</span> <span class='ocrx_word' id='word_1_116' title='bbox 801 1006 929 1061; x_wconf 75' lang='lat' dir='ltr'>mori&#39;,</span> <span class='ocrx_word' id='word_1_117' title='bbox 967 1010 1075 1060; x_wconf 88' lang='lat' dir='ltr'>quod</span> <span class='ocrx_word' id='word_1_118' title='bbox 1111 1012 1255 1049; x_wconf 86' lang='lat' dir='ltr'>moneo</span> <span class='ocrx_word' id='word_1_119' title='bbox 1287 1012 1428 1049; x_wconf 88' lang='lat' dir='ltr'>contra</span> <span class='ocrx_word' id='word_1_120' title='bbox 1460 1022 1507 1048; x_wconf 86' lang='lat' dir='ltr'>ea</span> <span class='ocrx_word' id='word_1_121' title='bbox 1538 1022 1639 1059; x_wconf 88' lang='lat' dir='ltr'>quae</span> <span class='ocrx_word' id='word_1_122' title='bbox 1671 1009 1791 1047; x_wconf 82' lang='lat' dir='ltr'>Mein.</span> 
     </span>
     <span class='ocr_line' id='line_1_15' title="bbox 200 1069 758 1121; baseline 0.002 -13"><span class='ocrx_word' id='word_1_123' title='bbox 200 1069 238 1108; x_wconf 91' lang='lat' dir='ltr'><strong>V</strong></span> <span class='ocrx_word' id='word_1_124' title='bbox 270 1082 453 1110; x_wconf 69' lang='lat' dir='ltr'>ccxnvnt</span> <span class='ocrx_word' id='word_1_125' title='bbox 485 1070 758 1121; x_wconf 88' lang='lat' dir='ltr'>disputantur.</span> 
     </span>
    </p>
   </div>
   <div class='ocr_carea' id='block_1_6' title="bbox 418 1163 1414 1375">
    <p class='ocr_par' dir='ltr' id='par_1_6' title="bbox 418 1163 1414 1375">
     <span class='ocr_line' id='line_1_16' title="bbox 961 1163 1043 1205; baseline 0 -1"><span class='ocrx_word' id='word_1_126' title='bbox 961 1163 1043 1205; x_wconf 88' lang='grc'>146</span> 
     </span>
     <span class='ocr_line' id='line_1_17' title="bbox 419 1243 1393 1303; baseline 0.001 -15"><span class='ocrx_word' id='word_1_127' title='bbox 419 1243 511 1302; x_wconf 85' lang='grc' dir='ltr'><em>μετ’</em></span> <span class='ocrx_word' id='word_1_128' title='bbox 550 1246 737 1303; x_wconf 75' lang='grc' dir='ltr'><em>ἄριστον</em></span> <span class='ocrx_word' id='word_1_129' title='bbox 768 1246 854 1303; x_wconf 80' lang='grc' dir='ltr'>γὰρ</span> <span class='ocrx_word' id='word_1_130' title='bbox 887 1245 947 1297; x_wconf 79' lang='grc' dir='ltr'>ὡς</span> <span class='ocrx_word' id='word_1_131' title='bbox 979 1245 1236 1302; x_wconf 77' lang='grc' dir='ltr'><em>ἀμυγδαλᾶς</em></span> <span class='ocrx_word' id='word_1_132' title='bbox 1269 1244 1393 1301; x_wconf 81' lang='grc' dir='ltr'>[ἐγὼ]</span> 
     </span>
     <span class='ocr_line' id='line_1_18' title="bbox 418 1316 1414 1375; baseline 0.001 -15"><span class='ocrx_word' id='word_1_133' title='bbox 418 1316 668 1374; x_wconf 81' lang='grc' dir='ltr'><em>παρέθηκα,</em></span> <span class='ocrx_word' id='word_1_134' title='bbox 699 1316 775 1361; x_wconf 86' lang='grc' dir='ltr'><em>καὶ</em></span> <span class='ocrx_word' id='word_1_135' title='bbox 806 1325 897 1361; x_wconf 84' lang='grc' dir='ltr'>τῶν</span> <span class='ocrx_word' id='word_1_136' title='bbox 930 1318 1118 1375; x_wconf 77' lang='grc' dir='ltr'><em>ῥοιδίων</em></span> <span class='ocrx_word' id='word_1_137' title='bbox 1150 1317 1414 1375; x_wconf 78' lang='grc' dir='ltr'><em>ἐτρώγομεν.</em></span> 
     </span>
    </p>
   </div>
   <div class='ocr_carea' id='block_1_7' title="bbox 198 1400 1791 2000">
    <p class='ocr_par' dir='ltr' id='par_1_7' title="bbox 198 1400 1791 2000">
     <span class='ocr_line' id='line_1_19' title="bbox 323 1400 1791 1459; baseline 0.001 -15"><span class='ocrx_word' id='word_1_138' title='bbox 323 1405 556 1445; x_wconf 70' lang='lat' dir='ltr'>Athenaeus</span> <span class='ocrx_word' id='word_1_139' title='bbox 581 1408 648 1457; x_wconf 86' lang='lat'>14,</span> <span class='ocrx_word' id='word_1_140' title='bbox 670 1407 752 1446; x_wconf 88' lang='grc'>651</span> <span class='ocrx_word' id='word_1_141' title='bbox 771 1419 795 1445; x_wconf 90' lang='lat' dir='ltr'>a</span> <span class='ocrx_word' id='word_1_142' title='bbox 827 1404 1072 1458; x_wconf 86' lang='grc' dir='ltr'><em>Μένανδρος</em></span> <span class='ocrx_word' id='word_1_143' title='bbox 1096 1404 1138 1445; x_wconf 84' lang='grc' dir='ltr'>έν</span> <span class='ocrx_word' id='word_1_144' title='bbox 1151 1402 1323 1445; x_wconf 88' lang='grc' dir='ltr'><em>Ἑαυτὸν</em></span> <span class='ocrx_word' id='word_1_145' title='bbox 1344 1400 1486 1459; x_wconf 76' lang='grc' dir='ltr'><em>(αὑτὸν</em></span> <span class='ocrx_word' id='word_1_146' title='bbox 1507 1400 1563 1459; x_wconf 88' lang='lat' dir='ltr'>A)</span> <span class='ocrx_word' id='word_1_147' title='bbox 1595 1420 1791 1457; x_wconf 88' lang='grc' dir='ltr'><em>τιμωρου-</em></span> 
     </span>
     <span class='ocr_line' id='line_1_20' title="bbox 201 1462 1788 1522; baseline 0.001 -18"><span class='ocrx_word' id='word_1_148' title='bbox 201 1462 306 1522; x_wconf 76' lang='grc' dir='ltr'><em>μένῳ</em></span> <span class='ocrx_word' id='word_1_149' title='bbox 339 1464 471 1518; x_wconf 72' lang='grc' dir='ltr'><em>ῥοίδια</em></span> <span class='ocrx_word' id='word_1_150' title='bbox 503 1462 684 1517; x_wconf 81' lang='grc' dir='ltr'><em>ὠνόμασε</em></span> <span class='ocrx_word' id='word_1_151' title='bbox 717 1465 783 1506; x_wconf 83' lang='grc' dir='ltr'><em>διὰ</em></span> <span class='ocrx_word' id='word_1_152' title='bbox 813 1466 965 1506; x_wconf 81' lang='grc' dir='ltr'><em>τούτων</em></span> <span class='ocrx_word' id='word_1_153' title='bbox 996 1469 1075 1506; x_wconf 83' lang='grc' dir='ltr'><em>κτλ.</em></span> <span class='ocrx_word' id='word_1_154' title='bbox 1141 1469 1178 1506; x_wconf 86' lang='grc'>1.</span> <span class='ocrx_word' id='word_1_155' title='bbox 1210 1464 1285 1519; x_wconf 81' lang='grc' dir='ltr'>ἐγὼ</span> <span class='ocrx_word' id='word_1_156' title='bbox 1317 1470 1410 1517; x_wconf 87' lang='lat' dir='ltr'>post</span> <span class='ocrx_word' id='word_1_157' title='bbox 1449 1464 1680 1519; x_wconf 82' lang='grc' dir='ltr'><em>ἀμυγδαλὰς</em></span> <span class='ocrx_word' id='word_1_158' title='bbox 1713 1466 1788 1505; x_wconf 85' lang='lat' dir='ltr'>del.</span> 
     </span>
     <span class='ocr_line' id='line_1_21' title="bbox 198 1521 1788 1579; baseline 0 -15"><span class='ocrx_word' id='word_1_159' title='bbox 198 1525 333 1565; x_wconf 89' lang='lat' dir='ltr'>Bentl.</span> <span class='ocrx_word' id='word_1_160' title='bbox 365 1521 503 1576; x_wconf 72' lang='lat' dir='ltr'>‘recte,</span> <span class='ocrx_word' id='word_1_161' title='bbox 533 1526 614 1565; x_wconf 84' lang='lat' dir='ltr'>nisi</span> <span class='ocrx_word' id='word_1_162' title='bbox 645 1524 806 1579; x_wconf 75' lang='grc' dir='ltr'><em>ἄριστον</em></span> <span class='ocrx_word' id='word_1_163' title='bbox 838 1529 1077 1578; x_wconf 86' lang='lat' dir='ltr'>corruptum</span> <span class='ocrx_word' id='word_1_164' title='bbox 1102 1522 1179 1566; x_wconf 86' lang='lat' dir='ltr'>est&#39;</span> <span class='ocrx_word' id='word_1_165' title='bbox 1211 1527 1349 1566; x_wconf 88' lang='lat' dir='ltr'>Dindf.</span> <span class='ocrx_word' id='word_1_166' title='bbox 1396 1529 1433 1566; x_wconf 85' lang='lat'>2.</span> <span class='ocrx_word' id='word_1_167' title='bbox 1460 1524 1535 1579; x_wconf 83' lang='grc' dir='ltr'>ἐγὼ</span> <span class='ocrx_word' id='word_1_168' title='bbox 1561 1524 1788 1578; x_wconf 80' lang='grc' dir='ltr'><em>παρέθηκα,</em></span> 
     </span>
     <span class='ocr_line' id='line_1_22' title="bbox 201 1584 1789 1640; baseline 0.001 -15"><span class='ocrx_word' id='word_1_169' title='bbox 201 1584 364 1638; x_wconf 80' lang='grc' dir='ltr'><em>ῥοιδίων</em></span> <span class='ocrx_word' id='word_1_170' title='bbox 396 1584 615 1640; x_wconf 77' lang='grc' dir='ltr'><em>ἐτρώγομεν</em></span> <span class='ocrx_word' id='word_1_171' title='bbox 648 1587 770 1627; x_wconf 87' lang='lat' dir='ltr'>Dobr.</span> <span class='ocrx_word' id='word_1_172' title='bbox 800 1587 970 1626; x_wconf 83' lang='lat' dir='ltr'>Adv.·11</span> <span class='ocrx_word' id='word_1_173' title='bbox 1003 1589 1102 1627; x_wconf 85' lang='lat'>273.</span> <span class='ocrx_word' id='word_1_174' title='bbox 1148 1585 1405 1639; x_wconf 79' lang='grc' dir='ltr'><em>ένετράγομεν</em></span> <span class='ocrx_word' id='word_1_175' title='bbox 1439 1586 1578 1626; x_wconf 87' lang='lat' dir='ltr'>Cobet.</span> <span class='ocrx_word' id='word_1_176' title='bbox 1603 1587 1653 1626; x_wconf 85' lang='lat' dir='ltr'>N.</span> <span class='ocrx_word' id='word_1_177' title='bbox 1673 1587 1700 1626; x_wconf 90' lang='lat' dir='ltr'>l.</span> <span class='ocrx_word' id='word_1_178' title='bbox 1723 1588 1789 1626; x_wconf 88' lang='lat'>73.</span> 
     </span>
     <span class='ocr_line' id='line_1_23' title="bbox 201 1642 1790 1698; baseline -0.001 -11"><span class='ocrx_word' id='word_1_179' title='bbox 201 1648 249 1687; x_wconf 68' lang='lat' dir='ltr'>at⁴</span> <span class='ocrx_word' id='word_1_180' title='bbox 286 1642 446 1697; x_wconf 77' lang='lat' dir='ltr'>tempus</span> <span class='ocrx_word' id='word_1_181' title='bbox 494 1649 696 1686; x_wconf 83' lang='lat' dir='ltr'>mutatum</span> <span class='ocrx_word' id='word_1_182' title='bbox 745 1647 905 1686; x_wconf 82' lang='lat' dir='ltr'>facilem</span> <span class='ocrx_word' id='word_1_183' title='bbox 952 1647 1264 1698; x_wconf 73' lang='lat' dir='ltr'>explicationem</span> <span class='ocrx_word' id='word_1_184' title='bbox 1308 1647 1450 1698; x_wconf 78' lang='lat' dir='ltr'>habet3</span> <span class='ocrx_word' id='word_1_185' title='bbox 1501 1647 1609 1698; x_wconf 89' lang='lat' dir='ltr'>quod</span> <span class='ocrx_word' id='word_1_186' title='bbox 1649 1650 1790 1686; x_wconf 81' lang='lat' dir='ltr'>&#39;autem</span> 
     </span>
     <span class='ocr_line' id='line_1_24' title="bbox 201 1703 1790 1760; baseline 0 -15"><span class='ocrx_word' id='word_1_187' title='bbox 201 1703 402 1759; x_wconf 78' lang='grc' dir='ltr'><em>ἐντραγεῖν</em></span> <span class='ocrx_word' id='word_1_188' title='bbox 420 1707 593 1757; x_wconf 84' lang='lat' dir='ltr'>Atticos,</span> <span class='ocrx_word' id='word_1_189' title='bbox 612 1720 693 1747; x_wconf 87' lang='lat' dir='ltr'>non</span> <span class='ocrx_word' id='word_1_190' title='bbox 710 1706 875 1760; x_wconf 79' lang='grc' dir='ltr'><em>τρώγειν</em></span> <span class='ocrx_word' id='word_1_191' title='bbox 896 1708 1044 1747; x_wconf 83' lang='lat' dir='ltr'><strong>dixisse</strong></span> <span class='ocrx_word' id='word_1_192' title='bbox 1065 1707 1240 1747; x_wconf 83' lang='lat' dir='ltr'>Oobetus</span> <span class='ocrx_word' id='word_1_193' title='bbox 1261 1708 1418 1758; x_wconf 85' lang='lat' dir='ltr'>statuit,</span> <span class='ocrx_word' id='word_1_194' title='bbox 1444 1707 1487 1746; x_wconf 91' lang='lat' dir='ltr'>id</span> <span class='ocrx_word' id='word_1_195' title='bbox 1506 1707 1593 1746; x_wconf 84' lang='lat' dir='ltr'>iure</span> <span class='ocrx_word' id='word_1_196' title='bbox 1619 1707 1790 1746; x_wconf 85' lang='lat' dir='ltr'>mireris.</span> 
     </span>
     <span class='ocr_line' id='line_1_25' title="bbox 199 1764 1789 1819; baseline 0 -14"><span class='ocrx_word' id='word_1_197' title='bbox 199 1764 381 1819; x_wconf 87' lang='grc' dir='ltr'><em>τρώγειν·</em></span> <span class='ocrx_word' id='word_1_198' title='bbox 408 1766 515 1806; x_wconf 87' lang='lat' dir='ltr'>enim</span> <span class='ocrx_word' id='word_1_199' title='bbox 557 1770 641 1806; x_wconf 88' lang='lat' dir='ltr'>tam</span> <span class='ocrx_word' id='word_1_200' title='bbox 686 1780 806 1818; x_wconf 86' lang='lat' dir='ltr'>saepe</span> <span class='ocrx_word' id='word_1_201' title='bbox 850 1769 1068 1818; x_wconf 87' lang='lat' dir='ltr'>reperitur,</span> <span class='ocrx_word' id='word_1_202' title='bbox 1111 1770 1161 1808; x_wconf 92' lang='lat' dir='ltr'>ut</span> <span class='ocrx_word' id='word_1_203' title='bbox 1198 1768 1382 1818; x_wconf 83' lang='lat' dir='ltr'>exempla</span> <span class='ocrx_word' id='word_1_204' title='bbox 1419 1767 1575 1806; x_wconf 88' lang='lat' dir='ltr'>adferre</span> <span class='ocrx_word' id='word_1_205' title='bbox 1614 1768 1789 1806; x_wconf 84' lang='lat' dir='ltr'>taedeat.</span> 
     </span>
     <span class='ocr_line' id='line_1_26' title="bbox 201 1826 1790 1881; baseline 0 -16"><span class='ocrx_word' id='word_1_206' title='bbox 201 1826 355 1866; x_wconf 88' lang='lat' dir='ltr'>scilicet</span> <span class='ocrx_word' id='word_1_207' title='bbox 392 1827 535 1866; x_wconf 90' lang='lat' dir='ltr'>comici</span> <span class='ocrx_word' id='word_1_208' title='bbox 573 1828 737 1878; x_wconf 86' lang='lat' dir='ltr'>quidem</span> <span class='ocrx_word' id='word_1_209' title='bbox 773 1841 995 1880; x_wconf 89' lang='lat' dir='ltr'>numquam</span> <span class='ocrx_word' id='word_1_210' title='bbox 1038 1827 1225 1867; x_wconf 80' lang='lat' dir='ltr'>dicebant</span> <span class='ocrx_word' id='word_1_211' title='bbox 1263 1826 1491 1881; x_wconf 86' lang='grc' dir='ltr'><em>έντρώγειν,</em></span> <span class='ocrx_word' id='word_1_212' title='bbox 1530 1828 1598 1866; x_wconf 88' lang='lat' dir='ltr'>sed</span> <span class='ocrx_word' id='word_1_213' title='bbox 1631 1840 1790 1877; x_wconf 90' lang='lat' dir='ltr'>semper</span> 
     </span>
     <span class='ocr_line' id='line_1_27' title="bbox 199 1885 1788 1941; baseline 0.001 -16"><span class='ocrx_word' id='word_1_214' title='bbox 199 1885 384 1939; x_wconf 86' lang='grc' dir='ltr'><em>τρώγειν,</em></span> <span class='ocrx_word' id='word_1_215' title='bbox 431 1900 651 1938; x_wconf 89' lang='lat' dir='ltr'>numquam</span> <span class='ocrx_word' id='word_1_216' title='bbox 697 1888 806 1940; x_wconf 83' lang='lat' dir='ltr'>quod</span> <span class='ocrx_word' id='word_1_217' title='bbox 844 1889 968 1928; x_wconf 86' lang='lat' dir='ltr'>sciam</span> <span class='ocrx_word' id='word_1_218' title='bbox 1005 1891 1183 1941; x_wconf 84' lang='grc' dir='ltr'><em>τραγεῖν,</em></span> <span class='ocrx_word' id='word_1_219' title='bbox 1228 1888 1298 1928; x_wconf 86' lang='lat' dir='ltr'>sed</span> <span class='ocrx_word' id='word_1_220' title='bbox 1337 1886 1548 1941; x_wconf 83' lang='grc' dir='ltr'><em>ἐντραγεῖν.</em></span> <span class='ocrx_word' id='word_1_221' title='bbox 1611 1890 1788 1927; x_wconf 89' lang='lat' dir='ltr'>ceterum</span> 
     </span>
     <span class='ocr_line' id='line_1_28' title="bbox 201 1947 1087 2000; baseline 0.002 -14"><span class='ocrx_word' id='word_1_222' title='bbox 201 1947 382 1987; x_wconf 85' lang='lat' dir='ltr'>nondum</span> <span class='ocrx_word' id='word_1_223' title='bbox 412 1950 675 1998; x_wconf 87' lang='lat' dir='ltr'>persanatum</span> <span class='ocrx_word' id='word_1_224' title='bbox 707 1952 769 1988; x_wconf 87' lang='lat' dir='ltr'>est</span> <span class='ocrx_word' id='word_1_225' title='bbox 799 1949 1087 2000; x_wconf 74' lang='lat' dir='ltr'>fragmentum.</span> 
     </span>
    </p>
   </div>
   <div class='ocr_carea' id='block_1_8' title="bbox 951 2090 1033 2131">
    <p class='ocr_par' dir='ltr' id='par_1_8' title="bbox 951 2090 1033 2131">
     <span class='ocr_line' id='line_1_29' title="bbox 951 2090 1033 2131; baseline 0 0"><span class='ocrx_word' id='word_1_226' title='bbox 951 2090 1033 2131; x_wconf 85' lang='lat'>147</span> 
     </span>
    </p>
   </div>
   <div class='ocr_carea' id='block_1_9' title="bbox 454 2170 1436 2300">
    <p class='ocr_par' dir='ltr' id='par_1_9' title="bbox 454 2170 1436 2300">
     <span class='ocr_line' id='line_1_30' title="bbox 896 2170 1436 2216; baseline -0.002 -1"><span class='ocrx_word' id='word_1_227' title='bbox 896 2172 1035 2216; x_wconf 74' lang='grc' dir='ltr'><em>ταῦτά</em></span> <span class='ocrx_word' id='word_1_228' title='bbox 1067 2183 1140 2216; x_wconf 86' lang='grc' dir='ltr'><em>σοι</em></span> <span class='ocrx_word' id='word_1_229' title='bbox 1170 2170 1244 2215; x_wconf 81' lang='grc' dir='ltr'><em>καὶ</em></span> <span class='ocrx_word' id='word_1_230' title='bbox 1276 2171 1436 2215; x_wconf 83' lang='grc' dir='ltr'><em>Πύθια</em></span> 
     </span>
     <span class='ocr_line' id='line_1_31' title="bbox 454 2241 801 2300; baseline 0 -13"><span class='ocrx_word' id='word_1_231' title='bbox 454 2247 457 2249; x_wconf 67' lang='grc'><strong><em>’</em></strong></span> <span class='ocrx_word' id='word_1_232' title='bbox 487 2241 563 2287; x_wconf 80' lang='grc' dir='ltr'><em>καὶ</em></span> <span class='ocrx_word' id='word_1_233' title='bbox 593 2245 754 2300; x_wconf 84' lang='grc' dir='ltr'><em>Δήλια.</em></span> <span class='ocrx_word' id='word_1_234' title='bbox 798 2277 801 2279; x_wconf 17' lang='grc' dir='ltr'><strong>Α</strong></span> 
     </span>
    </p>
   </div>
   <div class='ocr_carea' id='block_1_10' title="bbox 202 2328 1790 2626">
    <p class='ocr_par' dir='ltr' id='par_1_10' title="bbox 202 2328 1790 2626">
     <span class='ocr_line' id='line_1_32' title="bbox 323 2328 1790 2385; baseline 0.001 -16"><span class='ocrx_word' id='word_1_235' title='bbox 323 2330 470 2370; x_wconf 86' lang='lat' dir='ltr'>Zenob.</span> <span class='ocrx_word' id='word_1_236' title='bbox 499 2333 537 2383; x_wconf 87' lang='grc'>6,</span> <span class='ocrx_word' id='word_1_237' title='bbox 566 2332 619 2371; x_wconf 88' lang='grc'>15</span> <span class='ocrx_word' id='word_1_238' title='bbox 651 2328 678 2383; x_wconf 80' lang='grc' dir='ltr'><em>ἡ</em></span> <span class='ocrx_word' id='word_1_239' title='bbox 702 2332 897 2385; x_wconf 85' lang='grc' dir='ltr'><em>παροιμία</em></span> <span class='ocrx_word' id='word_1_240' title='bbox 928 2332 1078 2384; x_wconf 82' lang='grc' dir='ltr'><em>εἴρηται</em></span> <span class='ocrx_word' id='word_1_241' title='bbox 1111 2331 1175 2372; x_wconf 79' lang='grc' dir='ltr'>ἐπὶ</span> <span class='ocrx_word' id='word_1_242' title='bbox 1206 2338 1284 2372; x_wconf 84' lang='grc' dir='ltr'>τῶν</span> <span class='ocrx_word' id='word_1_243' title='bbox 1315 2332 1463 2373; x_wconf 75' lang='grc' dir='ltr'>1ὕστατα</span> <span class='ocrx_word' id='word_1_244' title='bbox 1493 2332 1560 2373; x_wconf 83' lang='grc' dir='ltr'><em>καὶ</em></span> <span class='ocrx_word' id='word_1_245' title='bbox 1590 2334 1790 2372; x_wconf 85' lang='grc' dir='ltr'><em>τελευταῖα</em></span> 
     </span>
     <span class='ocr_line' id='line_1_33' title="bbox 202 2388 1789 2448; baseline 0.002 -20"><span class='ocrx_word' id='word_1_246' title='bbox 202 2388 439 2430; x_wconf 86' lang='grc' dir='ltr'><em>ποιούντων.</em></span> <span class='ocrx_word' id='word_1_247' title='bbox 477 2389 670 2443; x_wconf 85' lang='grc' dir='ltr'><em>μέμνηται</em></span> <span class='ocrx_word' id='word_1_248' title='bbox 691 2389 733 2431; x_wconf 78' lang='grc' dir='ltr'>δὲ</span> <span class='ocrx_word' id='word_1_249' title='bbox 760 2390 882 2444; x_wconf 80' lang='grc' dir='ltr'><em>αὐτῆς</em></span> <span class='ocrx_word' id='word_1_250' title='bbox 902 2391 1148 2445; x_wconf 82' lang='grc' dir='ltr'><em>Μένανδρος</em></span> <span class='ocrx_word' id='word_1_251' title='bbox 1174 2388 1243 2448; x_wconf 78' lang='grc' dir='ltr'><em>(ἐν</em></span> <span class='ocrx_word' id='word_1_252' title='bbox 1262 2389 1470 2434; x_wconf 61' lang='grc' dir='ltr'>ιἘαυτὸν</span> <span class='ocrx_word' id='word_1_253' title='bbox 1493 2390 1789 2445; x_wconf 86' lang='grc' dir='ltr'><em>τιμωρουμέ-</em></span> 
     </span>
     <span class='ocr_line' id='line_1_34' title="bbox 202 2448 1790 2507; baseline 0.002 -19"><span class='ocrx_word' id='word_1_254' title='bbox 202 2463 265 2506; x_wconf 75' lang='grc' dir='ltr'>νῳ</span> <span class='ocrx_word' id='word_1_255' title='bbox 311 2450 401 2490; x_wconf 84' lang='lat' dir='ltr'>add.</span> <span class='ocrx_word' id='word_1_256' title='bbox 441 2451 526 2490; x_wconf 88' lang='lat' dir='ltr'>cod.</span> <span class='ocrx_word' id='word_1_257' title='bbox 564 2452 710 2492; x_wconf 87' lang='lat' dir='ltr'>Miller.</span> <span class='ocrx_word' id='word_1_258' title='bbox 748 2453 955 2505; x_wconf 71' lang='lat' dir='ltr'>Melanges</span> <span class='ocrx_word' id='word_1_259' title='bbox 996 2448 1114 2507; x_wconf 84' lang='lat'>356).</span> <span class='ocrx_word' id='word_1_260' title='bbox 1196 2455 1244 2493; x_wconf 87' lang='lat' dir='ltr'>cf.</span> <span class='ocrx_word' id='word_1_261' title='bbox 1293 2454 1414 2493; x_wconf 88' lang='lat' dir='ltr'>etiam</span> <span class='ocrx_word' id='word_1_262' title='bbox 1466 2455 1536 2504; x_wconf 88' lang='lat' dir='ltr'>qui</span> <span class='ocrx_word' id='word_1_263' title='bbox 1578 2453 1790 2492; x_wconf 86' lang='lat' dir='ltr'>Menandri</span> 
     </span>
     <span class='ocr_line' id='line_1_35' title="bbox 202 2510 1788 2564; baseline 0.002 -16"><span class='ocrx_word' id='word_1_264' title='bbox 202 2510 446 2550; x_wconf 90' lang='lat' dir='ltr'>mentionem</span> <span class='ocrx_word' id='word_1_265' title='bbox 477 2511 632 2551; x_wconf 87' lang='lat' dir='ltr'>faciunt</span> <span class='ocrx_word' id='word_1_266' title='bbox 663 2513 820 2552; x_wconf 90' lang='lat' dir='ltr'>nullam</span> <span class='ocrx_word' id='word_1_267' title='bbox 850 2513 968 2553; x_wconf 91' lang='lat' dir='ltr'>Phot.</span> <span class='ocrx_word' id='word_1_268' title='bbox 1001 2515 1101 2564; x_wconf 84' lang='lat'>473,</span> <span class='ocrx_word' id='word_1_269' title='bbox 1139 2516 1174 2564; x_wconf 90' lang='grc'>1,</span> <span class='ocrx_word' id='word_1_270' title='bbox 1207 2513 1318 2553; x_wconf 85' lang='lat' dir='ltr'>Suid.</span> <span class='ocrx_word' id='word_1_271' title='bbox 1358 2513 1503 2552; x_wconf 83' lang='grc' dir='ltr'><em>Πύθια</em></span> <span class='ocrx_word' id='word_1_272' title='bbox 1540 2511 1606 2552; x_wconf 83' lang='grc' dir='ltr'><em>καὶ</em></span> <span class='ocrx_word' id='word_1_273' title='bbox 1643 2512 1788 2564; x_wconf 84' lang='grc' dir='ltr'><em>Δήλια,</em></span> 
     </span>
     <span class='ocr_line' id='line_1_36' title="bbox 204 2569 1716 2626; baseline 0.003 -18"><span class='ocrx_word' id='word_1_274' title='bbox 204 2569 390 2620; x_wconf 86' lang='lat' dir='ltr'>Apostol.</span> <span class='ocrx_word' id='word_1_275' title='bbox 425 2572 490 2619; x_wconf 89' lang='lat'>15,</span> <span class='ocrx_word' id='word_1_276' title='bbox 524 2573 548 2611; x_wconf 90' lang='grc'><strong>9</strong></span> <span class='ocrx_word' id='word_1_277' title='bbox 582 2571 728 2611; x_wconf 82' lang='grc' dir='ltr'><em>Πύθια</em></span> <span class='ocrx_word' id='word_1_278' title='bbox 758 2570 826 2612; x_wconf 81' lang='grc' dir='ltr'><em>καὶ</em></span> <span class='ocrx_word' id='word_1_279' title='bbox 857 2572 1005 2625; x_wconf 81' lang='grc' dir='ltr'><em>Δήλια·</em></span> <span class='ocrx_word' id='word_1_280' title='bbox 1037 2572 1102 2613; x_wconf 83' lang='grc' dir='ltr'>ἐπὶ</span> <span class='ocrx_word' id='word_1_281' title='bbox 1133 2579 1211 2613; x_wconf 85' lang='grc' dir='ltr'>τῶν</span> <span class='ocrx_word' id='word_1_282' title='bbox 1242 2571 1386 2626; x_wconf 85' lang='grc' dir='ltr'><em>ταχέως</em></span> <span class='ocrx_word' id='word_1_283' title='bbox 1418 2571 1716 2625; x_wconf 84' lang='grc' dir='ltr'><em>ἀπολλυμένων.</em></span> 
     </span>
    </p>
   </div>
   <div class='ocr_carea' id='block_1_11' title="bbox 491 2714 1035 2852">
    <p class='ocr_par' dir='ltr' id='par_1_11' title="bbox 491 2714 1035 2852">
     <span class='ocr_line' id='line_1_37' title="bbox 950 2714 1035 2758; baseline 0.012 -1"><span class='ocrx_word' id='word_1_284' title='bbox 950 2714 1035 2758; x_wconf 90' lang='grc'>148</span> 
     </span>
     <span class='ocr_line' id='line_1_38' title="bbox 491 2792 953 2852; baseline 0.006 -15"><span class='ocrx_word' id='word_1_285' title='bbox 491 2792 588 2838; x_wconf 85' lang='grc' dir='ltr'><em>ἀλλ’</em></span> <span class='ocrx_word' id='word_1_286' title='bbox 624 2794 681 2852; x_wconf 75' lang='grc' dir='ltr'>ἢν</span> <span class='ocrx_word' id='word_1_287' title='bbox 712 2796 848 2852; x_wconf 82' lang='grc' dir='ltr'><em>χιτών</em></span> <span class='ocrx_word' id='word_1_288' title='bbox 881 2807 953 2840; x_wconf 87' lang='grc' dir='ltr'><em>σοι</em></span> 
     </span>
    </p>
   </div>
   <div class='ocr_carea' id='block_1_12' title="bbox 205 2879 1787 2997">
    <p class='ocr_par' dir='ltr' id='par_1_12' title="bbox 205 2879 1787 2997">
     <span class='ocr_line' id='line_1_39' title="bbox 323 2879 1787 2937; baseline 0.003 -17"><span class='ocrx_word' id='word_1_289' title='bbox 323 2881 493 2921; x_wconf 89' lang='lat' dir='ltr'>Photius</span> <span class='ocrx_word' id='word_1_290' title='bbox 528 2883 596 2934; x_wconf 90' lang='lat'>70,</span> <span class='ocrx_word' id='word_1_291' title='bbox 629 2884 685 2922; x_wconf 84' lang='lat'>24</span> <span class='ocrx_word' id='word_1_292' title='bbox 729 2879 782 2934; x_wconf 74' lang='grc' dir='ltr'>ἣν</span> <span class='ocrx_word' id='word_1_293' title='bbox 814 2912 823 2922; x_wconf 90' lang='grc'><em>.</em></span> <span class='ocrx_word' id='word_1_294' title='bbox 844 2913 853 2923; x_wconf 93' lang='grc'><em>.</em></span> <span class='ocrx_word' id='word_1_295' title='bbox 873 2913 883 2922; x_wconf 94' lang='grc'><em>.</em></span> <span class='ocrx_word' id='word_1_296' title='bbox 918 2882 979 2935; x_wconf 84' lang='grc' dir='ltr'>[οἱ</span> <span class='ocrx_word' id='word_1_297' title='bbox 1007 2881 1050 2923; x_wconf 82' lang='grc' dir='ltr'>δὲ</span> <span class='ocrx_word' id='word_1_298' title='bbox 1080 2882 1259 2935; x_wconf 83' lang='grc' dir='ltr'><em>παλαιοὶ]</em></span> <span class='ocrx_word' id='word_1_299' title='bbox 1294 2883 1337 2924; x_wconf 85' lang='grc' dir='ltr'>έν</span> <span class='ocrx_word' id='word_1_300' title='bbox 1369 2883 1619 2937; x_wconf 79' lang='grc' dir='ltr'><em>Μενάνδρου</em></span> <span class='ocrx_word' id='word_1_301' title='bbox 1656 2883 1787 2925; x_wconf 81' lang='grc' dir='ltr'><em>Αὑτὸν</em></span> 
     </span>
     <span class='ocr_line' id='line_1_40' title="bbox 205 2939 1786 2997; baseline 0.004 -18"><span class='ocrx_word' id='word_1_302' title='bbox 205 2939 485 2997; x_wconf 82' lang='grc' dir='ltr'><em>τιμωρουμένῳ</em></span> <span class='ocrx_word' id='word_1_303' title='bbox 517 2939 560 2981; x_wconf 88' lang='grc' dir='ltr'><em>τὸ</em></span> <span class='ocrx_word' id='word_1_304' title='bbox 594 2939 673 2993; x_wconf 83' lang='grc' dir='ltr'>[δὲ]</span> <span class='ocrx_word' id='word_1_305' title='bbox 706 2941 828 2994; x_wconf 81' lang='grc' dir='ltr'><em>ψιλὸν</em></span> <span class='ocrx_word' id='word_1_306' title='bbox 860 2942 948 2983; x_wconf 79' lang='grc' dir='ltr'><em>ἀντὶ</em></span> <span class='ocrx_word' id='word_1_307' title='bbox 979 2948 1049 2983; x_wconf 84' lang='grc' dir='ltr'><em>τοῦ</em></span> <span class='ocrx_word' id='word_1_308' title='bbox 1083 2943 1190 2984; x_wconf 88' lang='grc' dir='ltr'><em>ἰδού</em></span> <span class='ocrx_word' id='word_1_309' title='bbox 1217 2947 1295 2984; x_wconf 85' lang='grc' dir='ltr'><em>κτλ.</em></span> <span class='ocrx_word' id='word_1_310' title='bbox 1336 2943 1379 2984; x_wconf 77' lang='grc' dir='ltr'>οἱ</span> <span class='ocrx_word' id='word_1_311' title='bbox 1402 2942 1443 2984; x_wconf 85' lang='grc' dir='ltr'>δὲ</span> <span class='ocrx_word' id='word_1_312' title='bbox 1474 2943 1638 2986; x_wconf 84' lang='grc' dir='ltr'><em>παλαιοὶ</em></span> <span class='ocrx_word' id='word_1_313' title='bbox 1670 2945 1786 2986; x_wconf 88' lang='lat' dir='ltr'>eiecit</span> 
     </span>
    </p>
   </div>
  </div>
 </body>
</html>
