2014 3334
0 1939 12 2134 „ww—ww
0 1919 5 1927 ³
0 1897 5 1910 ⁷

0 2817 27 2873 z}

0 2955 33 3003 ξ

0 3102 44 3334 ἰ

530 243 939 278 ΑΜΦῘΣΒΗΤΗΣῘΜΑ
967 243 1048 276 KAI
1072 242 1397 276 ΠΑΡΕΓΓΡΑΦΑ
1661 239 1746 281 607

297 355 531 395 Athenaeus
556 356 595 403 8,
623 355 742 394 336b
779 351 845 393 καὶ
883 351 999 401 ἄλλος
1031 350 1074 393 δέ
1104 352 1161 401 τίς
1191 364 1291 405 φησι
1322 347 1525 406 (ποιητὴς)
1557 354 1611 407 τῷ
1641 354 1749 403 Σαρ-

102 454 107 458 ,
177 413 415 469 δαναπάλλῳ
445 413 718 465 παραπλήσιος
747 411 1034 464 ὑποτιθέμενος
1065 411 1130 452 καὶ
1162 407 1278 460 οὗτος
1303 415 1384 460 τοῖς
1415 410 1468 463 μὴ
1495 416 1750 463 σωφρονοῦσι

177 473 309 515 τοιάδε
339 476 416 514 κτλ.
485 478 517 513 1.
543 479 640 513 πᾶσι
667 475 714 512 A.
783 476 820 512 ⁶2.
847 469 964 525 τούφ’
1005 469 1157 525 ἡμέραν
1195 471 1382 522 Casaub]
1421 469 1675 523 τούφήμερον
1702 473 1750 511 A.

177 533 334 586 tragici,
364 534 536 573 fortasse
562 533 779 585 Euripidis,
812 546 898 572 esse
930 533 1102 583 putabat
1133 532 1285 572 Porson
1326 532 1427 571 Adv.
1458 534 1554 572 101.
1605 527 1748 570 ‘temu-

176 593 276 633 lenti
319 593 417 633 haec
457 593 712 644 philosophia
752 597 815 631 est
855 606 901 631 ex
944 593 1079 643 aliquo
1123 592 1298 643 satyrico
1342 586 1550 631 dramate?
1612 590 1750 630 Cobet.

176 652 226 693 N.
251 652 278 692 l.
303 653 372 705 48,
403 653 505 692 conl.
538 652 674 703 Eurip.
701 653 850 692 Alc-est.
879 653 963 692 788
979 664 1034 703 sq.
1087 651 1240 691 Nauck.
1268 651 1332 690 Tr.
1358 664 1417 702 gr.
1445 651 1493 690 fr.
1519 650 1650 701 adesp.
1680 652 1747 690 68.

908 769 1020 812 1208

463 853 625 908 τρόπος
657 850 751 894 ἐστὶ·
779 852 968 908 χρηστὸς
998 850 1326 908 ἀσφαλέστερος
1357 851 1511 906 νόμου.

463 923 542 966 τὸν
572 920 654 979 μὲν
686 923 770 980 γὰρ
802 921 952 974 οὐδεὶς
982 922 1038 966 ἄν
1071 922 1331 979 διαστρέψαι
1359 919 1464 965 ποτὲ

464 994 610 1051 ῥήτωρ
643 994 849 1049 δύναιτο,
881 994 960 1037 τὸν
992 992 1033 1037 δ’
1069 995 1163 1037 ἅνω
1195 1009 1241 1037 τε
1272 992 1346 1037 καὶ
1377 993 1493 1035 κάτω

464 1067 614 1120 λόγοις
644 1065 879 1121 ταράσσων
910 1065 1122 1116 πολλάκις
1153 1066 1422 1121 λυμαίνεται.

298 1164 497 1204 Stobaeus
516 1164 745 1215 Floril.37‚
769 1166 821 1204 15
844 1135 955 1216 πειρξ
978 1166 1022 1203 Α.
1050 1164 1248 1216 Πειρίθου
1280 1164 1411 1203 Trinc.
1435 1164 1585 1203 Nauck.
1611 1163 1750 1213 Eurip.

178 1226 226 1264 fr.
254 1226 351 1264 600.
410 1227 447 1263 1.
471 1221 568 1275 ἐστὶ]
595 1221 638 1263 δὲ
663 1224 796 1263 Trinc.
854 1226 905 1263 2.
903 1221 1135 1280 διαστρέφῃ
1161 1219 1223 1263 B².
1287 1225 1324 1263 3.
1346 1224 1382 1262 4.
1408 1221 1536 1275 ῥήτωρ
1557 1226 1596 1262 et
1622 1221 1753 1275 λόγοις

178 1284 406 1335 transponit
442 1282 579 1324 Cobet.
634 1284 781 1323 Mnem.
809 1283 929 1322 VII-II
959 1284 1055 1323 134.
1117 1285 1156 1323 4.
1187 1281 1302 1336 λόγος
1339 1283 1455 1322 Mein.
1495 1283 1606 1322 Stob.
1632 1283 1752 1322 Ilv1.

179 1342 419 1396 σπαράσσων
456 1342 597 1384 Valck.
636 1343 766 1383 Diatr.
793 1345 922 1383 200³..
956 1364 1011 1371 —
1045 1339 1266 1395 ‘ingenium
1297 1343 1445 1382 bonum
1477 1354 1586 1381 nemo
1617 1342 1752 1382 verbis

178 1405 408 1455 pervertere
447 1405 599 1454 potest,
636 1403 746 1455 leges
783 1406 915 1443 orator
951 1403 1236 1454 distorquendo
1275 1398 1500 1453 pervertit?
1539 1401 1653 1451 Cob.,
1684 1401 1753 1452 qui

179 1463 319 1502 comici
357 1475 443 1502 esse
482 1463 638 1503 statuit.
682 1466 773 1513 post
801 1475 859 1502 -ea
887 1475 992 1514 quae
1025 1462 1315 1502 Valckenarius
1346 1476 1383 1513 p.
1414 1464 1495 1502 199
1530 1461 1754 1511 disputavit

182 1534 262 1562 non
293 1522 408 1562 video
440 1535 510 1562 cur
541 1522 726 1573 Euripidi
757 1523 855 1562 haec
887 1521 1154 1562 abiudicanda
1185 1522 1276 1562 sint.

915 1638 1026 1681 1209

466 1707 541 1753 καὶ
571 1710 655 1766 γὰρ
686 1709 766 1752 τὸν
796 1710 934 1752 ἄλλον
965 1705 1052 1752 ὧδε
1082 1713 1321 1765 θνητοῖσιν
1351 1710 1493 1764 νόμον

467 1781 567 1832 ὄψει
599 1782 820 1838 διαθρῶν·
853 1778 988 1824 οὐδὲν
1021 1779 1076 1824 ἂν
1107 1781 1249 1837 πάντη
1280 1780 1419 1824 καλὸν

468 1849 565 1896 οὐδ’
602 1852 807 1908 αἰσχρόν,
840 1851 951 1895 ἀλλὰ
981 1850 1102 1895 ταῦτ’
1140 1852 1348 1908 ἐποίησεν
1379 1852 1529 1906 λαβὼν

468 1923 493 1966 ὁ
524 1924 678 1980 καιρὸς
708 1924 868 1980 αἰσχρὰ
898 1922 972 1966 καὶ
1004 1924 1240 1977 διαλλάξας
1270 1924 1394 1967 καλά.

302 2011 499 2062 Anonym
525 2010 630 2050 Diss.
656 2010 866 2061 antiscept.
892 2009 1014 2051 Orell.
1040 2010 1185 2079 Opusc.
1210 2013 1309 2051 sent.
1334 2011 1481 2050 11216
1508 2010 1753 2061 παρεξοῦμαι
1812 1997 1814 1999 ‚

184 2067 226 2109 δὲ
253 2068 319 2109 καὶ
349 2069 502 2122 ποίημά
531 2083 566 2109 τι
596 2072 674 2109 κτλ.
724 2070 863 2109 eadem
897 2065 993 2124 (om.
1018 2084 1055 2111 v.
1085 2066 1134 2124 1)
1165 2071 1209 2110 in
1234 2071 1352 2110 Fabr.
1378 2070 1481 2109 Bibl.
1506 2083 1566 2120 gr.
1594 2069 1628 2106 V
1655 2070 1752 2108 623.

188 2133 222 2168 1.
248 2123 342 2180 ὦδε]
369 2128 483 2169 τόνδε
509 2130 664 2169 Nauck.
690 2129 756 2168 Tr.
782 2143 842 2182 gr.
869 2130 915 2168 fr.
942 2130 1075 2182 adesp.
1104 2132 1171 2170 16.
1234 2131 1272 2169 2.
1301 2129 1482 2182 διαθρῶν
1509 2126 1667 2178 Valck.]
1694 2128 1754 2167 δι-

186 2194 321 2241 αιρῶν.
371 2186 465 2239 όψει
490 2186 532 2228 δὲ
558 2189 741 2241 διαθρῶν
765 2189 970 2229 Herwerd.
994 2190 1131 2230 Exerc.
1157 2190 1245 2229 crit
1266 2191 1334 2241 87,
1361 2202 1437 2228 om.
1457 2203 1492 2229 v.
1516 2190 1537 2227 1
1567 2191 1608 2227 et
1633 2188 1753 2226 inter-

182 2250 398 2300 punctione
435 2251 529 2288 ante
565 2247 697 2289 οὐδέν.
758 2247 826 2300 ἂν]
866 2243 918 2301 ἧν
948 2250 1100 2290 Nauck.
1159 2246 1254 2290 οὐδὲ
1279 2249 1329 2288 ἲν
1360 2249 1491 2288 Helw.
1542 2245 1662 2287 οὐδὲν
1692 2245 1755 2296 ὃν,

184 2309 218 2348 si
251 2309 519 2359 interpunctio
550 2309 721 2349 tollatur
752 2311 794 2348 et
823 2322 859 2349 v.
891 2312 910 2348 1
947 2311 1195 2362 segregetur,
1225 2309 1271 2349 K.
1322 2309 1506 2361 διαθρεῖν
1537 2309 1599 2347 est
1629 2307 1754 2346 Arist.

185 2368 259 2418 Eq.
285 2369 384 2408 543.
434 2368 538 2408 Nub.
567 2370 666 2410 700.
716 2381 762 2409 ac
794 2369 921 2408 multo
953 2369 1204 2420 frequentius
1236 2370 1299 2409 est
1329 2368 1508 2419 simplex

915 2484 1030 2528 1210

471 2568 568 2623 βίος
599 2566 641 2611 δ’
677 2568 920 2626 ἀπράγμων
950 2575 1044 2619 τοῖς
1074 2566 1257 2625 γέρουσι
1288 2567 1523 2624 συμφέρει·

471 2639 659 2695 μάλιστα
690 2638 731 2683 δ’
767 2641 810 2684 εἰ
837 2640 1015 2696 τύχοιεν
1045 2638 1183 2683 ἁπλοῖ
1209 2647 1302 2691 τοῖς
1331 2640 1513 2695 τρόποις

471 2709 499 2765 ἢ
530 2717 728 2766 μακκοᾶν
758 2711 963 2768 μέλλοιεν
994 2709 1021 2766 ἢ
1053 2714 1206 2767 ληρεῖν
1238 2712 1371 2766 ὅλως,

472 2780 579 2839 ὅπερ
611 2783 836 2839 γερόντων
867 2782 1000 2826 ἐστίν.

308 2868 629 2919 Etymologicum
654 2883 705 2908 m.
732 2870 879 2909 Minori
911 2865 1137 2922 (Melanges
1167 2866 1271 2919 210)
1300 2876 1500 2920 μακκοᾶν.
1521 2900 1530 2909 .
1551 2864 1659 2910 ,οἷον
1678 2872 1756 2910 κτλ.

190 2927 215 2965 2
242 2924 376 2977 ἁπλοῖ]
409 2924 553 2979 ἀμνοὶ
578 2928 624 2967 Κ.
666 2926 807 2969 ἆπλόοι
837 2928 995 2982 τρόποις
1021 2929 1068 2969 A.
1087 2929 1241 2969 Nauck.
1285 2929 1488 2982 Melanges
1519 2933 1756 2981 greco-rom.
