<?xml version="1.0" encoding="UTF-8"?>
<!DOCTYPE html PUBLIC "-//W3C//DTD XHTML 1.0 Transitional//EN"
    "http://www.w3.org/TR/xhtml1/DTD/xhtml1-transitional.dtd">
<html xmlns="http://www.w3.org/1999/xhtml" xml:lang="en" lang="en">
 <head>
  <title>
</title>
<meta http-equiv="Content-Type" content="text/html;charset=utf-8" />
  <meta name='ocr-system' content='tesseract 3.04.00' />
  <meta name='ocr-capabilities' content='ocr_page ocr_carea ocr_par ocr_line ocrx_word'/>
</head>
<body>
  <div class='ocr_page' id='page_1' title='image "./comicorumatticor03kockuoft_0493.png"; bbox 0 0 2014 3334; ppageno 0'>
   <div class='ocr_carea' id='block_1_1' title="bbox 793 230 1810 274">
    <p class='ocr_par' dir='ltr' id='par_1_1' title="bbox 793 230 1810 274">
     <span class='ocr_line' id='line_1_1' title="bbox 793 230 1810 274; baseline 0.009 -9"><span class='ocrx_word' id='word_1_1' title='bbox 793 230 959 265; x_wconf 79' lang='lat' dir='ltr'>AAHAA</span> <span class='ocrx_word' id='word_1_2' title='bbox 985 231 1248 267; x_wconf 77' lang='grc' dir='ltr'><em>οΠοΤΕΡΑΣ</em></span> <span class='ocrx_word' id='word_1_3' title='bbox 1721 230 1810 274; x_wconf 85' lang='grc'><strong>473</strong></span> 
     </span>
    </p>
   </div>
   <div class='ocr_carea' id='block_1_2' title="bbox 230 340 1811 516">
    <p class='ocr_par' dir='ltr' id='par_1_2' title="bbox 230 340 1811 516">
     <span class='ocr_line' id='line_1_2' title="bbox 230 340 1810 398; baseline 0.001 -15"><span class='ocrx_word' id='word_1_4' title='bbox 230 356 324 384; x_wconf 83' lang='lat' dir='ltr'><strong>nam</strong></span> <span class='ocrx_word' id='word_1_5' title='bbox 356 342 577 397; x_wconf 84' lang='grc' dir='ltr'><em>φρενίτιδες</em></span> <span class='ocrx_word' id='word_1_6' title='bbox 607 340 788 396; x_wconf 78' lang='lat' dir='ltr'><strong>quidom‘‚</strong></span> <span class='ocrx_word' id='word_1_7' title='bbox 820 344 845 383; x_wconf 92' lang='lat' dir='ltr'><strong>i.</strong></span> <span class='ocrx_word' id='word_1_8' title='bbox 873 357 905 384; x_wconf 89' lang='lat' dir='ltr'><strong>e.</strong></span> <span class='ocrx_word' id='word_1_9' title='bbox 936 344 1095 396; x_wconf 84' lang='grc' dir='ltr'><strong><em>μανίαι,</em></strong></span> <span class='ocrx_word' id='word_1_10' title='bbox 1133 358 1214 384; x_wconf 90' lang='lat' dir='ltr'><strong>non</strong></span> <span class='ocrx_word' id='word_1_11' title='bbox 1251 347 1345 384; x_wconf 76' lang='lat' dir='ltr'><strong>sunt</strong></span> <span class='ocrx_word' id='word_1_12' title='bbox 1382 342 1470 398; x_wconf 81' lang='grc' dir='ltr'><em>περὶ</em></span> <span class='ocrx_word' id='word_1_13' title='bbox 1504 342 1545 384; x_wconf 88' lang='grc' dir='ltr'><strong>τὸ</strong></span> <span class='ocrx_word' id='word_1_14' title='bbox 1578 350 1700 396; x_wconf 82' lang='grc' dir='ltr'><em>σῶμα.</em></span> <span class='ocrx_word' id='word_1_15' title='bbox 1763 358 1810 384; x_wconf 82' lang='lat' dir='ltr'><strong>ex</strong></span> 
     </span>
     <span class='ocr_line' id='line_1_3' title="bbox 231 403 1811 457; baseline 0.001 -15"><span class='ocrx_word' id='word_1_16' title='bbox 231 403 453 455; x_wconf 80' lang='lat' dir='ltr'><strong>Hipparchi</strong></span> <span class='ocrx_word' id='word_1_17' title='bbox 484 404 618 443; x_wconf 76' lang='lat' dir='ltr'><strong>aetate</strong></span> <span class='ocrx_word' id='word_1_18' title='bbox 649 403 750 443; x_wconf 91' lang='lat' dir='ltr'><strong>nihil</strong></span> <span class='ocrx_word' id='word_1_19' title='bbox 783 404 958 444; x_wconf 74' lang='lat' dir='ltr'><strong>efficitur</strong></span> <span class='ocrx_word' id='word_1_20' title='bbox 989 404 1040 444; x_wconf 85' lang='lat' dir='ltr'><strong>ad</strong></span> <span class='ocrx_word' id='word_1_21' title='bbox 1077 406 1254 444; x_wconf 73' lang='lat' dir='ltr'><strong>aetatem</strong></span> <span class='ocrx_word' id='word_1_22' title='bbox 1285 405 1501 456; x_wconf 73' lang='lat' dir='ltr'><strong>fragmenti</strong></span> <span class='ocrx_word' id='word_1_23' title='bbox 1532 404 1811 457; x_wconf 85' lang='lat' dir='ltr'><strong>definiendam,</strong></span> 
     </span>
     <span class='ocr_line' id='line_1_4' title="bbox 230 463 1302 516; baseline 0.001 -13"><span class='ocrx_word' id='word_1_24' title='bbox 230 463 308 504; x_wconf 82' lang='lat' dir='ltr'><strong>nisi</strong></span> <span class='ocrx_word' id='word_1_25' title='bbox 339 465 433 504; x_wconf 73' lang='lat' dir='ltr'><strong>ante</strong></span> <span class='ocrx_word' id='word_1_26' title='bbox 465 475 566 503; x_wconf 82' lang='lat' dir='ltr'><strong>saec.</strong></span> <span class='ocrx_word' id='word_1_27' title='bbox 600 465 626 503; x_wconf 89' lang='lat'>4</span> <span class='ocrx_word' id='word_1_28' title='bbox 659 463 835 503; x_wconf 85' lang='lat' dir='ltr'><strong>medium</strong></span> <span class='ocrx_word' id='word_1_29' title='bbox 866 464 908 504; x_wconf 81' lang='lat' dir='ltr'><strong>id</strong></span> <span class='ocrx_word' id='word_1_30' title='bbox 939 465 1134 516; x_wconf 76' lang='lat' dir='ltr'><strong>seriptum</strong></span> <span class='ocrx_word' id='word_1_31' title='bbox 1163 465 1302 505; x_wconf 86' lang='lat' dir='ltr'><strong>fuisse.</strong></span> 
     </span>
    </p>
   </div>
   <div class='ocr_carea' id='block_1_3' title="bbox 978 604 1066 648">
    <p class='ocr_par' dir='ltr' id='par_1_3' title="bbox 978 604 1066 648">
     <span class='ocr_line' id='line_1_5' title="bbox 978 604 1066 648; baseline 0 0"><span class='ocrx_word' id='word_1_32' title='bbox 978 604 1066 648; x_wconf 85' lang='lat'><strong>345</strong></span> 
     </span>
    </p>
   </div>
   <div class='ocr_carea' id='block_1_4' title="bbox 442 684 1542 888">
    <p class='ocr_par' dir='ltr' id='par_1_4' title="bbox 442 684 1542 888">
     <span class='ocr_line' id='line_1_6' title="bbox 442 684 1542 745; baseline 0.001 -14"><span class='ocrx_word' id='word_1_33' title='bbox 442 692 527 739; x_wconf 82' lang='grc' dir='ltr'><strong>πᾶς</strong></span> <span class='ocrx_word' id='word_1_34' title='bbox 558 686 582 731; x_wconf 88' lang='grc' dir='ltr'>ὁ</span> <span class='ocrx_word' id='word_1_35' title='bbox 613 684 719 731; x_wconf 84' lang='grc' dir='ltr'><em>καθ’</em></span> <span class='ocrx_word' id='word_1_36' title='bbox 756 686 916 732; x_wconf 83' lang='grc' dir='ltr'><em>ἑαυτὸν</em></span> <span class='ocrx_word' id='word_1_37' title='bbox 946 691 1226 744; x_wconf 76' lang='grc' dir='ltr'><em>τεχνολογῶν</em></span> <span class='ocrx_word' id='word_1_38' title='bbox 1256 689 1542 745; x_wconf 82' lang='grc' dir='ltr'><em>θαυμάζεται,</em></span> 
     </span>
     <span class='ocr_line' id='line_1_7' title="bbox 443 757 1466 817; baseline 0.002 -15"><span class='ocrx_word' id='word_1_39' title='bbox 443 759 783 816; x_wconf 79' lang='grc' dir='ltr'><em>διακρινόμενος</em></span> <span class='ocrx_word' id='word_1_40' title='bbox 815 757 864 803; x_wconf 73' lang='grc' dir='ltr'><strong>δὲ</strong></span> <span class='ocrx_word' id='word_1_41' title='bbox 895 759 1006 817; x_wconf 79' lang='grc' dir='ltr'><em>πρὸς</em></span> <span class='ocrx_word' id='word_1_42' title='bbox 1038 758 1216 817; x_wconf 77' lang='grc' dir='ltr'><em>ἑτέρους</em></span> <span class='ocrx_word' id='word_1_43' title='bbox 1247 758 1466 816; x_wconf 80' lang='grc' dir='ltr'><em>ἐλέγχεται</em></span> 
     </span>
     <span class='ocr_line' id='line_1_8' title="bbox 442 830 1327 888; baseline 0.001 -14"><span class='ocrx_word' id='word_1_44' title='bbox 442 830 766 887; x_wconf 83' lang='grc' dir='ltr'><em>ὑποβολιμαίαν</em></span> <span class='ocrx_word' id='word_1_45' title='bbox 798 831 983 874; x_wconf 82' lang='grc' dir='ltr'><em>σύνεσιν</em></span> <span class='ocrx_word' id='word_1_46' title='bbox 1014 830 1327 888; x_wconf 76' lang='grc' dir='ltr'><em>ἠμφιεσμένος.</em></span> 
     </span>
    </p>
   </div>
   <div class='ocr_carea' id='block_1_5' title="bbox 348 899 1811 971">
    <p class='ocr_par' dir='ltr' id='par_1_5' title="bbox 348 899 1811 971">
     <span class='ocr_line' id='line_1_9' title="bbox 348 899 1811 971; baseline 0.001 -14"><span class='ocrx_word' id='word_1_47' title='bbox 348 918 546 958; x_wconf 81' lang='lat' dir='ltr'><strong>Stobaeus</strong></span> <span class='ocrx_word' id='word_1_48' title='bbox 578 919 660 958; x_wconf 79' lang='lat' dir='ltr'><strong>Ecl.</strong></span> <span class='ocrx_word' id='word_1_49' title='bbox 698 899 837 967; x_wconf 48' lang='lat'><strong>2,&#39;15‚</strong></span> <span class='ocrx_word' id='word_1_50' title='bbox 871 920 895 958; x_wconf 88' lang='lat'>9</span> <span class='ocrx_word' id='word_1_51' title='bbox 936 917 1141 958; x_wconf 80' lang='lat' dir='ltr'><strong>Wachsm.</strong></span> <span class='ocrx_word' id='word_1_52' title='bbox 1185 919 1296 971; x_wconf 84' lang='grc' dir='ltr'><em>ριπιδ</em></span> <span class='ocrx_word' id='word_1_53' title='bbox 1327 919 1383 968; x_wconf 69' lang='lat' dir='ltr'><strong>L„</strong></span> <span class='ocrx_word' id='word_1_54' title='bbox 1423 917 1468 959; x_wconf 82' lang='grc' dir='ltr'><strong>εὐ</strong></span> <span class='ocrx_word' id='word_1_55' title='bbox 1505 922 1630 970; x_wconf 86' lang='lat' dir='ltr'><strong>praef.</strong></span> <span class='ocrx_word' id='word_1_56' title='bbox 1663 920 1811 959; x_wconf 75' lang='lat' dir='ltr'><strong>rubrio.</strong></span> 
     </span>
    </p>
   </div>
   <div class='ocr_carea' id='block_1_6' title="bbox 229 978 1806 1088">
    <p class='ocr_par' dir='ltr' id='par_1_6' title="bbox 229 978 1806 1088">
     <span class='ocr_line' id='line_1_10' title="bbox 229 978 1806 1088; baseline 0.001 -71"><span class='ocrx_word' id='word_1_57' title='bbox 229 978 394 1077; x_wconf 43' lang='lat' dir='ltr'><strong>congio&amp;</strong></span> <span class='ocrx_word' id='word_1_58' title='bbox 410 978 555 1088; x_wconf 47' lang='lat' dir='ltr'><strong>{zi-ignit</strong></span> <span class='ocrx_word' id='word_1_59' title='bbox 575 978 713 1030; x_wconf 87' lang='lat' dir='ltr'><strong>Gaisf.,</strong></span> <span class='ocrx_word' id='word_1_60' title='bbox 733 978 976 1029; x_wconf 88' lang='lat' dir='ltr'><strong>Philippidis</strong></span> <span class='ocrx_word' id='word_1_61' title='bbox 996 979 1062 1019; x_wconf 87' lang='lat' dir='ltr'><strong>vel</strong></span> <span class='ocrx_word' id='word_1_62' title='bbox 1081 979 1293 1030; x_wconf 86' lang='lat' dir='ltr'><strong>Hermippi</strong></span> <span class='ocrx_word' id='word_1_63' title='bbox 1313 992 1400 1019; x_wconf 82' lang='lat' dir='ltr'><strong>esse</strong></span> <span class='ocrx_word' id='word_1_64' title='bbox 1421 980 1520 1019; x_wconf 87' lang='lat' dir='ltr'><strong>coni.</strong></span> <span class='ocrx_word' id='word_1_65' title='bbox 1536 980 1738 1020; x_wconf 85' lang='lat' dir='ltr'><strong>Wachsm.</strong></span> <span class='ocrx_word' id='word_1_66' title='bbox 1759 1001 1806 1007; x_wconf 90' lang='lat'><strong>—</strong></span> 
     </span>
     <span class='ocr_line' id='line_1_11' title="bbox 232 1036 578 1078; baseline 0.003 -1"><span class='ocrx_word' id='word_1_67' title='bbox 232 1039 267 1077; x_wconf 93' lang='lat'><strong>1.</strong></span> <span class='ocrx_word' id='word_1_68' title='bbox 397 1038 472 1078; x_wconf 86' lang='lat' dir='ltr'><strong>ein.</strong></span> <span class='ocrx_word' id='word_1_69' title='bbox 523 1036 578 1078; x_wconf 86' lang='grc' dir='ltr'><strong><em>τὸ.</em></strong></span> 
     </span>
    </p>
   </div>
   <div class='ocr_carea' id='block_1_7' title="bbox 443 1140 1423 1429">
    <p class='ocr_par' dir='ltr' id='par_1_7' title="bbox 443 1140 1423 1429">
     <span class='ocr_line' id='line_1_12' title="bbox 978 1140 1066 1187; baseline 0.011 -1"><span class='ocrx_word' id='word_1_70' title='bbox 978 1140 1066 1187; x_wconf 81' lang='grc'><strong>346</strong></span> 
     </span>
     <span class='ocr_line' id='line_1_13' title="bbox 447 1227 1374 1285; baseline 0.002 -16"><span class='ocrx_word' id='word_1_71' title='bbox 447 1227 556 1270; x_wconf 84' lang='grc' dir='ltr'><em>ὅταν</em></span> <span class='ocrx_word' id='word_1_72' title='bbox 587 1233 730 1270; x_wconf 85' lang='grc' dir='ltr'><em>ποιῶν</em></span> <span class='ocrx_word' id='word_1_73' title='bbox 761 1227 936 1283; x_wconf 81' lang='grc' dir='ltr'><em>πονηρὰ</em></span> <span class='ocrx_word' id='word_1_74' title='bbox 967 1228 1134 1285; x_wconf 83' lang='grc' dir='ltr'><em>χρηστά</em></span> <span class='ocrx_word' id='word_1_75' title='bbox 1165 1244 1231 1280; x_wconf 83' lang='grc' dir='ltr'><strong>τις</strong></span> <span class='ocrx_word' id='word_1_76' title='bbox 1262 1231 1374 1285; x_wconf 76' lang='grc' dir='ltr'><em>λαλῇ</em></span> 
     </span>
     <span class='ocr_line' id='line_1_14' title="bbox 443 1297 1423 1357; baseline 0.003 -17"><span class='ocrx_word' id='word_1_77' title='bbox 443 1297 518 1341; x_wconf 85' lang='grc' dir='ltr'><em>καὶ</em></span> <span class='ocrx_word' id='word_1_78' title='bbox 548 1298 629 1341; x_wconf 86' lang='grc' dir='ltr'><strong>τὸν</strong></span> <span class='ocrx_word' id='word_1_79' title='bbox 659 1298 858 1355; x_wconf 84' lang='grc' dir='ltr'><em>παρόντα</em></span> <span class='ocrx_word' id='word_1_80' title='bbox 888 1301 1079 1355; x_wconf 78' lang='grc' dir='ltr'><em>πλησίον</em></span> <span class='ocrx_word' id='word_1_81' title='bbox 1110 1300 1169 1355; x_wconf 87' lang='grc' dir='ltr'><strong>μὴ</strong></span> <span class='ocrx_word' id='word_1_82' title='bbox 1202 1301 1423 1357; x_wconf 80' lang='grc' dir='ltr'><em>λανθάνῃ,</em></span> 
     </span>
     <span class='ocr_line' id='line_1_15' title="bbox 444 1367 1308 1429; baseline 0.003 -17"><span class='ocrx_word' id='word_1_83' title='bbox 444 1370 678 1420; x_wconf 78' lang='grc' dir='ltr'><em>διπλάσιος</em></span> <span class='ocrx_word' id='word_1_84' title='bbox 711 1369 830 1429; x_wconf 78' lang='grc' dir='ltr'><em>αὐτῷ</em></span> <span class='ocrx_word' id='word_1_85' title='bbox 862 1367 1010 1426; x_wconf 82' lang='grc' dir='ltr'><em>γίνεθ’</em></span> <span class='ocrx_word' id='word_1_86' title='bbox 1044 1371 1071 1426; x_wconf 77' lang='grc' dir='ltr'><em>ἡ</em></span> <span class='ocrx_word' id='word_1_87' title='bbox 1104 1374 1308 1429; x_wconf 78' lang='grc' dir='ltr'><em>πονηρία.</em></span> 
     </span>
    </p>
   </div>
   <div class='ocr_carea' id='block_1_8' title="bbox 227 1457 1811 1933">
    <p class='ocr_par' dir='ltr' id='par_1_8' title="bbox 227 1457 1811 1933">
     <span class='ocr_line' id='line_1_16' title="bbox 347 1457 1810 1510; baseline 0.003 -15"><span class='ocrx_word' id='word_1_88' title='bbox 347 1457 502 1496; x_wconf 75' lang='lat' dir='ltr'><strong>Felton.</strong></span> <span class='ocrx_word' id='word_1_89' title='bbox 528 1471 575 1496; x_wconf 85' lang='lat' dir='ltr'><strong>ex</strong></span> <span class='ocrx_word' id='word_1_90' title='bbox 594 1458 738 1497; x_wconf 79' lang='lat' dir='ltr'><strong>tabula</strong></span> <span class='ocrx_word' id='word_1_91' title='bbox 763 1458 898 1510; x_wconf 87' lang='lat' dir='ltr'><strong>lignea</strong></span> <span class='ocrx_word' id='word_1_92' title='bbox 917 1460 1052 1498; x_wconf 76' lang='lat' dir='ltr'><strong>cerata</strong></span> <span class='ocrx_word' id='word_1_93' title='bbox 1071 1471 1174 1498; x_wconf 87' lang='lat' dir='ltr'><strong>mus.</strong></span> <span class='ocrx_word' id='word_1_94' title='bbox 1197 1459 1547 1499; x_wconf 72' lang='lat' dir='ltr'><strong>AbbotWelcker.</strong></span> <span class='ocrx_word' id='word_1_95' title='bbox 1564 1461 1663 1499; x_wconf 89' lang='lat' dir='ltr'><strong>Mus.</strong></span> <span class='ocrx_word' id='word_1_96' title='bbox 1684 1461 1810 1499; x_wconf 86' lang='lat' dir='ltr'><strong>Rhen.</strong></span> 
     </span>
     <span class='ocr_line' id='line_1_17' title="bbox 227 1516 1810 1570; baseline 0.001 -14"><span class='ocrx_word' id='word_1_97' title='bbox 227 1517 301 1556; x_wconf 91' lang='lat' dir='ltr'><strong>XV</strong></span> <span class='ocrx_word' id='word_1_98' title='bbox 337 1518 432 1559; x_wconf 87' lang='grc'><strong>156.</strong></span> <span class='ocrx_word' id='word_1_99' title='bbox 492 1518 707 1557; x_wconf 87' lang='lat' dir='ltr'><strong>Froehner.</strong></span> <span class='ocrx_word' id='word_1_100' title='bbox 746 1516 953 1568; x_wconf 68' lang='lat' dir='ltr'><strong>Tablejz&#39;tes</strong></span> <span class='ocrx_word' id='word_1_101' title='bbox 997 1531 1192 1570; x_wconf 84' lang='lat' dir='ltr'><strong>greeques</strong></span> <span class='ocrx_word' id='word_1_102' title='bbox 1236 1519 1291 1558; x_wconf 89' lang='lat' dir='ltr'><strong>du</strong></span> <span class='ocrx_word' id='word_1_103' title='bbox 1334 1522 1470 1559; x_wconf 71' lang='lat' dir='ltr'><strong>musee</strong></span> <span class='ocrx_word' id='word_1_104' title='bbox 1515 1521 1563 1560; x_wconf 89' lang='lat' dir='ltr'><strong>de</strong></span> <span class='ocrx_word' id='word_1_105' title='bbox 1608 1521 1810 1560; x_wconf 84' lang='lat' dir='ltr'><strong>Marseille</strong></span> 
     </span>
     <span class='ocr_line' id='line_1_18' title="bbox 227 1571 1810 1630; baseline 0.002 -14"><span class='ocrx_word' id='word_1_106' title='bbox 227 1571 386 1630; x_wconf 88' lang='grc'>(1867)</span> <span class='ocrx_word' id='word_1_107' title='bbox 412 1591 449 1628; x_wconf 90' lang='lat' dir='ltr'><strong>p.</strong></span> <span class='ocrx_word' id='word_1_108' title='bbox 471 1578 509 1616; x_wconf 88' lang='grc'>4</span> <span class='ocrx_word' id='word_1_109' title='bbox 554 1577 603 1616; x_wconf 86' lang='lat' dir='ltr'><strong>ef.</strong></span> <span class='ocrx_word' id='word_1_110' title='bbox 635 1577 758 1616; x_wconf 72' lang='lat' dir='ltr'><strong>etiam</strong></span> <span class='ocrx_word' id='word_1_111' title='bbox 784 1577 941 1618; x_wconf 86' lang='lat' dir='ltr'><strong>Kaibel.</strong></span> <span class='ocrx_word' id='word_1_112' title='bbox 967 1578 1215 1630; x_wconf 85' lang='lat' dir='ltr'><strong>Epigramm.</strong></span> <span class='ocrx_word' id='word_1_113' title='bbox 1236 1592 1339 1618; x_wconf 78' lang='lat' dir='ltr'><strong>xxm</strong></span> <span class='ocrx_word' id='word_1_114' title='bbox 1362 1581 1519 1619; x_wconf 84' lang='lat' dir='ltr'><strong>1117a.</strong></span> <span class='ocrx_word' id='word_1_115' title='bbox 1602 1582 1640 1620; x_wconf 88' lang='lat'><strong>3.</strong></span> <span class='ocrx_word' id='word_1_116' title='bbox 1673 1579 1810 1619; x_wconf 80' lang='grc' dir='ltr'><em>διπλά-</em></span> 
     </span>
     <span class='ocr_line' id='line_1_19' title="bbox 229 1635 1811 1695; baseline 0.002 -19"><span class='ocrx_word' id='word_1_117' title='bbox 229 1647 313 1684; x_wconf 86' lang='grc' dir='ltr'><em>σιος</em></span> <span class='ocrx_word' id='word_1_118' title='bbox 344 1635 451 1693; x_wconf 78' lang='grc' dir='ltr'><em>αὐτῷ</em></span> <span class='ocrx_word' id='word_1_119' title='bbox 470 1635 644 1687; x_wconf 65' lang='lat' dir='ltr'><strong>Welek]</strong></span> <span class='ocrx_word' id='word_1_120' title='bbox 680 1636 894 1685; x_wconf 82' lang='grc' dir='ltr'><em>διπλασίως</em></span> <span class='ocrx_word' id='word_1_121' title='bbox 927 1635 1033 1694; x_wconf 77' lang='grc' dir='ltr'><em>αὐτῷ</em></span> <span class='ocrx_word' id='word_1_122' title='bbox 1065 1639 1146 1678; x_wconf 78' lang='lat' dir='ltr'><strong>tab.</strong></span> <span class='ocrx_word' id='word_1_123' title='bbox 1169 1636 1274 1695; x_wconf 79' lang='grc' dir='ltr'><em>αὐτῷ</em></span> <span class='ocrx_word' id='word_1_124' title='bbox 1302 1639 1515 1687; x_wconf 86' lang='grc' dir='ltr'><em>διπλασίως</em></span> <span class='ocrx_word' id='word_1_125' title='bbox 1534 1640 1636 1680; x_wconf 75' lang='lat' dir='ltr'><strong>Felt.</strong></span> <span class='ocrx_word' id='word_1_126' title='bbox 1662 1639 1811 1693; x_wconf 78' lang='grc' dir='ltr'><em>γίνεται</em></span> 
     </span>
     <span class='ocr_line' id='line_1_20' title="bbox 228 1679 1808 1748; baseline 0.003 -13"><span class='ocrx_word' id='word_1_127' title='bbox 228 1697 309 1736; x_wconf 75' lang='lat' dir='ltr'><strong>tab.</strong></span> <span class='ocrx_word' id='word_1_128' title='bbox 345 1692 404 1747; x_wconf 90' lang='lat' dir='ltr'><strong>(in</strong></span> <span class='ocrx_word' id='word_1_129' title='bbox 436 1710 518 1748; x_wconf 86' lang='lat' dir='ltr'><strong>qua</strong></span> <span class='ocrx_word' id='word_1_130' title='bbox 549 1697 752 1736; x_wconf 71' lang='lat' dir='ltr'><strong>omittitur</strong></span> <span class='ocrx_word' id='word_1_131' title='bbox 783 1713 798 1736; x_wconf 89' lang='grc' dir='ltr'><em>ι</em></span> <span class='ocrx_word' id='word_1_132' title='bbox 829 1679 1018 1747; x_wconf 83' lang='lat' dir='ltr'><strong>subscr.)</strong></span> <span class='ocrx_word' id='word_1_133' title='bbox 1077 1699 1179 1738; x_wconf 85' lang='lat' dir='ltr'><strong>unde</strong></span> <span class='ocrx_word' id='word_1_134' title='bbox 1219 1699 1334 1739; x_wconf 71' lang='lat' dir='ltr'><strong>Falto</strong></span> <span class='ocrx_word' id='word_1_135' title='bbox 1373 1701 1415 1738; x_wconf 76' lang='lat' dir='ltr'><strong>et</strong></span> <span class='ocrx_word' id='word_1_136' title='bbox 1446 1699 1685 1739; x_wconf 85' lang='lat' dir='ltr'><strong>Welekerus</strong></span> <span class='ocrx_word' id='word_1_137' title='bbox 1717 1713 1808 1739; x_wconf 85' lang='lat' dir='ltr'><strong>con-</strong></span> 
     </span>
     <span class='ocr_line' id='line_1_21' title="bbox 229 1756 1808 1799; baseline 0.003 -4"><span class='ocrx_word' id='word_1_138' title='bbox 229 1756 423 1796; x_wconf 75' lang='lat' dir='ltr'><strong>eluserint</strong></span> <span class='ocrx_word' id='word_1_139' title='bbox 453 1757 664 1795; x_wconf 85' lang='lat' dir='ltr'>Menandri</span> <span class='ocrx_word' id='word_1_140' title='bbox 706 1769 792 1796; x_wconf 85' lang='lat' dir='ltr'><strong>esse</strong></span> <span class='ocrx_word' id='word_1_141' title='bbox 824 1758 969 1797; x_wconf 76' lang='lat' dir='ltr'><strong>neseio.</strong></span> <span class='ocrx_word' id='word_1_142' title='bbox 1019 1771 1091 1797; x_wconf 87' lang='lat' dir='ltr'><strong>nec</strong></span> <span class='ocrx_word' id='word_1_143' title='bbox 1124 1759 1223 1797; x_wconf 76' lang='lat' dir='ltr'><strong>satis</strong></span> <span class='ocrx_word' id='word_1_144' title='bbox 1255 1759 1440 1798; x_wconf 81' lang='lat' dir='ltr'><strong>firmatur</strong></span> <span class='ocrx_word' id='word_1_145' title='bbox 1472 1759 1520 1798; x_wconf 94' lang='lat' dir='ltr'><strong>H.</strong></span> <span class='ocrx_word' id='word_1_146' title='bbox 1553 1760 1689 1799; x_wconf 87' lang='lat' dir='ltr'><strong>Iaeobi</strong></span> <span class='ocrx_word' id='word_1_147' title='bbox 1721 1774 1808 1799; x_wconf 88' lang='lat' dir='ltr'><strong>sen-</strong></span> 
     </span>
     <span class='ocr_line' id='line_1_22' title="bbox 230 1816 1810 1870; baseline 0.003 -15"><span class='ocrx_word' id='word_1_148' title='bbox 230 1816 370 1867; x_wconf 67' lang='lat' dir='ltr'><strong>tentia,</strong></span> <span class='ocrx_word' id='word_1_149' title='bbox 401 1817 476 1856; x_wconf 86' lang='lat' dir='ltr'><strong>hoe</strong></span> <span class='ocrx_word' id='word_1_150' title='bbox 503 1817 774 1867; x_wconf 78' lang='lat' dir='ltr'><strong>fragmentum</strong></span> <span class='ocrx_word' id='word_1_151' title='bbox 801 1830 893 1856; x_wconf 81' lang='lat' dir='ltr'><strong>eum</strong></span> <span class='ocrx_word' id='word_1_152' title='bbox 914 1819 998 1857; x_wconf 90' lang='grc'><strong>636</strong></span> <span class='ocrx_word' id='word_1_153' title='bbox 1019 1818 1228 1857; x_wconf 83' lang='lat' dir='ltr'>Menandri</span> <span class='ocrx_word' id='word_1_154' title='bbox 1254 1819 1313 1858; x_wconf 79' lang='lat' dir='ltr'><strong>ita</strong></span> <span class='ocrx_word' id='word_1_155' title='bbox 1338 1819 1631 1870; x_wconf 81' lang='lat' dir='ltr'><strong>coniungentis‚</strong></span> <span class='ocrx_word' id='word_1_156' title='bbox 1662 1822 1710 1859; x_wconf 74' lang='lat' dir='ltr'><strong>ut</strong></span> <span class='ocrx_word' id='word_1_157' title='bbox 1735 1820 1810 1859; x_wconf 87' lang='lat' dir='ltr'><strong>hoe</strong></span> 
     </span>
     <span class='ocr_line' id='line_1_23' title="bbox 231 1872 1623 1933; baseline 0.003 -18"><span class='ocrx_word' id='word_1_158' title='bbox 231 1876 285 1915; x_wconf 79' lang='lat' dir='ltr'><strong>sit</strong></span> <span class='ocrx_word' id='word_1_159' title='bbox 314 1886 550 1927; x_wconf 84' lang='lat' dir='ltr'><strong>responsum</strong></span> <span class='ocrx_word' id='word_1_160' title='bbox 582 1876 750 1916; x_wconf 75' lang='lat' dir='ltr'><strong>alterius</strong></span> <span class='ocrx_word' id='word_1_161' title='bbox 781 1889 975 1927; x_wconf 82' lang='lat' dir='ltr'><strong>personae</strong></span> <span class='ocrx_word' id='word_1_162' title='bbox 1008 1872 1167 1931; x_wconf 89' lang='lat' dir='ltr'><strong>(Progr.</strong></span> <span class='ocrx_word' id='word_1_163' title='bbox 1200 1878 1317 1918; x_wconf 87' lang='lat' dir='ltr'><strong>Posn.</strong></span> <span class='ocrx_word' id='word_1_164' title='bbox 1353 1881 1463 1919; x_wconf 88' lang='grc'>1861</span> <span class='ocrx_word' id='word_1_165' title='bbox 1499 1893 1537 1930; x_wconf 88' lang='lat' dir='ltr'><strong>p.</strong></span> <span class='ocrx_word' id='word_1_166' title='bbox 1565 1874 1623 1933; x_wconf 88' lang='grc'><strong>9).</strong></span> 
     </span>
    </p>
   </div>
   <div class='ocr_carea' id='block_1_9' title="bbox 974 2017 1059 2060">
    <p class='ocr_par' dir='ltr' id='par_1_9' title="bbox 974 2017 1059 2060">
     <span class='ocr_line' id='line_1_24' title="bbox 974 2017 1059 2060; baseline 0 0"><span class='ocrx_word' id='word_1_167' title='bbox 974 2017 1059 2060; x_wconf 84' lang='grc'><strong>347</strong></span> 
     </span>
    </p>
   </div>
   <div class='ocr_carea' id='block_1_10' title="bbox 443 2097 1551 2303">
    <p class='ocr_par' dir='ltr' id='par_1_10' title="bbox 443 2097 1539 2303">
     <span class='ocr_line' id='line_1_25' title="bbox 951 2097 1518 2160; baseline 0.005 -17"><span class='ocrx_word' id='word_1_168' title='bbox 951 2097 1046 2144; x_wconf 81' lang='grc' dir='ltr'><em>εἶτά</em></span> <span class='ocrx_word' id='word_1_169' title='bbox 1076 2118 1152 2157; x_wconf 88' lang='grc' dir='ltr'><strong>μοι</strong></span> <span class='ocrx_word' id='word_1_170' title='bbox 1184 2102 1392 2146; x_wconf 83' lang='grc' dir='ltr'><em>σκάπτων</em></span> <span class='ocrx_word' id='word_1_171' title='bbox 1424 2102 1518 2160; x_wconf 83' lang='grc' dir='ltr'><strong>ε’ρεῖ</strong></span> 
     </span>
     <span class='ocr_line' id='line_1_26' title="bbox 444 2165 1527 2231; baseline 0.005 -18"><span class='ocrx_word' id='word_1_172' title='bbox 444 2169 515 2231; x_wconf 83' lang='grc' dir='ltr'><strong>ἐφ’</strong></span> <span class='ocrx_word' id='word_1_173' title='bbox 552 2165 620 2222; x_wconf 75' lang='grc' dir='ltr'><strong>οἷς</strong></span> <span class='ocrx_word' id='word_1_174' title='bbox 649 2173 889 2227; x_wconf 73' lang='grc' dir='ltr'><em>γεγόνασιν</em></span> <span class='ocrx_word' id='word_1_175' title='bbox 921 2173 970 2215; x_wconf 82' lang='lat' dir='ltr'><strong>ac</strong></span> <span class='ocrx_word' id='word_1_176' title='bbox 999 2174 1242 2226; x_wconf 82' lang='grc' dir='ltr'><em>διαλύσεις·</em></span> <span class='ocrx_word' id='word_1_177' title='bbox 1273 2181 1411 2218; x_wconf 85' lang='grc' dir='ltr'><em>ταῦτα</em></span> <span class='ocrx_word' id='word_1_178' title='bbox 1443 2175 1527 2231; x_wconf 78' lang='grc' dir='ltr'><strong>γὰρ</strong></span> 
     </span>
     <span class='ocr_line' id='line_1_27' title="bbox 443 2244 1551 2303; baseline 0.005 -18"><span class='ocrx_word' id='word_1_179' title='bbox 443 2245 832 2300; x_wconf 73' lang='grc' dir='ltr'><em>πολυπραγμονῶν</em></span> <span class='ocrx_word' id='word_1_180' title='bbox 862 2250 948 2287; x_wconf 86' lang='grc' dir='ltr'><strong>νῦν</strong></span> <span class='ocrx_word' id='word_1_181' title='bbox 980 2244 1004 2288; x_wconf 92' lang='grc' dir='ltr'>ὁ</span> <span class='ocrx_word' id='word_1_182' title='bbox 1036 2247 1281 2302; x_wconf 80' lang='grc' dir='ltr'><em>κατάρατος</em></span> <span class='ocrx_word' id='word_1_183' title='bbox 1311 2254 1551 2303; x_wconf 80' lang='grc' dir='ltr'><em>περιπατεῖ.</em></span> 
     </span>
    </p>
   </div>
   <div class='ocr_carea' id='block_1_11' title="bbox 229 2329 1810 2918">
    <p class='ocr_par' dir='ltr' id='par_1_11' title="bbox 229 2329 1810 2918">
     <span class='ocr_line' id='line_1_28' title="bbox 348 2329 1809 2388; baseline 0.005 -20"><span class='ocrx_word' id='word_1_184' title='bbox 348 2329 590 2369; x_wconf 78' lang='lat' dir='ltr'><strong>Plutarchus</strong></span> <span class='ocrx_word' id='word_1_185' title='bbox 623 2330 720 2371; x_wconf 84' lang='lat' dir='ltr'><strong>Mor.</strong></span> <span class='ocrx_word' id='word_1_186' title='bbox 754 2333 874 2371; x_wconf 81' lang='lat' dir='ltr'><strong>519a</strong></span> <span class='ocrx_word' id='word_1_187' title='bbox 916 2329 937 2371; x_wconf 85' lang='grc' dir='ltr'><em>ὅ</em></span> <span class='ocrx_word' id='word_1_188' title='bbox 976 2329 1048 2383; x_wconf 84' lang='grc' dir='ltr'><strong>μὲν</strong></span> <span class='ocrx_word' id='word_1_189' title='bbox 1091 2331 1166 2385; x_wconf 79' lang='grc' dir='ltr'><strong>γὰρ</strong></span> <span class='ocrx_word' id='word_1_190' title='bbox 1210 2331 1404 2385; x_wconf 83' lang='grc' dir='ltr'><em>ἀληθινὸς</em></span> <span class='ocrx_word' id='word_1_191' title='bbox 1448 2333 1597 2382; x_wconf 79' lang='grc' dir='ltr'><em>ἐκεῖνος</em></span> <span class='ocrx_word' id='word_1_192' title='bbox 1639 2334 1809 2388; x_wconf 75' lang='grc' dir='ltr'><em>γεωργὸς</em></span> 
     </span>
     <span class='ocr_line' id='line_1_29' title="bbox 230 2386 1810 2447; baseline 0.005 -20"><span class='ocrx_word' id='word_1_193' title='bbox 230 2386 324 2428; x_wconf 82' lang='grc' dir='ltr'><em>οὐδὲ</em></span> <span class='ocrx_word' id='word_1_194' title='bbox 362 2387 431 2428; x_wconf 83' lang='grc' dir='ltr'><strong>τὸν</strong></span> <span class='ocrx_word' id='word_1_195' title='bbox 468 2387 698 2441; x_wconf 81' lang='grc' dir='ltr'><em>αὐτομάτως</em></span> <span class='ocrx_word' id='word_1_196' title='bbox 736 2388 946 2443; x_wconf 78' lang='grc' dir='ltr'><em>ἐρχόμενον</em></span> <span class='ocrx_word' id='word_1_197' title='bbox 984 2390 1026 2431; x_wconf 82' lang='grc' dir='ltr'><strong>ἐκ</strong></span> <span class='ocrx_word' id='word_1_198' title='bbox 1057 2391 1207 2440; x_wconf 86' lang='grc' dir='ltr'><em>πόλεως</em></span> <span class='ocrx_word' id='word_1_199' title='bbox 1244 2393 1362 2447; x_wconf 77' lang='grc' dir='ltr'><em>λόγον</em></span> <span class='ocrx_word' id='word_1_200' title='bbox 1399 2391 1527 2445; x_wconf 70' lang='grc' dir='ltr'><em>’ἡδέως</em></span> <span class='ocrx_word' id='word_1_201' title='bbox 1556 2392 1810 2447; x_wconf 84' lang='grc' dir='ltr'><em>προσδέχεται</em></span> 
     </span>
     <span class='ocr_line' id='line_1_30' title="bbox 230 2445 1810 2505; baseline 0.005 -18"><span class='ocrx_word' id='word_1_202' title='bbox 230 2445 354 2501; x_wconf 80' lang='grc' dir='ltr'><em>λέγων</em></span> <span class='ocrx_word' id='word_1_203' title='bbox 390 2451 468 2488; x_wconf 83' lang='grc' dir='ltr'><strong><em>κτλ.</em></strong></span> <span class='ocrx_word' id='word_1_204' title='bbox 529 2449 635 2489; x_wconf 85' lang='lat' dir='ltr'><strong>idem</strong></span> <span class='ocrx_word' id='word_1_205' title='bbox 675 2452 791 2490; x_wconf 78' lang='lat'>5110</span> <span class='ocrx_word' id='word_1_206' title='bbox 830 2447 1080 2503; x_wconf 86' lang='lat' dir='ltr'><strong>(Romanum</strong></span> <span class='ocrx_word' id='word_1_207' title='bbox 1118 2465 1279 2493; x_wconf 86' lang='lat' dir='ltr'><strong>servum</strong></span> <span class='ocrx_word' id='word_1_208' title='bbox 1315 2459 1440 2505; x_wconf 76' lang='lat' dir='ltr'><strong>negat</strong></span> <span class='ocrx_word' id='word_1_209' title='bbox 1478 2454 1692 2505; x_wconf 87' lang='lat' dir='ltr'><strong>quiequam</strong></span> <span class='ocrx_word' id='word_1_210' title='bbox 1730 2468 1810 2495; x_wconf 90' lang='lat' dir='ltr'><strong>non</strong></span> 
     </span>
     <span class='ocr_line' id='line_1_31' title="bbox 229 2507 1808 2570; baseline 0.004 -24"><span class='ocrx_word' id='word_1_211' title='bbox 229 2508 523 2560; x_wconf 74' lang='lat' dir='ltr'><strong>interrogatum</strong></span> <span class='ocrx_word' id='word_1_212' title='bbox 549 2509 679 2549; x_wconf 82' lang='lat' dir='ltr'><strong>dicere</strong></span> <span class='ocrx_word' id='word_1_213' title='bbox 706 2507 882 2562; x_wconf 86' lang='lat' dir='ltr'><strong>audere),</strong></span> <span class='ocrx_word' id='word_1_214' title='bbox 915 2508 936 2550; x_wconf 84' lang='grc' dir='ltr'><em>ὅ</em></span> <span class='ocrx_word' id='word_1_215' title='bbox 964 2507 1000 2550; x_wconf 85' lang='grc' dir='ltr'><strong>δ’</strong></span> <span class='ocrx_word' id='word_1_216' title='bbox 1026 2507 1197 2560; x_wconf 84' lang='grc' dir='ltr'><em>Ἀττικὸς</em></span> <span class='ocrx_word' id='word_1_217' title='bbox 1227 2511 1312 2565; x_wconf 79' lang='grc' dir='ltr'><em>ἐρεῖ</em></span> <span class='ocrx_word' id='word_1_218' title='bbox 1336 2515 1388 2570; x_wconf 77' lang='grc' dir='ltr'><strong>τῷ</strong></span> <span class='ocrx_word' id='word_1_219' title='bbox 1422 2512 1590 2569; x_wconf 83' lang='grc' dir='ltr'><em>δεσπότῃ</em></span> <span class='ocrx_word' id='word_1_220' title='bbox 1623 2513 1808 2554; x_wconf 82' lang='grc' dir='ltr'><em>σκάπτων</em></span> 
     </span>
     <span class='ocr_line' id='line_1_32' title="bbox 231 2562 1808 2624; baseline 0.005 -19"><span class='ocrx_word' id='word_1_221' title='bbox 231 2563 296 2618; x_wconf 80' lang='grc' dir='ltr'><strong>ἐφ’</strong></span> <span class='ocrx_word' id='word_1_222' title='bbox 331 2562 392 2614; x_wconf 85' lang='grc' dir='ltr'><strong>οἷς</strong></span> <span class='ocrx_word' id='word_1_223' title='bbox 428 2590 477 2596; x_wconf 92' lang='lat'><strong>--</strong></span> <span class='ocrx_word' id='word_1_224' title='bbox 513 2567 720 2617; x_wconf 85' lang='grc' dir='ltr'><em>διαλύσεις.</em></span> <span class='ocrx_word' id='word_1_225' title='bbox 783 2583 863 2609; x_wconf 91' lang='lat' dir='ltr'><strong>non</strong></span> <span class='ocrx_word' id='word_1_226' title='bbox 900 2572 1008 2610; x_wconf 81' lang='lat' dir='ltr'><strong>recte</strong></span> <span class='ocrx_word' id='word_1_227' title='bbox 1047 2572 1144 2611; x_wconf 88' lang='lat' dir='ltr'><strong>haee</strong></span> <span class='ocrx_word' id='word_1_228' title='bbox 1182 2572 1471 2624; x_wconf 53' lang='lat' dir='ltr'><strong>interpretamus</strong></span> <span class='ocrx_word' id='word_1_229' title='bbox 1510 2575 1572 2612; x_wconf 77' lang='lat' dir='ltr'><strong>est</strong></span> <span class='ocrx_word' id='word_1_230' title='bbox 1602 2574 1808 2614; x_wconf 88' lang='lat' dir='ltr'><strong>Iacobsius</strong></span> 
     </span>
     <span class='ocr_line' id='line_1_33' title="bbox 231 2627 1808 2685; baseline 0.006 -21"><span class='ocrx_word' id='word_1_231' title='bbox 231 2639 294 2677; x_wconf 88' lang='lat' dir='ltr'><strong>ap.</strong></span> <span class='ocrx_word' id='word_1_232' title='bbox 326 2627 445 2666; x_wconf 87' lang='lat' dir='ltr'><strong>Mein.</strong></span> <span class='ocrx_word' id='word_1_233' title='bbox 465 2628 649 2668; x_wconf 87' lang='lat' dir='ltr'><strong>Menand.</strong></span> <span class='ocrx_word' id='word_1_234' title='bbox 668 2630 738 2668; x_wconf 86' lang='lat' dir='ltr'><strong>rel.</strong></span> <span class='ocrx_word' id='word_1_235' title='bbox 769 2643 807 2680; x_wconf 90' lang='lat' dir='ltr'><strong>p.</strong></span> <span class='ocrx_word' id='word_1_236' title='bbox 829 2631 896 2670; x_wconf 86' lang='lat'><strong>38.</strong></span> <span class='ocrx_word' id='word_1_237' title='bbox 948 2632 1042 2670; x_wconf 77' lang='lat' dir='ltr'><strong>sunt</strong></span> <span class='ocrx_word' id='word_1_238' title='bbox 1072 2631 1196 2671; x_wconf 79' lang='lat' dir='ltr'><strong>verba</strong></span> <span class='ocrx_word' id='word_1_239' title='bbox 1227 2632 1378 2672; x_wconf 86' lang='lat' dir='ltr'><strong>domini</strong></span> <span class='ocrx_word' id='word_1_240' title='bbox 1409 2633 1670 2685; x_wconf 75' lang='lat' dir='ltr'><strong>indignantis,</strong></span> <span class='ocrx_word' id='word_1_241' title='bbox 1703 2635 1808 2685; x_wconf 88' lang='lat' dir='ltr'><strong>quod</strong></span> 
     </span>
     <span class='ocr_line' id='line_1_34' title="bbox 231 2687 1807 2740; baseline 0.004 -15"><span class='ocrx_word' id='word_1_242' title='bbox 231 2699 371 2726; x_wconf 85' lang='lat' dir='ltr'><strong>servus</strong></span> <span class='ocrx_word' id='word_1_243' title='bbox 409 2687 595 2738; x_wconf 70' lang='lat' dir='ltr'><strong>garrulus</strong></span> <span class='ocrx_word' id='word_1_244' title='bbox 627 2689 692 2728; x_wconf 88' lang='lat' dir='ltr'><strong>vel</strong></span> <span class='ocrx_word' id='word_1_245' title='bbox 722 2689 829 2728; x_wconf 78' lang='lat' dir='ltr'><strong>inter</strong></span> <span class='ocrx_word' id='word_1_246' title='bbox 866 2702 988 2740; x_wconf 87' lang='lat' dir='ltr'><strong>opera</strong></span> <span class='ocrx_word' id='word_1_247' title='bbox 1019 2691 1172 2730; x_wconf 79' lang='lat' dir='ltr'><strong>mstioa</strong></span> <span class='ocrx_word' id='word_1_248' title='bbox 1204 2692 1281 2731; x_wconf 89' lang='lat' dir='ltr'><strong>sibi</strong></span> <span class='ocrx_word' id='word_1_249' title='bbox 1319 2693 1420 2732; x_wconf 80' lang='lat' dir='ltr'><strong>talia</strong></span> <span class='ocrx_word' id='word_1_250' title='bbox 1456 2706 1536 2732; x_wconf 88' lang='lat' dir='ltr'><strong>non</strong></span> <span class='ocrx_word' id='word_1_251' title='bbox 1568 2693 1726 2732; x_wconf 79' lang='lat' dir='ltr'><strong>curanti</strong></span> <span class='ocrx_word' id='word_1_252' title='bbox 1759 2694 1807 2733; x_wconf 87' lang='lat' dir='ltr'><strong>de</strong></span> 
     </span>
     <span class='ocr_line' id='line_1_35' title="bbox 230 2747 1809 2801; baseline 0.005 -17"><span class='ocrx_word' id='word_1_253' title='bbox 230 2759 364 2784; x_wconf 88' lang='lat' dir='ltr'><strong>rerum</strong></span> <span class='ocrx_word' id='word_1_254' title='bbox 401 2747 652 2796; x_wconf 84' lang='lat' dir='ltr'><strong>publicarum</strong></span> <span class='ocrx_word' id='word_1_255' title='bbox 690 2750 802 2788; x_wconf 74' lang='lat' dir='ltr'><strong>statu</strong></span> <span class='ocrx_word' id='word_1_256' title='bbox 838 2752 986 2790; x_wconf 76' lang='lat' dir='ltr'><strong>narret.</strong></span> <span class='ocrx_word' id='word_1_257' title='bbox 1045 2751 1096 2789; x_wconf 87' lang='lat' dir='ltr'><strong>ad</strong></span> <span class='ocrx_word' id='word_1_258' title='bbox 1124 2751 1342 2790; x_wconf 85' lang='lat' dir='ltr'><strong>Menandri</strong></span> <span class='ocrx_word' id='word_1_259' title='bbox 1375 2752 1570 2801; x_wconf 40' lang='lat' dir='ltr'><strong>Geor-qum</strong></span> <span class='ocrx_word' id='word_1_260' title='bbox 1608 2753 1809 2792; x_wconf 79' lang='lat' dir='ltr'><strong>referebat</strong></span> 
     </span>
     <span class='ocr_line' id='line_1_36' title="bbox 233 2805 1806 2863; baseline 0.006 -20"><span class='ocrx_word' id='word_1_261' title='bbox 233 2805 422 2856; x_wconf 88' lang='lat' dir='ltr'><strong>Toupius.</strong></span> <span class='ocrx_word' id='word_1_262' title='bbox 473 2806 542 2845; x_wconf 87' lang='lat' dir='ltr'><strong>sed</strong></span> <span class='ocrx_word' id='word_1_263' title='bbox 573 2819 663 2846; x_wconf 85' lang='lat' dir='ltr'><strong>cum</strong></span> <span class='ocrx_word' id='word_1_264' title='bbox 694 2808 924 2859; x_wconf 83' lang='lat' dir='ltr'><strong>ignoremus</strong></span> <span class='ocrx_word' id='word_1_265' title='bbox 957 2822 1059 2860; x_wconf 88' lang='lat' dir='ltr'><strong>quae</strong></span> <span class='ocrx_word' id='word_1_266' title='bbox 1091 2810 1271 2850; x_wconf 81' lang='lat' dir='ltr'><strong>indutiae</strong></span> <span class='ocrx_word' id='word_1_267' title='bbox 1305 2812 1592 2863; x_wconf 80' lang='lat' dir='ltr'><strong>significentur,</strong></span> <span class='ocrx_word' id='word_1_268' title='bbox 1623 2826 1673 2852; x_wconf 85' lang='lat' dir='ltr'><strong>ne</strong></span> <span class='ocrx_word' id='word_1_269' title='bbox 1706 2813 1806 2852; x_wconf 85' lang='lat' dir='ltr'><strong>illud</strong></span> 
     </span>
     <span class='ocr_line' id='line_1_37' title="bbox 231 2865 1346 2918; baseline 0.005 -14"><span class='ocrx_word' id='word_1_270' title='bbox 231 2865 391 2915; x_wconf 88' lang='lat' dir='ltr'><strong>quidem</strong></span> <span class='ocrx_word' id='word_1_271' title='bbox 423 2868 599 2918; x_wconf 78' lang='lat' dir='ltr'><strong>constat,</strong></span> <span class='ocrx_word' id='word_1_272' title='bbox 630 2868 762 2907; x_wconf 78' lang='lat' dir='ltr'><strong>utrius</strong></span> <span class='ocrx_word' id='word_1_273' title='bbox 794 2869 1022 2908; x_wconf 78' lang='lat' dir='ltr'><strong>comoediae</strong></span> <span class='ocrx_word' id='word_1_274' title='bbox 1054 2870 1151 2909; x_wconf 84' lang='lat' dir='ltr'><strong>haee</strong></span> <span class='ocrx_word' id='word_1_275' title='bbox 1184 2871 1346 2910; x_wconf 79' lang='lat' dir='ltr'><strong>fuerint.</strong></span> 
     </span>
    </p>
   </div>
  </div>
 </body>
</html>
