2014 3334
260 224 345 266 734
671 224 674 228 ’
775 223 1122 257 SUPPLEMENTA
1146 222 1253 256 von.
1281 222 1318 254 11

377 337 472 386 100,
506 337 542 373 3.
576 332 708 373 ἐλθεῖν
740 330 800 373 ἐπ’
836 331 946 373 ου’δει
979 334 1063 384 ipse
1095 333 1212 372 reicit
1241 332 1448 372 Nauckius
1479 333 1570 371 Mel.
1602 332 1639 370 V
1673 334 1768 372 233.

375 397 455 434 101
500 394 605 432 inter
642 395 869 445 fragmenta
907 393 1149 431 incertarum
1183 393 1412 431 fabularum
1443 392 1695 432 referendum
1725 394 1823 433 erat.
1882 383 1889 392 ’

255 456 302 493 cf.
336 453 380 493 O.
408 453 574 492 Orusius
607 467 643 503 p.
673 454 768 492 608.
798 455 835 491 9.

379 515 475 562 105,
502 515 538 551 2.
579 514 687 551 errat
711 511 1003 551 Herwerdenus
1028 511 1171 550 Mnem.
1197 525 1235 550 n.
1259 513 1354 550 173.
1376 512 1403 550 4
1433 508 1590 567 Θρῄκης
1616 509 1824 562 εὐνόμου

254 571 376 612 πέδον
420 572 469 611 ad
510 570 650 622 νόμος,
695 584 775 611 11011
813 572 862 610 ad
899 569 1022 623 νομός
1059 572 1246 610 referens.
1309 570 1417 621 apud
1447 570 1693 621 Aeschylum
1731 583 1826 610 sane

255 630 416 684 εὔνομοι
454 630 619 670 Σκύθαι
657 635 751 670 sunt
791 631 949 682 legibus
993 630 1093 669 bene
1133 630 1405 681 oboedientes,
1446 627 1616 681 εὔνομος
1654 629 1826 669 Thracia

255 694 316 731 est
342 693 502 740 pascuis
534 692 645 730 laeta.
697 691 739 729 in
770 703 859 729 mea
890 690 1147 730 adnotatione
1179 689 1372 740 Aeschyli
1404 690 1727 729 commemoratio
1757 690 1823 728 de-

256 752 374 790 lenda
409 753 480 790 est.

378 812 473 860 109,
502 812 539 849 3.
567 810 613 848 cf.
640 810 805 848 Philem.
835 811 900 849 65.
948 810 1130 848 Menand.
1152 810 1251 859 537,
1273 810 1309 848 6.
1354 809 1484 847 Plaut.
1505 809 1645 848 Pseud.
1669 811 1706 859 2,
1728 811 1766 860 3,
1787 810 1824 847 5.

379 872 473 920 113,
501 872 537 908 2.
570 869 733 908 Lucian.
767 870 947 908 Eunuch.
975 870 1000 908 8
1027 867 1069 908 τὸ
1095 874 1165 908 τοῦ
1191 867 1385 920 εὐνούχου
1410 866 1476 907 καὶ
1501 873 1579 908 τῶν
1605 867 1826 920 βακήλων

255 932 384 981 χεῖρον
423 924 540 968 εἶναι·
579 928 672 976 τοὺς
710 926 783 981 μὲν
819 927 893 981 γὰρ
931 926 1008 968 κᾶν
1039 927 1306 976 πεπειρᾶσθαί
1333 942 1426 967 ποτε
1458 926 1655 981 ἀνδρείας,
1685 933 1826 967 τοῦτον

257 987 298 1027 δὲ
331 987 369 1036 ἐξ
401 987 521 1040 ἀρχῆς
554 987 679 1035 εὐθὺς
710 986 990 1039 ἀποκεκόφθαι
1020 987 1086 1027 καὶ
1111 986 1336 1040 ἀμφίβολόν
1355 1003 1391 1027 τι
1415 988 1516 1043 ζῷον
1543 982 1655 1027 εἶναι.
1711 990 1748 1027 4.
1776 988 1824 1027 de

259 1050 462 1088 Theodecte
492 1048 733 1087 testimoniis
766 1048 855 1087 add.
889 1049 993 1087 Plut.
1026 1048 1138 1087 Alex.
1168 1050 1235 1087 17.

377 1110 474 1147 121.
518 1108 704 1147 dissentit
748 1108 796 1147 de
840 1110 1002 1147 auctore
1046 1108 1238 1159 Hesychii
1286 1108 1462 1158 glossam
1507 1108 1585 1146 huo
1628 1107 1828 1157 pertinere

258 1181 408 1219 negans
440 1168 594 1206 Kaibel.
627 1168 668 1206 in
700 1167 843 1206 Athen.

379 1229 475 1278 122,
510 1229 546 1266 2.
579 1224 605 1278 ἢ
636 1226 673 1265 τί
701 1240 793 1266 ποτε
825 1225 893 1266 τὸν
925 1227 1146 1267 σπουδαῖον
1178 1225 1419 1266 ἀκολουθεῖν
1450 1228 1528 1265 κτλ.
1559 1226 1714 1265 Kaibel.

381 1289 476 1338 123,
504 1288 540 1326 3.
573 1300 709 1326 veram
736 1300 821 1326 esse
841 1287 1031 1326 Meinekii
1057 1287 1431 1338 interpretationem
1456 1289 1595 1326 eontra
1613 1286 1660 1325 K.
1682 1286 1828 1325 Zache-

259 1361 348 1386 rum
379 1347 483 1385 Berl.
516 1347 618 1385 Phil.
653 1346 934 1386 Wochensehr.
969 1348 1093 1396 1886,
1128 1348 1209 1386 715
1243 1347 1328 1397 ipse
1360 1346 1610 1386 demonstrat
1638 1348 1769 1396 poeta.

380 1408 475 1445 126.
521 1407 678 1445 fallitur
724 1405 768 1445 O.
802 1405 967 1445 Crusius
1010 1420 1047 1457 p.
1086 1407 1169 1446 609
1216 1407 1264 1445 de
1308 1405 1584 1460 παρονομασία
1626 1406 1830 1445 nominum

262 1465 441 1516 Κύπριος
472 1469 514 1504 et
544 1464 716 1517 κόπριος.
766 1478 846 1516 qua
877 1466 910 1504 si
941 1465 1003 1504 uti
1034 1467 1227 1505 voluisset
1257 1467 1389 1517 poeta,
1427 1468 1697 1518 κοπροφαγεῖν
1736 1465 1830 1504 seri-

259 1526 409 1576 psisset
439 1538 511 1575 pro
544 1527 819 1578 σκατοφαγεῖν.

379 1586 476 1636 129,
498 1587 534 1624 7.
566 1585 748 1624 trimeter
769 1598 792 1623 a
810 1585 994 1623 Kaibelio
1026 1585 1212 1624 inventus
1243 1582 1286 1623 τὸ
1311 1584 1364 1632 τί;
1396 1582 1443 1623 τὰ
1469 1583 1728 1636 μαλακόνωτα
1752 1586 1830 1624 κτλ.

264 1646 460 1695 quomodo
494 1648 601 1683 stare
632 1644 759 1695 possit
789 1658 868 1684 non
899 1644 1026 1684 video.

380 1706 463 1743 132
480 1706 519 1743 et
535 1706 631 1744 133.
664 1704 870 1743 Eustathii
882 1703 1157 1743 testimonium
1174 1705 1340 1754 261,15
1363 1703 1451 1742 add.
1473 1702 1516 1742 O.
1531 1703 1717 1742 Kaehler.
1733 1705 1829 1743 903.

380 1765 475 1803 134.
514 1764 791 1816 coniungenda
828 1765 923 1803 sunt
960 1764 1083 1803 verba
1120 1762 1300 1814 οἰνάριον
1337 1764 1503 1814 πίνομεν
1535 1759 1726 1818 ὀξυβάφῳ
1756 1776 1828 1802 πο-

260 1823 395 1879 τηρίῳ,
426 1823 531 1873 quod
563 1837 704 1875 moneo
736 1826 901 1874 propter
931 1822 1175 1862 Kaehlerum
1207 1819 1263 1877 (p.
1293 1819 1411 1876 900).

381 1883 445 1921 Ad
478 1882 667 1932 Corycum
697 1884 869 1922 fortasse
900 1883 1078 1934 pertinet
1109 1883 1242 1933 adesp.
1276 1885 1372 1922 207.

383 1945 477 1992 140,
513 1944 535 1981 1
570 1940 692 1996 ἐγχέοι
723 1943 981 1982 Rutherford.
1014 1945 1054 1982 et
1086 1943 1296 1993 Bamberg.

383 2004 479 2053 144,
506 2004 530 2041 3
563 2003 720 2041 fallitur
748 2003 794 2041 K.
822 2003 1032 2052 Zaoherus,
1063 2015 1149 2041 oum
1182 2004 1348 2053 propter
1378 2003 1501 2042 verba
1532 1999 1575 2040 ἐν
1607 2000 1715 2048 ὅσοις
1739 2014 1775 2039 v.
1802 2002 1828 2039 4
1880 2032 1883 2035 .

264 2063 515 2101 scribendum
547 2064 665 2112 putat
695 2066 816 2102 πονεῖ
839 2062 890 2101 τί.

385 2123 479 2161 152.
514 2122 561 2160 cf.
594 2123 694 2162 Poll.
729 2125 767 2173 3,
792 2124 860 2162 41.
895 2124 933 2173 6,
961 2123 1028 2162 13.
1060 2121 1253 2161 Alexand.
1286 2135 1383 2160 eom.
1411 2123 1449 2161 3.

383 2183 477 2220 159.
511 2181 616 2220 inter
648 2182 746 2220 duas
778 2195 967 2232 personas
999 2182 1074 2220 hoe
1106 2182 1152 2220 fr.
1186 2181 1394 2220 distribuit
1425 2180 1644 2219 Kaibelius.

382 2243 478 2292 160,
512 2243 548 2279 2.
581 2238 722 2292 ἄλιμον
754 2242 876 2280 etiam
907 2242 1011 2280 Plut.
1045 2241 1143 2280 Mor.
1172 2241 1324 2280 157df.
1375 2254 1476 2291 quae
1505 2240 1556 2282 ,de
1588 2237 1741 2290 ἀλίμοις
1765 2236 1831 2278 καὶ

262 2299 423 2352 ἀδίψοις
460 2303 626 2352 τροφαῖς
663 2302 1010 2353 Pythagoreorum
1049 2300 1299 2351 Porphyrius
1341 2300 1504 2350 exponit
1540 2299 1623 2338 Vit.
1661 2299 1831 2349 Pythag.

264 2363 318 2400 34
353 2357 406 2412 (p.
436 2362 503 2411 27,
531 2362 586 2399 20
617 2357 789 2414 Nauck.)
821 2374 869 2400 ex
894 2361 997 2400 falsa
1028 2361 1136 2400 vocis
1170 2359 1435 2410 originatione
1467 2362 1557 2399 orta
1588 2360 1692 2398 sunt.

385 2423 480 2471 163,
514 2422 552 2459 8.
585 2434 663 2460 non
694 2421 897 2471 persuasit
929 2420 1026 2459 mihi
1060 2419 1105 2458 Ο.
1132 2420 1314 2458 Kaehler.
1346 2433 1383 2469 p.
1412 2421 1508 2494 901.

385 2482 480 2530 164,
515 2482 538 2519 3
572 2479 753 2519 θύσωσιν
785 2481 938 2519 Nauck.

385 2541 481 2580 168.
514 2540 697 2579 Eustath.
734 2541 860 2591 1434,
894 2542 947 2579 62
982 2539 1070 2578 add.
1103 2538 1148 2578 O.
1174 2539 1359 2578 Kaehler.
1394 2540 1491 2578 903.

386 2601 481 2648 171,
516 2601 540 2638 2
573 2597 800 2647 ἀποπνίξεις
830 2596 909 2650 ήδη
942 2614 988 2651 με
1020 2600 1160 2638 eontra
1189 2599 1361 2637 me'trum
1393 2597 1496 2636 Ellis
1529 2597 1664 2637 Amer.
1689 2597 1828 2636 Journ.

263 2660 358 2709 phil.
392 2659 450 2697 VI
483 2660 520 2697 1.

386 2717 660 2769 Οἰωνιστής.
709 2719 853 2757 Euseb.
887 2718 1026 2768 Praep.
1060 2731 1117 2757 ev.
1153 2719 1220 2768 10,
1252 2719 1290 2766 3,
1325 2719 1377 2756 13
1411 2717 1545 2755 Dindf.

386 2780 481 2829 173,
515 2779 552 2816 1.
585 2772 628 2817 εὖ
661 2774 697 2816 δ’
733 2773 870 2831 ἐγίνετ’
906 2776 942 2816 εἰ
974 2774 1130 2816 Kaibel.

385 2839 481 2876 174.
532 2836 678 2877 Christ.
723 2838 836 2876 Metr.
883 2838 908 2886 ἓ
949 2838 1032 2877 238
1079 2837 1209 2876 adfert
1254 2836 1300 2874 K.
1341 2836 1538 2875 Zacherus
1582 2835 1688 2873 Berl.
1731 2834 1828 2885 phil.

267 2897 546 2937 Woehensohr.
581 2899 714 2950 1886,
755 2898 854 2947 714,
894 2897 1082 2936 dubitans
1119 2896 1166 2935 de
1206 2896 1444 2947 necessitate
1482 2907 1670 2934 versuum
1699 2895 1829 2933 trans-
