2014 3334
289 211 374 254 208
593 240 596 245 s
930 213 1228 248 MENANAPOT

1029 347 1113 389 733

575 427 623 470 ἐν
654 428 781 471 νυκτὶ
812 429 992 484 βουλάς,
1026 430 1132 486 ὅπερ
1164 430 1299 473 ἅπασι
1329 433 1512 486 γίνεται,

575 501 729 550 διδοὺς
760 499 942 558 ἐμαυτῷ.

407 587 634 638 Etymolog.
662 586 764 625 Gud.
786 589 883 637 222,
917 589 974 626 40
1005 586 1196 640 εὐφρόνη,
1228 586 1254 639 ἡ
1286 589 1373 639 νύξ,
1404 588 1511 641 παρὰ
1542 588 1584 629 τὸ
1616 583 1660 629 εὖ
1692 593 1858 642 φρονεῖν

289 645 331 685 ἐν
357 644 471 701 αὐτῇ,
496 644 549 693 ὡς
574 644 816 699 Μένανδρος
840 650 916 686 κτλ.
966 648 1081 687 indic.
1102 648 1255 687 Nauck.
1276 649 1418 688 Philol.
1439 649 1521 687 IIII
1543 651 1640 689 360.
1681 650 1858 701 Etymol.

289 721 339 744 m.
373 708 471 756 399,
505 708 557 745 51
601 704 622 745 ὁ
654 705 825 758 χρησμός
856 703 953 754 ’νὺξ
990 705 1056 746 καὶ
1093 704 1251 759 βουλή’,
1286 709 1357 747 ubi
1389 709 1471 747 cod.
1505 709 1615 748 Sorb.
1649 708 1774 748 Gaisf.
1805 707 1859 756 ὣς

288 763 547 818 Μένανδρος·
591 764 633 804 ἐν
673 764 785 805 νυκτὶ
828 766 966 818 βουλή.
1027 770 1195 806 monost.
1238 769 1323 807 150
1367 766 1409 807 ἐν
1453 766 1566 807 νυκτὶ
1607 767 1733 820 βουλὴ
1777 772 1859 816 τοῖς

288 828 451 876 σοφοῖσι
487 825 644 878 γίνεται.
708 826 849 865 Liban.
880 826 962 865 IIII
995 828 1093 877 878,
1128 829 1180 865 26
1209 827 1255 866 R.
1304 826 1371 866 τὸν
1407 825 1612 879 ἆπανταχῆ
1649 828 1858 880 περιφερό-

288 899 410 936 μενον
442 885 497 932 τίς
529 884 603 924 οὐκ
635 880 718 924 οἶδε
749 884 881 938 λόγον,
914 885 956 933 ὅς
981 896 1080 936 φησι
1106 886 1189 925 δεῖν
1215 885 1257 925 ἐν
1284 885 1395 926 νυκτὶ
1426 887 1575 939 βουλῆς
1606 886 1774 939 ἔχεσθαι,
1818 891 1858 927 et

287 945 372 983 IIII
395 946 493 994 881,
520 947 571 984 18
605 943 677 995 τὴν
708 945 924 997 παροιμίαν
957 943 1127 996 ἐποίησε,
1157 944 1225 993 τὰς
1255 945 1403 998 βουλὰς
1435 946 1489 994 εἰς
1520 946 1588 986 τὸν
1619 952 1688 999 τῆς
1717 946 1859 995 νυκτὸς

288 1002 398 1057 ἄγειν
428 1003 578 1056 καιρόν.
642 1005 690 1043 cf.
724 1005 843 1043 etiam
878 1005 1019 1044 Zenob.
1055 1007 1093 1056 3,
1127 1008 1194 1045 97.
1244 1006 1479 1056 Diogenian.
1500 1007 1617 1047 Vind.
1652 1009 1690 1058 2,
1722 1009 1777 1046 46
1817 1010 1858 1046 et

288 1065 505 1115 utrubique
537 1064 726 1103 Leutsch.
757 1077 801 1103 ac
832 1065 913 1103 iam
938 1065 1128 1104 Herodot.
1160 1068 1196 1116 7,
1233 1068 1285 1104 12
1318 1064 1429 1104 νυκτὶ
1462 1063 1504 1104 δὲ
1535 1065 1688 1118 βουλὴν
1721 1065 1858 1113 διδοὺς

289 1120 471 1177 (Ξέρξης)
505 1121 658 1175 εὕρισκέ
689 1123 731 1163 οἵ
758 1122 807 1163 οὐ
838 1129 1000 1177 πρῆγμα
1031 1119 1132 1163 εἶναι
1163 1125 1454 1176 στρατεύεσθαι.

1036 1265 1122 1307 734

575 1346 601 1388 ἃ
632 1347 716 1402 γὰρ
749 1344 849 1401 μεθ’
886 1346 1055 1403 ἡμέραν
1085 1363 1150 1398 τις
1182 1347 1444 1403 ἐσπούδασε,

573 1414 694 1460 ταῦτ’
730 1414 820 1460 εἶδε
851 1419 1037 1475 νύκτωρ.

408 1517 537 1556 Schol.
575 1517 691 1556 Hom.
729 1517 775 1555 ll.
815 1519 859 1567 2,
899 1518 955 1556 80
997 1518 1080 1556 cod.
1121 1518 1208 1557 Par.
1244 1520 1356 1557 2556
1404 1531 1465 1568 ap.
1506 1517 1679 1557 Cramer.
1711 1517 1858 1557 Anecd.

290 1577 379 1615 Par.
401 1577 463 1615 III
487 1579 582 1625 148,
611 1579 662 1615 21
693 1571 892 1629 (Νέστωρ)
923 1576 1132 1624 πιστεύσας
1162 1580 1215 1633 τῷ
1248 1575 1335 1630 (τοῦ
1363 1573 1673 1631 Ἀγαμέμνονος)
1706 1575 1859 1633 ὀνείρῳ,

289 1633 428 1675 ὁποῖόν
472 1651 507 1675 τι
550 1634 793 1687 Μένανδρος
831 1635 1026 1687 ἐπεφώνει
1069 1636 1191 1676 εἰπών
1229 1640 1305 1676 κτλ.
1389 1641 1425 1676 1.
1463 1636 1570 1676 πάνυ
1608 1651 1664 1684 τις
1697 1638 1858 1676 Mehler.

288 1697 433 1735 Mnem.
453 1696 473 1735 I
496 1698 592 1735 145.
636 1710 691 1743 τις
711 1692 922 1743 ἐσπούδαζ’
957 1695 1056 1748 ἔχων
1076 1697 1266 1736 Piccolos.
1317 1695 1576 1744 ἕξεσπούὸακε
1599 1697 1718 1736 Mein.
1753 1697 1858 1748 quod

288 1756 455 1796 verbum
487 1769 551 1795 me
582 1756 715 1808 legere
747 1769 825 1795 non
857 1756 1029 1795 memini.
1850 1758 1853 1760 ’

1036 1896 1120 1939 735

407 1983 651 2023 Plutarchus
677 1984 775 2023 Mor.
810 1985 928 2023 5240
969 1982 1041 2033 τήν
1072 1997 1114 2036 γε
1147 1981 1387 2035 χρηματικὴν
1420 1978 1618 2037 (πενίαν),
1650 1982 1703 2031 ὥς
1734 1994 1858 2034 φησιν

289 2040 310 2081 ὃ
342 2041 603 2095 Μένανδρος,
642 2038 697 2090 εἷς
734 2041 784 2081 ἂν
822 2043 936 2093 φίλος
977 2041 1231 2090 ἀπαλλάξειεν
1272 2041 1535 2095 εὐεργετήσας.
1598 2044 1645 2082 cf.
1678 2044 1727 2081 fr.
1760 2045 1856 2082 282.

289 2103 399 2141 aliud
419 2105 554 2142 tamen
580 2104 860 2154 fragmentum,
894 2116 982 2141 eum
1009 2102 1119 2141 illius
1146 2103 1367 2141 sententiae
1395 2103 1673 2153 opportunitas
1700 2102 1857 2153 saepius

289 2162 374 2200 sine
407 2162 528 2201 dubio
554 2163 720 2214 veniret,
752 2163 947 2213 respicere
974 2163 1091 2201 credo
1117 2162 1388 2201 Plutarchum.
1438 2163 1608 2201 fortasse
1640 2162 1858 2201 Menander

288 2221 447 2271 scripsit

632 2281 778 2332 ταύτην
811 2279 1068 2328 ἀπαλλάξειεν
1099 2276 1154 2328 εἷς
1185 2295 1240 2328 τις
1271 2279 1321 2320 ἂν
1353 2281 1467 2331 φίλος

634 2339 895 2393 εὐεργετήσας.

1035 2469 1119 2511 736

791 2585 800 2595 .
862 2552 1245 2608 εὐκαταφρόνητος
1275 2557 1326 2607 τῇ
1360 2555 1492 2608 στολῇ

574 2628 745 2680 εἴσειμι,
776 2622 850 2666 καὶ
881 2620 1005 2665 ταῦτ’
1042 2624 1104 2673 εἰς
1134 2616 1356 2677 γνναῖκας.

407 2722 536 2762 Schol.
556 2723 689 2773 Apoll.
710 2723 835 2762 Rhod.
865 2726 901 2773 1,
935 2724 1018 2762 724
1051 2719 1198 2769 ἄοπλος
1230 2719 1250 2760 ὅ
1278 2718 1415 2761 Ἰάσων
1447 2721 1502 2769 εἰς
1531 2720 1603 2773 τὴν
1628 2718 1855 2772 Ὑψιπύλης

288 2779 506 2834 εἰσέρχεται.
557 2780 659 2834 ἀνὴρ
690 2781 764 2835 γὰρ
796 2779 852 2820 ὢν
878 2781 946 2829 τὰς
975 2785 1167 2834 γυναῖκας
1198 2780 1247 2820 οὐ
1279 2780 1466 2821 δέδοικεν.
1522 2780 1588 2820 καὶ
1613 2778 1854 2832 Μένανδρος

287 2844 363 2880 κτλ.
426 2843 535 2893 loqui
573 2843 732 2881 videtur
773 2842 920 2893 aliquis
963 2843 1127 2892 propter
1164 2842 1283 2880 vilem
1322 2842 1513 2881 vestitum
1556 2842 1598 2879 in
1640 2841 1853 2880 mulierum

289 2903 443 2940 coetum
477 2903 628 2940 intrare
659 2915 800 2941 verens
833 2897 1000 2955 (Mein).
