2014 3334
821 237 1122 274 ΚῙΘΑΡΙΣΤΗΣ
1706 242 1761 285 81

930 384 1018 427 284

395 470 446 512 τὸ
478 466 619 525 μηδὲν
650 467 824 511 ἀδικεῖν
855 466 1070 523 ἐκμαθεῖν
1099 468 1201 525 γάρ,
1234 466 1268 511 ὦ
1301 470 1466 526 Λάχης,

396 540 574 583 ἀστεῖον
606 539 874 595 ἐπιτήδευμα
905 541 1044 596 κρίνω
1076 545 1137 597 τῷ
1170 541 1265 599 βίῳ.

300 627 498 668 Stobaeus
530 627 669 668 Floril.
691 629 729 680 9,
763 628 816 666 19
850 624 894 667 ἐν
925 624 1054 683 ταύτῷ
1087 622 1156 681 (ef.
1176 628 1223 667 fr.
1246 624 1352 681 283)
1378 628 1427 668 A.
1488 631 1523 669 1.
1555 628 1687 681 μηθὲν
1712 632 1760 671 A.

932 755 1021 799 285

682 841 964 896 φιλόμουσον
995 835 1077 882 εἶν’
1114 839 1252 882 αὐτὸν
1281 839 1415 895 πάνυ,

395 911 636 969 ἀκούσματ’
673 913 737 963 εἰς
767 913 945 969 τρυφήν
975 927 1022 954 τε
1054 910 1314 955 παιδεύεσθ’
1353 911 1432 955 ἀεί.

305 1000 538 1040 Athenaeus
574 1002 647 1052 12,
686 1001 812 1040 511·a
862 997 1108 1051 Μένανδρος
1153 997 1196 1039 ἐν
1237 1000 1480 1055 Κιθαρισττῇ
1523 1000 1615 1052 περί
1658 1016 1764 1049 τινος

180 1059 522 1113 μουσικευομένου
566 1058 690 1114 λέγων
734 1059 838 1111 φησί
872 1062 950 1099 κτλ.
1023 1062 1060 1098 2.
1087 1058 1167 1099 αιέί
1187 1059 1236 1098 A.
1278 1058 1525 1111 φιλόμουσός
1567 1059 1646 1100 ἐστι
1689 1060 1764 1115 γὰρ

178 1120 288 1161 πάνυ
338 1142 388 1148 -
431 1119 589 1175 τρυφήν
619 1116 653 1159 τ’
688 1118 750 1160 ἀεὶ
787 1119 1018 1159 παιδεύεται
1048 1120 1181 1171 Mein„
1214 1120 1285 1159 sed
1315 1133 1365 1159 ne
1398 1121 1454 1160 sic
1485 1118 1649 1171 quidem
1674 1135 1765 1172 per-

178 1183 398 1234 purgatum
435 1194 521 1221 esse
562 1182 609 1221 fr.
635 1182 802 1232 propter
839 1194 879 1220 τε
914 1193 994 1219 non
1028 1193 1100 1220 suo
1133 1180 1221 1220 Ιοοο
1253 1180 1433 1231 positum
1465 1183 1601 1220 censet
1632 1182 1692 1220 ed.
1729 1184 1764 1233 1,

182 1243 281 1282 568.
314 1243 486 1282 forizasse
517 1239 750 1281 παιδεύεταί
776 1236 810 1279 τ’
845 1236 1062 1292 ἀκούσματ’
1099 1238 1154 1288 εἰς
1184 1254 1240 1292 τρ.
1272 1238 1343 1279 ἀεί.

0 1363 22 1435 ἷῇ
730 1410 737 1421 7
929 1369 1016 1411 286

0 1439 17 1517 ξ
395 1453 476 1498 οὐκ
509 1454 760 1504 οἰκοσίτους
789 1453 895 1504 τοὺς
926 1451 1143 1510 ἀκροατὰς
1175 1453 1426 1509 λαμβάνεις.

299 1543 532 1582 Athenaeus
555 1544 593 1592 6,
627 1542 744 1582 247f
779 1538 1024 1593 Μένανδρος
1050 1570 1059 1579 .
1086 1569 1096 1579 .
1121 1569 1131 1579 .
1157 1538 1201 1580 ἐν
1220 1542 1445 1596 Κιθαριστῇ
1465 1543 1542 1580 κτλ.
1594 1543 1644 1583 cf.
1667 1544 1764 1582 103.

178 1603 398 1655 Antiphan.
430 1604 527 1644 200.
578 1598 629 1642 ‘si
653 1602 715 1642 vis
746 1602 894 1641 habere
914 1601 996 1652 ‚qui
1027 1603 1066 1640 te
1100 1601 1283 1652 audiant,
1315 1601 1468 1641 victum
1500 1602 1556 1641 eis
1587 1598 1763 1653 praebe?

930 1731 1016 1773 287

395 1815 512 1860 οὕτω
543 1831 586 1858 τι
616 1812 780 1873 πρᾶγμ’
817 1810 907 1858 ἔστ’
944 1813 1158 1857 ἐπίπονον
1183 1813 1233 1856 τὸ
1266 1814 1536 1872 προσδοκᾶν.

301 1903 500 1944 Stobaeus
532 1903 670 1943 Floril.
706 1904 804 1954 110,
839 1904 862 1942 9
908 1901 1159 1956 Μενάνδρου
1190 1903 1414 1958 Κιθαριστῇ
1446 1902 1495 1941 A.

932 2032 1018 2075 288

397 2117 456 2168 ὡς
486 2117 690 2160 ποικίλον
720 2111 887 2173 πρᾶγμ’
922 2114 1015 2158 ἐστὶ
1045 2114 1119 2158 καὶ
1149 2115 1321 2158 πλάνον
1351 2116 1472 2171 τύχη.

301 2204 498 2305 ὃῂοὒαὲιιε
528 2205 613 2244 ΕοΙ.
643 2207 679 2256 1,
708 2199 820 2258 7(8),
857 2206 878 2242 1
908 2203 1108 2243 Waohsm.
1155 2200 1398 2255 Μένανδρος
1424 2203 1659 2258 Κιθαριστῇ.
1715 2204 1762 2243 cf.

179 2266 354 2306 monost.
387 2267 409 2305 7
447 2266 485 2306 8.

930 2345 1017 2388 289

470 2429 654 2473 σκοῖδον
685 2431 918 2472 Διόνυσον

300 2517 470 2557 Photius
508 2516 684 2564 σκοῐδος·
727 2516 867 2568 ταμίας
907 2530 964 2564 τις
1007 2513 1074 2554 καὶ
1112 2513 1325 2566 διοικητὴς.
1389 2513 1676 2553 Μακεδονικὸν
1714 2509 1759 2554 δὲ

180 2576 222 2617 τὸ
255 2575 394 2630 ὄνομα.
445 2576 580 2630 διόπερ
607 2574 851 2629 Μένανδρος
881 2574 948 2616 καὶ
975 2574 1017 2615 ἐν
1042 2577 1266 2629 Κιθαριστῇ
1294 2585 1353 2614 σκ.
1379 2576 1428 2612 Δ.
1454 2571 1565 2626 λέγει.
1617 2574 1762 2613 Pollux

185 2640 250 2689 10,
287 2631 340 2678 1‘6
381 2635 468 2691 (τὸν
499 2632 802 2687 σκευοφυλακα)
839 2634 907 2676 καὶ
945 2634 1144 2675 σκοῖδόν
1181 2649 1283 2682 τινες
1321 2631 1548 2684 ὠνόμαζον,
1592 2631 1660 2673 τὸν
1697 2632 1762 2673 ἐπὶ

180 2702 271 2737 τῶν
303 2702 487 2737 σκευῶν
518 2695 561 2736 ἐν
591 2698 677 2744 ταῖς
707 2697 968 2750 βαρβαρικαῖς
993 2694 1252 2741 ἀποσκευαῖς·
1285 2691 1407 2745 ἕτεροι
1433 2690 1475 2732 δὲ
1501 2723 1510 2732 .
1531 2723 1540 2732 .
1561 2723 1570 2732 .
1596 2692 1665 2732 τὸν
1696 2692 1760 2733 ἐπὶ

179 2762 258 2797 τῶν
291 2757 463 2796 σιτίων.
525 2757 698 2808 Hesyeh.
731 2757 906 2804 σκοῖδος·
946 2754 1046 2809 ἀρχή
1078 2770 1135 2802 τις
1165 2753 1273 2806 παρὰ
1305 2752 1518 2792 Μακεδόσι
1548 2751 1760 2806 τεταγμένη

181 2815 245 2856 ἐπὶ
269 2822 347 2856 τῶν
374 2816 713 2869 δικαστηρίων·
745 2813 771 2867 ἡ
798 2814 898 2864 λέξις
928 2819 1051 2855 κεῖται
1075 2813 1119 2854 ἐν
1144 2817 1227 2861 ταῖς
1253 2812 1472 2859 ἐπιστολαῖς
1487 2809 1759 2865 Ἀλεξάνδρου.

180 2876 396 2917 Herodian.
435 2877 454 2915 I
497 2878 598 2927 142,
638 2878 661 2915 6
710 2876 967 2928 σεσημείωται
1010 2874 1052 2914 τὸ
1097 2874 1256 2921 σκοῖδος
1306 2871 1413 2925 παρὰ
1457 2872 1694 2912 Μακεδόσιν
1739 2870 1759 2911 ὁ

182 2935 258 2976 οἰκ
273 2951 324 2976 ον
334 2936 419 2988 όμο
432 2951 462 2984 ς.

254 3010 368 3036 Comici
388 3010 500 3043 graeci,
521 3010 566 3036 ed.
588 3010 643 3037 Th.
663 3010 760 3036 Koek.
780 3010 838 3036 ΙΙΙ.
1455 3001 1476 3030 6
