2014 3334
286 235 374 278 212
632 225 635 230 ’
929 239 1227 276 MENANAPOT

285 364 358 390 sua
382 350 550 402 iocatur,
582 350 678 389 dum
710 351 798 390 erili
824 352 906 391 filio
932 353 1135 403 promittit
1160 366 1202 393 se
1227 354 1384 404 puellae
1410 367 1529 406 quam
1562 356 1671 394 amat
1699 354 1853 406 copiam

284 412 321 448 ei
352 406 583 449 facturum&
616 410 709 450 Cob.
743 433 799 437 —
832 413 879 451 cf.
913 413 1089 463 Magnet.
1122 415 1159 453 5.
1210 413 1375 453 Philem.
1412 417 1478 454 77.

1031 528 1115 571 752

571 610 652 652 οὐκ
684 606 769 667 ἆρα
802 613 1025 674 φροντίζει
1056 627 1122 662 τις
1155 612 1277 667 ἡμῶν
1309 612 1336 668 ἢ
1368 614 1504 668 μόνος

592 684 710 733 θεός.

403 770 651 820 Theophilus
677 770 814 809 Autol.
837 771 877 820 2,
904 771 928 808 8
962 767 1204 824 Μένανδρος
1234 773 1311 810 κτλ.
1363 767 1500 822 (μόνος
1531 772 1702 812 fortasse
1726 772 1852 812 Theo-

282 828 384 879 phili
416 825 506 868 θεῖ’.
567 829 683 868 Mein.

1026 910 1110 952 753

786 1025 794 1033 .
856 993 935 1035 τὸν
966 999 1079 1035 νοῦν
1110 995 1223 1048 ἔχων
1253 993 1510 1050 ὑποχείριον

569 1065 630 1114 εἰς
660 1064 739 1106 τὸν
770 1064 910 1106 πίθον
942 1062 1125 1107 δέδωκα.

403 1150 578 1189 Galenus
616 1149 653 1187 V
693 1152 777 1188 412
817 1150 971 1190 Kuehn.
1034 1149 1127 1190 ὅταν
1176 1151 1407 1207 μνημονεύῃ
1452 1148 1740 1207 (Χρύσιππος)
1783 1158 1854 1194 τοῦ

284 1209 567 1262 Μενανδρείου
600 1207 735 1259 ἔπους,
767 1208 810 1248 ἐν
836 1201 867 1265 ᾧ
893 1221 992 1261 φησι
1022 1213 1114 1261 κτλ,
1145 1217 1329 1264 φανερῶς
1347 1210 1558 1251 κάνταῦθα
1576 1218 1855 1266 μαρτυροῦσαν

285 1269 491 1320 ἀπόφασιν
522 1274 567 1324 τῇ
599 1271 746 1324 παλαιᾷ
779 1268 874 1324 δόξῃ
905 1270 1174 1343 παρατίθεται.
1217 1271 1566 1323 indic.Be1gkius.
1609 1271 1856 1327 ὑποβρύχιον

283 1325 359 1384 (sie
377 1325 545 1382 Naber.)
577 1327 646 1367 τὸν
677 1334 778 1368 νοῦν
810 1327 908 1381 ἔχων
939 1329 995 1377 εἰς
1019 1329 1087 1370 τὸν
1117 1330 1243 1370 πίθον
1269 1329 1417 1370 δέδυκα
1436 1331 1574 1371 0011913.
1594 1333 1739 1372 Mnem.
1764 1346 1855 1373 nov.

280 1390 300 1428 I
329 1391 426 1429 353.
471 1389 663 1440 Diogenis
690 1389 844 1428 dolium
868 1389 1029 1429 videtur
1061 1390 1294 1442 significari:
1329 1390 1396 1431 sed
1416 1405 1496 1431 non
1528 1393 1627 1432 satis
1652 1393 1854 1445 intellego.

1031 1506 1116 1548 754

569 1621 578 1630 .
640 1620 650 1630 .
713 1590 943 1644 φιλόνικος
975 1587 1015 1630 δ’
1053 1587 1143 1632 ἐστὶ
1175 1587 1248 1632 καὶ
1279 1591 1356 1645 μία
1387 1590 1501 1645 γυνὴ

570 1661 632 1710 εἰς
662 1666 806 1715 μῆνιν.

402 1747 730 1787 Sch01.Aesehin
752 1749 895 1798 2,179
929 1747 1140 1803 γυναικείω
1166 1746 1371 1803 ἀνθρώπῳ
1390 1746 1463 1799 τὴν
1488 1745 1630 1801 ὀργήν·
1665 1747 1853 1788 δοκοῦσιν

284 1822 324 1845 αι
354 1810 539 1859 γυναῖκες
575 1804 710 1858 πικραι
746 1805 902 1858 σφόδρα
932 1801 1034 1845 εἶναι
1064 1805 1153 1859 περὶ
1190 1806 1232 1846 τὸ
1264 1805 1499 1860 ὀργίζεσθαι.
1549 1806 1611 1847 διὸ
1641 1806 1708 1847 καὶ
1738 1806 1853 1848 Μέν-

283 1865 428 1918 ανδρός
453 1877 552 1917 φησι
577 1868 654 1905 κτλ.
704 1866 905 1905 Aristaen.
929 1866 1057 1916 Epist.
1079 1869 1117 1915 2,
1140 1869 1194 1906 20
1226 1865 1279 1914 ὡς
1304 1866 1540 1918 φιλόνεικος,
1571 1862 1694 1919 εἶπεν,
1725 1866 1853 1920 ὑπάρ-

282 1940 360 1977 χεις
397 1924 465 1965 καὶ
502 1924 591 1964 λίαν
622 1924 745 1978 γυνή,
780 1923 834 1973 ὡς
864 1923 1081 1978 ἀτεράμων,
1113 1920 1144 1964 ὦ
1176 1932 1226 1979 γῆ
1258 1925 1324 1965 καὶ
1354 1927 1456 1966 θεοί.
1511 1928 1617 1966 unde
1649 1928 1853 1968 Herwerd.

283 1986 397 2024 Stud.
417 1986 503 2024 crit.
526 1987 594 2025 89.
617 1987 672 2025 90
699 1985 774 2024 del.
795 1985 929 2025 verbis
962 1985 1017 2033 εἰς
1048 1990 1169 2037 μῆνιν
1200 2000 1273 2036 pro
1299 1986 1369 2037 μία
1401 1999 1474 2026 scr.
1505 1986 1606 2025 λίαν.
1637 1985 1703 2026 καὶ
1733 1986 1853 2040 πικρὰ

283 2045 568 2085 Schneidewin.
606 2043 749 2097 κάγρία
779 2045 828 2083 Η.
862 2045 1008 2095 Saupp.
1045 2045 1170 2097 Σιμία
1206 2046 1323 2085 Mein.
1355 2059 1452 2086 voce
1489 2051 1608 2098 μῆνις
1637 2047 1854 2086 Menander

282 2118 381 2144 usus
415 2107 477 2144 est
507 2106 555 2143 fr.
589 2106 674 2144 585
708 2106 749 2143 et
779 2105 870 2155 plus
902 2105 1024 2144 semel
1056 2106 1173 2144 Plato
1204 2106 1477 2156 philosophus.

1031 2220 1116 2262 755

568 2303 724 2359 μικρὰς
754 2304 909 2357 τίθημι
942 2303 1166 2358 συμβολὰς
1197 2302 1487 2359 ἀκροώμενος.

401 2390 633 2428 Athenaeus
668 2391 706 2437 6,
739 2389 860 2429 270d
902 2387 937 2427 εἰ
967 2386 1009 2427 δὲ
1040 2388 1278 2440 λουσάμενοι
1308 2387 1472 2441 λογάρια
1504 2389 1757 2442 δειπνοῦμεν,
1788 2405 1851 2442 μι-

282 2448 378 2501 κρὰς
413 2471 462 2476 -
498 2447 763 2501 ἀκροώμενος,
793 2446 891 2487 κατὰ
922 2446 990 2487 τὸν
1022 2445 1279 2500 Μένανδρον.
1324 2449 1531 2487 Bentleius
1564 2450 1687 2488 61313111
1715 2450 1852 2500 priora

282 2510 499 2548 Menandro
520 2509 701 2547 tribuens
733 2507 770 2547 εἰ
793 2507 1028 2559 λουσάμενοι
1053 2507 1215 2560 λογάρια
1241 2506 1479 2559 δειπνοῦμεν
1510 2508 1632 2560 φίλοι,
1662 2512 1740 2548 κτλ.
1801 2510 1850 2549 cf.

283 2569 401 2607 Mein.
415 2569 532 2607 Anal.
546 2568 642 2607 Assh.
660 2570 754 2607 119.
796 2566 947 2619 μακρὰς
967 2563 1228 2613 Cobet.V.,1.2
1250 2569 1335 2607 204
1362 2569 1461 2607 conl.
1475 2568 1575 2607 Poll.
1591 2571 1628 2620 6,
1652 2571 1703 2607 12
1725 2566 1850 2620 ἀσύμ-

282 2629 394 2679 βολοι
432 2626 509 2666 ἀπὸ
548 2628 776 2679 συμβολῶν,
814 2623 889 2677 ἀφ’
925 2620 981 2665 ὧν
1013 2626 1055 2666 οἷ
1077 2623 1242 2666 Ἀττικοὶ
1272 2625 1423 2679 μακρὰς
1455 2626 1608 2666 διδόναι
1650 2627 1850 2680 συμβολὰς

282 2685 415 2740 ἔλεγον
446 2685 533 2726 ἀντὶ
563 2692 632 2726 τοῦ
664 2686 842 2740 μεγάλας.
903 2686 1008 2725 idem
1040 2686 1088 2725 N.
1109 2687 1134 2725 1.
1157 2689 1208 2726 91
1244 2687 1375 2726 adfert
1405 2687 1584 2726 Maehon.
1610 2687 1756 2726 Athen.
1783 2690 1850 2736 13,

284 2747 403 2785 580d
447 2744 598 2798 μακρὰς
633 2745 815 2798 πράττειν
853 2744 1064 2797 συμβολάς.
1126 2746 1194 2784 sed
1233 2746 1267 2784 si
1305 2746 1492 2785 dixerunt
1527 2746 1655 2785 Attici
1698 2746 1849 2799 μακρὰς

282 2804 484 2858 συμβολὰς
507 2803 674 2856 τιθέναι,
705 2805 925 2845 contrarias
954 2805 1139 2844 dixerunt
1169 2804 1320 2856 μικράς,
1350 2818 1479 2856 neque
1503 2806 1639 2856 inepta
1663 2807 1761 2845 haec
1786 2810 1849 2846 est

283 2866 484 2904 sententia
521 2861 715 2914 ‘mquam
751 2867 887 2914 stipem
916 2865 1046 2915 pendo
1078 2860 1271 2915 audiens',
1303 2866 1327 2903 i.
1360 2878 1394 2903 e.
1424 2878 1503 2904 non
1535 2877 1703 2916 magnus
1736 2867 1851 2905 labor

284 2927 345 2963 est
376 2925 578 2974 audiendi,
609 2925 678 2963 ubi
711 2925 804 2964 boni
837 2924 989 2975 aliquid
1021 2924 1159 2964 audire
1190 2924 1332 2974 possis.
