2014 3334
280 270 366 317 628
931 277 1193 311 ΑΔΕΣΠΟΤΑ

278 392 417 439 κρᾶσιν
447 393 518 426 τοῦ
542 390 564 426 ἒ
589 385 654 426 καὶ
680 390 705 426 ὃ
730 387 785 434 εἰς
808 386 843 424 εἶ
869 387 1094 442 δίφθογγον
1124 391 1253 428 πλεῖν.
1274 420 1284 429 .
1305 389 1427 429 ,οὕτω
1458 388 1523 429 καὶ
1552 388 1629 429 ἀπὸ
1654 394 1724 429 τοῦ
1751 387 1841 430 δέον

276 446 423 498 γίνεται
461 446 544 485 δεῖν
575 449 652 486 κτλ.
715 447 797 486 δεῖν
834 447 1018 499 γίνεσθαι
1054 448 1135 488 eod.
1170 448 1281 488 Sorb.
1314 470 1368 476 -
1402 450 1449 488 cf.
1482 450 1651 489 Lobeck.
1684 449 1839 489 Pathol.

281 506 327 544 el,
355 505 374 543 I
401 507 500 545 475.
549 519 645 544 num
678 506 818 545 comici
851 507 904 545 sit
935 507 1145 546 admodum
1178 508 1345 547 dubium
1375 511 1446 548 est.
1859 515 1870 518 ”

1004 622 1116 664 1319

1059 692 1261 751 ἀποφέρῃ
1292 694 1449 738 πλέων.

396 778 566 817 Bekker.
593 778 741 819 Aneed.
766 782 831 827 10,
854 781 907 818 28
935 775 1023 819 οἷον
1048 778 1259 835 παραφέρῃ
1283 779 1349 820 καὶ
1373 780 1598 836 παρασύρῃ,
1624 779 1689 820 διὰ
1713 786 1784 820 τοῦ
1802 785 1840 832 ἢ.

275 836 426 876 τίθεται
458 834 500 875 δὲ
532 836 594 876 ἐπὶ
619 843 689 876 τοῦ
716 836 951 890 ἁμαρτάνεις
976 837 1042 877 καὶ
1067 837 1185 878 οὐδὲν
1209 839 1354 893 πάγιον
1380 838 1512 893 λέγεις.
1542 838 1671 879 πλέων
1697 838 1839 891 Bekk.]

275 894 395 935 πλέον
422 896 505 935 cod.
555 897 699 949 πάγιον
725 896 795 947 id.]
822 898 989 951 πλάγιον
1015 899 1099 938 eod.
1149 912 1174 938 a
1193 903 1292 938 recto
1317 912 1433 938 cursu
1459 895 1647 953 (navigii)
1668 901 1840 948 deferris

276 967 347 994 cur
379 954 444 994 διὰ
474 960 544 995 τοῦ
563 959 591 1007 ἧ
611 957 862 996 scribendum
887 970 972 997 esse
992 960 1152 997 moneat
1173 953 1270 1011 (non
1288 955 1498 1032 ἀποφέρει)
1517 959 1660 998 nescio.
1707 961 1841 1009 potest

274 1015 413 1053 comici
445 1026 541 1054 esse.

1002 1085 1116 1129 1320

487 1156 745 1210 τρικότυλος
777 1152 900 1205 οἶνος

390 1241 615 1292 Hesychius
671 1236 720 1281 οὗ
768 1245 868 1293 τρεῖς
911 1241 1071 1281 κοτύλαι
1111 1240 1256 1295 ὀβολοῦ
1303 1245 1538 1281 πωλοῦνται.
1599 1255 1677 1280 non
1718 1242 1839 1292 signi-

271 1299 415 1338 ficatur
446 1301 570 1340 Arist.
604 1301 761 1340 Thesm.
792 1303 886 1341 743.
938 1302 1005 1341 sed
1036 1304 1170 1352 potest
1202 1302 1323 1341 etiam
1355 1315 1434 1340 non
1466 1314 1550 1341 esse
1582 1302 1730 1340 comici.

999 1430 1110 1471 1321

484 1499 584 1554 ἄχρι
616 1498 660 1548 ἐς
690 1499 770 1541 τὸν
801 1500 995 1555 ὄλεθρον

389 1584 611 1634 Hesychius
642 1582 850 1636 ἀχρήιστον
876 1583 1061 1637 ὄλεθρον
1093 1584 1202 1638 μέχρι
1225 1591 1294 1625 τοῦ
1321 1584 1482 1637 ἐσχάτου
1508 1583 1574 1624 καὶ
1604 1584 1837 1639 ἀπεράντου.

271 1645 317 1681 ut
349 1656 473 1693 supra
511 1644 742 1693 scripsimus
774 1645 1009 1695 Mefflekius,
1046 1646 1286 1696 principium
1318 1646 1492 1685 trimetri
1523 1658 1608 1684 esse
1641 1646 1837 1684 coniciens

275 1702 419 1742 Philol.
444 1703 519 1741 XII
549 1705 645 1741 621.
697 1704 835 1743 dubito
867 1704 915 1743 de
948 1705 1098 1743 comica
1130 1706 1294 1757 origine.

996 1832 1110 1874 1322

482 1912 756 1968 μολυβδίνας
787 1914 902 1969 ἔχων
933 1912 1070 1975 πέδας
1101 1912 1149 1956 ἐν
1183 1914 1387 1971 βορβόρῳ
1419 1914 1623 1969 κάθηται.

387 1999 589 2038 Lucianus
617 2000 729 2039 Alex.
759 2001 812 2039 25
846 1997 1035 2051 ἐρομένου
1067 1997 1172 2046 τινὸς
1203 1999 1241 2038 τί
1267 1998 1424 2050 πράττει
1455 1998 1498 2038 ἐν
1516 1996 1658 2039 ’Ἅιδου
1685 1998 1705 2039 ὅ
1727 1997 1837 2040 Ἐπί-

268 2072 432 2111 κουρος;
465 2059 722 2109 μολυβδίνας,
755 2058 832 2110 ἔφη
865 2062 941 2098 κτλ.
995 2058 1225 2111 μολιβδίνας
1251 2059 1300 2098 Η.
1350 2058 1600 2110 μολιβδείνας
1633 2060 1684 2098 Ω..
1715 2062 1834 2111 μολυ-

267 2117 434 2168 βδαίνας
464 2119 613 2156 ΦΡΜν.
664 2119 881 2157 Alexandri
901 2119 1018 2167 vatis,
1047 2131 1126 2158 non
1146 2118 1285 2157 comici
1303 2131 1463 2158 versum
1485 2131 1571 2157 esse
1592 2119 1833 2158 Meinekium

267 2177 562 2226 reprehendens
595 2178 797 2217 existimat
829 2178 1084 2226 Fritzschius,
1116 2178 1229 2216 cuius
1262 2178 1311 2215 ef.
1343 2177 1431 2216 adn.

994 2304 1107 2347 1323

480 2385 569 2443 (ἐφ’
599 2381 654 2445 ᾧ)
680 2386 790 2443 μέγα
816 2393 979 2443 φρονεῖ
1006 2389 1175 2442 μᾶλλον
1199 2385 1226 2441 ἢ
1253 2387 1431 2442 Πηλεὺς
1455 2385 1524 2428 ἐπὶ
1550 2392 1602 2442 τῇ
1627 2389 1828 2445 μαχαίρᾳ.

383 2473 621 2524 Hesychius,
636 2473 816 2523 Photius,
831 2473 975 2512 Suidas
989 2471 1154 2523 Πηλέως
1173 2471 1342 2523 μάχαιρα
1356 2467 1498 2526 (Arisss.
1509 2473 1613 2511 Nub.
1630 2475 1754 2513 1063.
1769 2468 1826 2527 6)·

265 2532 467 2583 παροιμία.
516 2532 663 2583 ταύτην
689 2530 910 2584 ἀναγράφει
931 2527 993 2585 (ἐκ
1017 2531 1193 2585 πλήρους
1215 2531 1303 2571 add.
1323 2527 1437 2580 Hes.)
1457 2529 1524 2570 καὶ
1543 2527 1827 2584 Ἀριστοφάνης

266 2591 407 2647 οὕτως·
433 2589 529 2643 μέγα
555 2595 632 2631 κτλ.
682 2590 724 2630 ἐν
749 2597 794 2645 τῇ
827 2592 995 2646 μαχαίρῃ
1017 2593 1130 2631 Ρὴοίῑ.
1180 2595 1225 2645 τῇ
1249 2590 1417 2644 μαχαίρᾳ
1438 2587 1531 2642 (om.
1553 2585 1633 2644 ἐπὶ)
1655 2591 1825 2643 Hesyeh.

265 2647 328 2700 ἐφ’
360 2648 390 2705 ᾧ
418 2651 507 2690 add.
533 2651 724 2690 Fritzsch.
752 2651 912 2696 Quaest.
940 2651 1064 2690 Arist.
1094 2652 1188 2690 179.
1214 2652 1282 2689 80.
1312 2663 1519 2700 perperam
1538 2653 1630 2700 post
1647 2651 1824 2690 Nubium

265 2724 300 2749 v.
329 2712 441 2749 1166
475 2711 678 2749 inserebat
709 2710 923 2761 Reisigius.
980 2723 1073 2749 nam
1104 2709 1384 2758 Aristophanes
1414 2709 1562 2748 dieitur
1591 2711 1823 2759 grammati-

264 2782 345 2820 cus,
375 2776 464 2808 non'
486 2772 622 2821 poeta,
654 2782 793 2809 versus
826 2772 960 2808 autem
991 2770 1060 2808 ille
1092 2771 1154 2808 est
1185 2769 1312 2818 ignoti
1339 2769 1496 2818 comici,
1528 2768 1562 2807 si
1587 2772 1648 2807 est-
1672 2769 1823 2808 comici.

263 2841 357 2866 nam
388 2829 429 2866 in
461 2827 558 2881 μέγα
590 2832 756 2896 φρονεῖν
788 2830 894 2878 apud
927 2829 1098 2867 comicos
1129 2828 1232 2867 ictus
1259 2840 1414 2878 semper
1437 2827 1479 2865 in
1503 2827 1676 2877 priorem
1702 2829 1822 2878 sylla-

262 2887 354 2925 bam
383 2889 527 2936 prioris
553 2889 660 2927 vocis
686 2888 803 2927 cadit.
854 2890 1027 2926 ceterum
1056 2887 1102 2927 ef.
1130 2887 1273 2926 Zenob.
1301 2888 1338 2938 3,
1365 2889 1432 2926 40.
1482 2886 1668 2925 Eustath.
1698 2889 1820 2935 1101,

264 2947 330 2985 63.
378 2946 531 2986 Nauck.
563 2948 687 2986 Arist.
718 2947 814 2997 Byz.
842 2949 937 2986 240.
