2014 3334
268 252 289 292 1
300 252 352 292 12
611 303 614 308 ¹
907 251 1204 285 MENANAPOT

265 363 498 401 Philostrat.
519 363 647 412 Epist.
671 363 723 400 16
748 362 835 400 init.
868 359 962 401 οὐδὲ
990 359 1011 401 ὁ
1037 367 1107 402 τοῦ
1133 361 1429 414 Μενάνδρου
1456 359 1688 413 Πολέμων
1719 360 1834 401 καλὸν

266 422 466 474 μειράκιον
491 419 740 472 περιέκειρεν,
761 417 844 459 ἀλλ’
875 413 1172 472 αἰχμαλώτου
1199 419 1270 473 μὲν
1296 419 1534 473 ἐρωμένης
1559 420 1841 472 κατετόλμησεν

267 480 483 534 ὀργισθείς,
522 478 574 531 ἣν
615 478 726 519 οὐδὲ
764 479 1022 532 ἀποκείρας
1059 478 1300 532 ἠνέσχετο·
1347 480 1499 520 κλαίει
1539 486 1658 533 γοῦν
1698 495 1838 520 κατα-

266 539 420 580 πεσὼν
451 538 529 579 καὶ
560 538 923 592 μεταγινώσκει.
986 541 1034 579 cf.
1067 541 1189 579 etiam
1220 540 1398 579 eiusdem
1429 541 1558 590 Epist.
1580 543 1632 580 61
1663 541 1720 593 (p.
1743 542 1840 590 253,

269 603 319 639 25
355 598 540 652 Kayser).
591 600 755 638 Anthol.
777 600 859 638 Pal.
884 601 949 648 12,
973 601 1056 638 233
1085 594 1229 652 (exscr.
1250 600 1323 638 sub
1349 600 1412 638 tib.
1432 597 1650 652 Γεωργοῢ).
1694 601 1840 639 Athen.

270 662 335 711 12,
369 661 455 699 540
472 673 504 698 e.
566 659 727 698 Lucian.
759 659 864 698 Dial.
897 661 1055 698 meretr.
1090 660 1136 708 8,
1172 662 1190 697 1
1228 657 1330 705 ὅστις
1368 688 1376 697 .
1403 688 1412 697 .
1439 688 1447 697 .
1486 658 1579 710 μήτε
1618 657 1842 711 ἐρράπισέ

266 733 376 758 ποτε
413 716 440 770 ἢ
477 716 772 769 περιέκειρεν
809 715 835 769 ἢ
867 716 912 756 τὰ
945 717 1076 769 ἱμάτια
1106 715 1364 769 περιέσχισεν,
1402 716 1455 756 ἔτι
1493 717 1656 770 ἐραστὴς
1693 717 1841 766 ε’κεῖνός

267 777 388 826 ε’στιν;
423 781 463 817 eb
485 776 678 829 Πολέμων
699 776 912 828 ζηλότυπος
931 774 1102 828 persona
1122 779 1183 816 est
1196 777 1357 816 Lucian.
1373 777 1476 817 Dial.
1490 781 1649 817 mel-etr.
1665 780 1703 828 9,
1724 791 1841 828 argu-

267 841 400 877 mento
438 840 574 876 tamen
605 838 774 877 diverso.
836 840 1013 876 ceterum
1052 837 1449 876 animadvertendum
1494 851 1615 888 quam
1645 838 1843 889 Agathias

267 895 410 949 ἄλοχον
441 899 558 937 vocass
590 897 696 947 apud
728 897 1021 936 Philostratum
1053 909 1139 936 esse
1164 898 1341 946 puellam
1371 899 1577 945 captivam.

1012 1036 1095 1079 391

554 1119 669 1162 οὕτω
701 1120 919 1162 ποθεινόν
951 1118 1072 1162 ἐστιν
1104 1118 1350 1175 ὁμότροπος
1382 1121 1523 1174 φίλος.

387 1207 583 1245 Stobaeus
615 1206 699 1245 Ecl.
734 1208 777 1256 2,
810 1207 884 1257 33,
919 1208 942 1244 6
979 1205 1178 1245 Wachsm.
1241 1205 1488 1258 Μενάνδρου
1530 1203 1841 1262 Περικειρομένῃ

270 1262 628 1321 (περικειρόμενοι).
674 1265 776 1305 οὕτω
810 1264 954 1315 Gaisf]
989 1280 1041 1304 τω
1073 1266 1152 1304 litt.
1184 1266 1328 1305 initial.
1360 1278 1432 1316 pro
1464 1266 1572 1305 rubr.
1606 1279 1681 1305 om.
1714 1266 1758 1304 L.

554 1489 671 1544 ὅμως
704 1487 743 1530 δ’
781 1488 1017 1541 ἀπόδειξον
1049 1494 1185 1530 ταῦτα
1216 1494 1268 1544 τῇ
1301 1490 1488 1545 γυναικί.

387 1577 557 1615 Bekker.
590 1576 738 1615 Anecd.
772 1577 871 1626 427,
905 1576 958 1614 23
1004 1573 1227 1622 ἀποδεῖξαι·
1269 1573 1318 1614 οὐ
1358 1575 1602 1626 παραδεῖξαι.
1665 1573 1769 1626 ὅμως
1802 1571 1837 1613 δ’

269 1635 479 1683 ἀπόδειξον
504 1640 626 1675 ταῦτα
657 1640 702 1689 τῇ
733 1634 907 1688 γυναικί,
938 1633 1004 1673 καὶ
1029 1632 1338 1689 Περικειρομένῃ
1365 1632 1619 1686 Μένανδρος.
1667 1634 1841 1687 γυναικί,

268 1695 351 1745 καὶ]
384 1695 546 1748 γυναικί
574 1706 647 1734 σου
678 1695 796 1733 Mein.
834 1690 928 1733 ‘nisi
965 1695 1068 1733 forte
1100 1696 1218 1744 plura
1254 1687 1499 1733 exciderunt?
1504 1723 1512 1732 .
1576 1695 1682 1745 quod
1715 1694 1749 1733 si
1780 1694 1840 1732 fa-

269 1759 378 1795 ctum
411 1758 489 1806 est,
527 1756 625 1794 haec
656 1768 736 1794 non
767 1753 971 1804 pertinent
1008 1755 1058 1792 ad
1089 1751 1444 1806 Περικειρομένην,
1477 1754 1545 1792 sed
1576 1754 1697 1803 periit
1727 1754 1841 1792 testi-

272 1815 447 1854 monium
482 1828 530 1853 ex
561 1827 608 1853 ea
638 1814 821 1864 petitum.

388 1875 605 1913 Praeherea
636 1875 684 1912 cf.
718 1875 816 1913 602.
850 1874 946 1912 862.
980 1872 1113 1923 adesp.
1148 1874 1246 1912 221.

935 2012 1171 2047 ΠΕΡΙΝΘΙΑ

389 2088 447 2129 Of.
471 2101 571 2139 quae
599 2089 649 2127 ad
667 2087 868 2127 Andriam
890 2088 1135 2127 adnotantur
1167 2090 1208 2126 eb
1235 2085 1422 2127 Dziatzko
1442 2089 1544 2128 Mus.
1566 2089 1690 2128 Rhen.
1710 2088 1842 2127 XXXI

272 2149 355 2187 248
373 2161 429 2198 sq.
460 2147 685 2198 Περινθίαν
716 2145 788 2197 τὴν
822 2146 982 2198 πρώτην
1021 2150 1305 2186 commemorat
1336 2149 1533 2188 Zenobius
1564 2148 1712 2187 Milleri
1745 2142 1840 2201 (68)

269 2208 474 2258 Melanges
496 2209 594 2256 355,
625 2221 704 2257 quo
737 2206 894 2246 nomine
926 2208 1096 2246 fortasse
1117 2207 1271 2246 Andria
1302 2208 1562 2258 significatur.
1607 2209 1652 2247 cf.
1676 2208 1721 2246 fr.
1742 2209 1840 2247 401.

1014 2359 1101 2401 393

484 2441 604 2491 ὅστις
635 2441 904 2497 παραλαβὼν
937 2442 1156 2497 δεσπότην
1188 2441 1448 2499 ἀπράγμονα

484 2511 557 2555 καὶ
588 2518 763 2567 κοῦφον
794 2511 984 2569 ἐξαπατᾷ
1016 2513 1242 2568 θεράπων,
1276 2512 1357 2555 οὐκ
1389 2509 1474 2555 οἷδ’
1511 2513 1535 2555 ὅ
1566 2528 1608 2554 τι

485 2580 614 2635 οὗτος
645 2585 878 2638 μεγαλεῖόν
910 2582 1000 2626 ἐστι
1034 2577 1428 2640 διαπεπραγμένος,

485 2654 837 2710 ε’παβελτερώσας
867 2656 945 2697 τὸν
977 2656 1194 2712 πρότερον
1225 2654 1471 2711 ἀβέλτερον.

390 2752 533 2791 Suidas
559 2751 778 2805 ἀβέλτερος·
811 2752 992 2804 ἀνόητος,
1023 2751 1225 2800 ἀσύνετος.
1263 2751 1505 2805 Μένανδρος
1537 2752 1736 2808 Περινθίᾳ
1761 2755 1837 2791 κτλ.

273 2814 310 2850 2.
343 2811 415 2851 οὐκ
455 2807 561 2850 οἶσθ’
604 2811 660 2851 ὅτι
690 2813 854 2852 Person.
887 2813 988 2853 Adv,
1023 2814 1121 2851 255.
1183 2814 1221 2850 4.
1253 2812 1443 2865 πρότερον
1474 2812 1608 2851 Cobeff:¹
1635 2812 1683 2850 N.
1709 2813 1734 2851 1.
1762 2811 1836 2862 80]

271 2886 376 2910 ποτε.
424 2868 510 2910 ποτ’
535 2868 615 2910 ὄντ’
652 2873 842 2923 Scaliger.
891 2870 933 2910 τὸ
965 2867 1111 2923 πρόσθ’
1147 2871 1323 2911 Grotius.
1348 2894 1396 2899 —
1421 2874 1458 2912 2.
1493 2874 1530 2911 3.
1565 2868 1711 2910 ‘nescio
1743 2871 1838 2922 quid

271 2930 471 2982 magnifici
502 2927 744 2981 perfecerit',
775 2932 799 2970 i.
833 2945 864 2970 e.
897 2932 997 2969 nihil
1030 2931 1230 2981 magnifici
1262 2932 1441 2981 perfecit.
