2014 3334
258 279 316 325 93
624 310 627 314 ,
892 279 1192 315 ΜΕΝΑΝΔΡΟΤ

259 408 399 434 amcms
419 399 451 433 et
470 396 632 433 odibilis.
666 395 713 432 cf.
733 394 840 432 Plut.
863 393 961 432 Mor.
984 394 1096 432 1095
1112 393 1136 431 d
1163 387 1306 446 (exsor.
1327 394 1400 432 sub
1420 393 1483 433 lit.
1506 389 1826 446 Thrasyleontis).

260 454 437 504 Alciphr.
451 456 487 503 2,
509 457 546 503 4,
568 455 616 491 19
641 447 1054 504 (ειᾶἘπιτρέποντας).
1080 453 1242 491 Anthol.
1259 453 1343 493 Pal.
1359 455 1397 500 5,
1413 454 1496 492 218
1518 448 1587 504 (ad
1600 450 1827 505 Dyscolon).

263 516 333 563 12,
375 515 456 552 233
496 509 566 564 (ad
606 508 814 565 &em-9022).
883 512 1057 551 Martial.
1093 514 1165 562 14,
1205 514 1290 550 214
1329 507 1399 565 (ad
1437 510 1511 559 Δὶς
1548 508 1829 566 ἐξαπατῶντα).

259 572 418 611 Lueian.
452 572 555 611 Dial.
588 576 745 611 meretr.
782 573 847 611 13.
889 571 1067 622 Alciphr.
1102 573 1140 620 3,
1174 573 1240 612 36.

1001 688 1088 730 335

473 771 514 812 εί
541 771 625 827 γὰρ
658 770 852 825 ἐπίδοιμι
883 776 1029 825 τοῦτο,
1060 769 1134 813 καὶ
1164 771 1311 826 ψυχὴν
1342 770 1475 813 πάλιν

472 841 643 897 λάβοιμ’
682 841 783 896 ἐγώ·
821 841 925 884 νυνὶ
955 842 1039 899 γάρ
1075 867 1124 874 -—
1161 841 1271 885 ἀλλὰ
1302 848 1390 885 ποῦ
1420 844 1556 892 θεοὺς

473 913 612 963 οὕτως
644 914 844 964 δικαίους
875 914 995 956 ἔστιν
1026 914 1194 970 εὑρεῖν,
1227 911 1260 956 ὦ
1294 913 1424 966 Γέτας

379 1000 557 1039 Iustinus
592 1001 649 1054 De
681 1014 785 1040 mon.
817 1001 913 1040 40b
947 995 1051 1054 (142
1086 995 1200 1053 Otto)
1236 998 1279 1039 ἐν
1311 998 1559 1056 Μισουμένῳ
1591 998 1829 1049 ἀποφαίνων

258 1058 346 1111 περὶ
370 1065 448 1099 τῶν
473 1059 528 1107 εἰς
546 1059 671 1107 θεοὺς
694 1058 1111 1112 παραλαμβονομένων
1137 1058 1205 1106 τὰς
1229 1059 1402 1112 γνώμας,
1424 1062 1571 1111 μᾶλλον
1597 1057 1639 1098 δὲ
1665 1057 1829 1112 ἐλέγχων

260 1117 312 1165 ὡς
338 1117 412 1158 οὐκ
438 1116 553 1166 ὄντας
579 1117 599 1158 ὅ
625 1118 743 1167 αὐτὸς
763 1117 1006 1171 Μένανδρος
1030 1122 1107 1159 κτλ.
1173 1123 1209 1158 1.
1240 1120 1393 1159 frustra
1422 1118 1499 1159 κᾶν
1518 1119 1636 1173 Mein.
1659 1120 1701 1157 et
1721 1117 1829 1157 Otto.

259 1178 377 1217 πάλιν
411 1179 499 1218 add.
531 1179 662 1218 Benffl.
726 1182 763 1218 2.
795 1181 886 1229 post
916 1179 989 1231 γάρ
1021 1179 1242 1218 orationem
1273 1179 1487 1230 abrumpit.

1006 1295 1091 1338 336

473 1376 576 1434 παρ’
614 1377 710 1434 ἐμοὶ
742 1379 825 1434 γάρ
858 1377 977 1421 ἐστιν
1009 1379 1156 1431 ἔνδον,
1190 1377 1356 1429 ἔξεστιν
1389 1377 1441 1420 δέ
1470 1394 1544 1433 μοι

474 1448 546 1491 καὶ
578 1450 795 1505 βούλομαι
826 1446 973 1503 τοῦθ’,
1007 1450 1067 1500 ὡς
1099 1448 1154 1492 ἂν
1186 1448 1486 1504 ἐμμανέστατα

474 1519 587 1577 ἐρῶν
617 1535 702 1573 τις,
736 1520 790 1562 οὐ
821 1527 934 1562 ποιῶ
968 1519 1027 1562 δέ.

380 1607 621 1646 Plutarchus
652 1607 749 1645 Mor.
783 1608 879 1646 524.
915 1608 938 1646 5
981 1612 1065 1654 πῶς
1097 1605 1144 1646 οὐ
1177 1606 1346 1657 μανικὸν
1379 1637 1387 1646 .
1420 1637 1429 1646 .
1460 1605 1502 1646 τὸ
1534 1606 1682 1657 πάθος,
1712 1606 1753 1646 εἴ
1775 1621 1832 1654 τις

262 1665 399 1721 ἱματίῳ
425 1664 478 1717 μὴ
505 1671 641 1718 χρῆται
668 1664 733 1705 διὰ
758 1664 800 1705 τὸ
821 1664 975 1718 ῥιγοῦν,
1007 1663 1100 1717 μηδ’
1130 1663 1232 1722 ἄρτῳ
1253 1665 1318 1706 διὰ
1350 1665 1391 1706 τὸ
1423 1671 1566 1718 πεινῆν
1675 1662 1753 1706 ἀλλ’
1789 1664 1831 1705 ἒν

262 1728 342 1772 τοῖς
377 1725 635 1777 Θρασωνίδου
667 1728 805 1773 κακοῖς
834 1724 938 1765 ἐστιν
969 1728 1047 1765 κτλ.
1098 1727 1148 1765 ad
1179 1727 1282 1765 hano
1313 1727 1494 1766 fabulam
1525 1726 1685 1765 rettulit
1705 1726 1830 1776 Toup.

262 1785 425 1824 Emend.
451 1799 481 1823 11
512 1787 610 1825 445.
656 1787 779 1826 verba
818 1782 871 1832 ὡς
903 1783 953 1825 ἂν
981 1808 1039 1812 -—
1067 1800 1124 1833 τις
1156 1785 1406 1825 Menandreis
1437 1786 1526 1826 add.
1554 1786 1728 1837 Madvig.
1749 1785 1831 1824 Ad-

261 1858 362 1884 vers.
390 1845 476 1884 erit.
503 1845 521 1883 I
549 1847 645 1884 644.
708 1844 845 1885 Cobet.
864 1845 912 1883 V.
938 1840 983 1883 1.2
1019 1848 1112 1885 152.
1145 1846 1193 1884 N.
1219 1846 1244 1884 1.
1266 1848 1334 1885 42.
1380 1846 1544 1886 Lucian.
1575 1845 1750 1895 Philops.
1778 1846 1831 1883 14

261 1903 483 1956 περιβάλλει
520 1903 587 1943 τὸν
625 1904 830 1944 Γλαυκίαν
868 1902 920 1952 ὡς
958 1902 1008 1943 ἂν
1047 1902 1311 1956 ἐμμανέστατα
1354 1904 1490 1958 ἐρῶσα.
1542 1905 1643 1944 conf.
1677 1905 1833 1943 Nauck.

263 1964 465 2015 Molanges
498 1967 744 2021 greco—rom.
777 1964 813 2001 V
846 1966 940 2003 241.

1007 2069 1091 2111 337

537 2149 774 2206 Ἄπολλον,
805 2151 1059 2207 ἀνθρώπων
1089 2147 1173 2194 τιν’
1199 2151 1482 2214 ,ἀθλιώτερον

550 2221 751 2279 ἑόρακαςς
785 2219 854 2280 ἆρ’
891 2223 1058 2281 ἐρῶντα
1091 2224 1479 2282 δυσποτμώτερον;

383 2307 624 2348 Plutarchus
643 2310 741 2349 Mor.
762 2313 847 2350 525
869 2306 979 2363 (post
997 2312 1045 2352 fr.
1068 2307 1185 2365 336).
1223 2314 1317 2351 sunl:
1335 2312 1458 2352 verba
1478 2312 1761 2363 Thrasonidae,
1781 2313 1829 2351 de

267 2367 413 2406 misera
443 2380 515 2407 sua
547 2371 652 2408 sorte
685 2371 898 2420 querentis
931 2372 1101 2411 fortasse
1132 2372 1174 2410 in
1204 2372 1294 2422 ipsa
1317 2372 1456 2411 fabula
1486 2371 1711 2421 fragmenlzo
1745 2373 1828 2411 336

265 2427 329 2467 vel
354 2428 574 2477 praemissa
598 2429 663 2469 vel
680 2430 916 2480 postposita.
953 2428 1174 2483 ἄνθρωπόν
1204 2427 1277 2470 τιν’
1299 2431 1446 2471 Naber.
1464 2431 1607 2470 Mnem.
1626 2444 1717 2471 nov.
1733 2431 1831 2470 VIII

268 2488 363 2525 417.
427 2486 761 2540 δυσποτμώτερος,
791 2489 1159 2542 βαρυποτμώτατος,
1191 2489 1474 2538 εὐτεκνώτατος
1504 2491 1729 2541 Euripides.

1009 2606 1095 2650 338

479 2687 789 2744 παιδισκάριόν
821 2704 872 2743 με
903 2687 1255 2732 καταδεδούλωκ’
1296 2689 1481 2745 εὐτελές,

481 2756 533 2799 ὃν
566 2757 714 2809 οὐδεὶς
743 2766 832 2802 τῶν
864 2761 1086 2815 πολεμίων
1117 2760 1302 2803 πώποτε.

388 2843 580 2882 Arrianus
612 2845 779 2884 Dissert.
814 2846 940 2896 Epiot.
973 2848 1018 2897 4,
1053 2849 1095 2898 1,
1130 2848 1184 2886 20
1215 2860 1251 2896 p.
1286 2849 1370 2887 533
1404 2847 1626 2898 Schweigh.
1687 2842 1768 2886 εἶτα
1798 2847 1835 2886 τί

268 2898 367 2953 λέγει
399 2896 716 2957 (Θρασωνίδης);
748 2906 825 2943 κτλ.
888 2904 1069 2944 Clemens
1105 2905 1214 2945 Alex.
1235 2905 1379 2946 serom.
1406 2909 1443 2959 2,
1472 2909 1538 2958 15,
1572 2907 1626 2946 64
1657 2904 1726 2946 τὸν
1756 2905 1831 2959 γὰρ

267 2959 440 3010 κωμικὸν
477 2960 630 3001 ἐκεῖνον
672 2963 931 3015 Θρασωνίδην
968 2962 1065 3014 ἄλλη
1103 2963 1228 3016 σκηνὴ
1268 2961 1515 3022 (τραγῳὸεἴ)·
1555 2965 1830 3019 παιδισκάριόν

1991 2975 2014 3236 κ’·«Ἡπ-ιων
2009 2959 2014 2963 .
2002 2932 2014 2948 u
1999 2862 2014 2917 ew.-
2003 2845 2011 2850 2
2006 2775 2014 2783 ,
2006 2747 2010 2759 ,Δ
2007 2715 2014 2728 -.
2008 2690 2014 2695 Α

1989 3242 2014 3334 *2⁵:⁹²
