2014 3334
780 242 949 278 AAHAA
975 241 1236 276 οΠοΤΕΡΑΣ
1711 239 1798 282 519

970 351 1056 395 617

852 435 908 478 οὐ
938 435 1024 492 γὰρ
1057 433 1106 478 ἐν
1136 435 1326 492 γαστρὸς
1356 436 1471 493 βορᾷ

504 507 554 549 τὸ
585 508 780 564 χρηστόν
811 506 943 551 ἐστιν.

339 593 521 634 Clemens
546 593 661 634 Alex,
689 595 834 634 Strom.
856 596 895 644 4,
918 596 985 646 22,
1009 596 1090 634 146
1124 592 1174 634 οὐ
1199 592 1274 648 γὰρ
1310 615 1351 622 —
1396 588 1498 632 εἶναι
1527 592 1798 644 ὃιειλήφαμεν.

218 655 390 695 fortasse
422 667 500 694 uno
531 667 651 694 versu
683 653 732 694 οὐ
762 653 837 707 γὰρ
868 653 910 695 τὸ
942 669 999 708 χρ.
1031 652 1105 694 ἔστ.
1137 652 1180 694 ἕν
1209 670 1244 708 γ.
1276 655 1314 707 β.

961 771 1047 815 618
1109 812 1116 815 .

1087 841 1144 886 ἂν
1175 842 1234 899 μὴ
1265 847 1383 899 παρῇ

479 914 646 973 κρέας,
677 915 856 972 τάριχος
887 914 1126 973 στέργεται.

335 1002 573 1055 Diogenian.
605 1002 725 1042 Vind.
761 1005 796 1053 1,
829 1003 886 1042 40
930 1004 1131 1059 παρεγγυᾷ
1174 999 1201 1054 ἡ
1239 1001 1450 1055 παροιμία,
1494 999 1552 1041 ὅτι
1599 998 1670 1053 χρὴ
1715 1004 1796 1049 τοῖς

215 1066 413 1115 παροῦσιν
443 1060 664 1115 ἀρκεῖσθαι.
713 1061 872 1115 τάριχον
911 1060 1113 1114 στερκτέον
1146 1063 1289 1102 Zenob.
1326 1064 1362 1112 1,
1395 1064 1464 1102 84.
1514 1061 1656 1118 ταρίχῳ
1688 1071 1794 1113 στερ,

215 1120 328 1162 κτέον
360 1122 477 1174 Greg.
510 1121 630 1174 Cypr.
664 1125 701 1174 1,
733 1123 802 1163 47.

704 1275 709 1278 ῃ
959 1215 1045 1258 619

504 1335 511 1343 .
645 1331 655 1342 .
705 1280 927 1350 ιποσταῖος
958 1296 1000 1342 δ’
1039 1294 1112 1342 ἀπ’
1148 1297 1348 1355 οὐρανοῦ
1378 1297 1528 1355 πάρει;

500 1373 551 1414 Β.
585 1377 790 1428 τριταῖος.

335 1459 467 1498 Schol.
504 1458 644 1509 Eurip.
682 1458 779 1498 Heu.
812 1459 866 1498 32
886 1472 938 1508 .p.
972 1459 1076 1509 228,
1111 1459 1163 1497 19
1198 1457 1334 1496 Dindf.
1383 1455 1483 1508 πρὸς
1519 1455 1562 1496 τὸ
1600 1460 1793 1497 ποσταῖον

210 1514 403 1574 (ἀπαντᾷ,
421 1519 448 1558 i.
459 1531 492 1558 θ.
510 1513 729 1572 respondet)
749 1516 791 1557 τὸ
810 1519 982 1570 τριταῖον
1001 1514 1028 1570 ἢ
1047 1520 1289 1570 τεταρταῖον·
1321 1511 1410 1557 οἷον
1428 1515 1526 1569 πρὸς
1545 1515 1587 1557 τὸ
1610 1514 1791 1559 (ποστ.-

212 1574 344 1631 πάρει’
375 1576 594 1629 ἀπαντήσει
623 1576 666 1617 τὸ
699 1574 882 1630 ττριταῖος
913 1576 1031 1629 τυχὸν
1062 1574 1089 1630 ἢ
1119 1572 1366 1628 τεταρταῖος’.
1451 1579 1487 1616 1.
1520 1573 1557 1616 δ’
1593 1577 1682 1617 add.
1756 1580 1794 1618 2.

214 1640 386 1679 fortasse
415 1635 535 1690 τυχὸν
565 1652 657 1690 τριτ.
688 1635 715 1690 ἢ
745 1641 978 1690 τεταρταῖος.
1010 1635 1214 1688 [Diogen]
1248 1637 1375 1688 Epist.
1408 1638 1464 1677 38
1496 1640 1684 1685 ποσταῖος
1715 1635 1793 1677 ἀπὸ

136 1722 144 1726 -
212 1696 411 1751 τούρανοῦ
442 1695 733 1750 καταβέβηκαςς
765 1697 883 1749 Diog.
915 1697 960 1736 L.
995 1699 1031 1748 6,
1065 1699 1120 1737 36
1158 1695 1258 1748 πρὸς
1294 1695 1363 1736 τὸν
1393 1694 1556 1749 λέγοντα
1594 1695 1683 1749 περὶ
1714 1702 1793 1737 τῶν

213 1757 419 1811 μετεώρων
451 1753 666 1805 (ποσταῖοξ
699 1755 778 1808 ἔφη
810 1753 941 1808 επάρει
967 1755 1045 1796 ἀπὸ
1070 1761 1147 1796 τοῦ,
1171 1752 1385 1808 οὐρανοῦ;’
1418 1756 1570 1797 scilicet
1590 1757 1791 1808 Diogenes

214 1832 262 1858 ex
287 1817 493 1858 comoedia
516 1818 718 1856 hauserat.
757 1830 852 1856 nam
878 1817 926 1856 de
952 1817 1061 1856 caelo
1084 1817 1242 1856 venisse
1266 1829 1384 1856 nemo
1404 1818 1539 1867 potest
1563 1817 1642 1856 nisi
1667 1817 1708 1856 in
1728 1830 1790 1857 co-

212 1878 381 1918 moedia.
406 1878 455 1917 cf.
469 1890 571 1928 quae
590 1876 870 1917 adnotavimus
892 1876 942 1916 ad
962 1877 1096 1927 adesp.
1110 1877 1235 1916 1404.
1261 1876 1363 1916 Mus.
1378 1876 1646 1916 Rhen.XLIII
1667 1878 1735 1917 53.
1750 1879 1788 1916 4.

960 1993 1048 2036 620

957 2075 1156 2132 κυψέλην
1188 2072 1229 2119 δ’
1265 2077 1377 2133 ἔχεις

490 2149 695 2209 ἄπλατον
727 2147 776 2192 ἐν
806 2155 900 2200 τοῖς
930 2148 1052 2191 ὠσίν.

331 2237 502 2277 Bekker.
533 2236 682 2276 Aneed.
714 2237 814 2287 425,
848 2239 869 2276 7
910 2232 1096 2276 ἄπλετον·
1134 2232 1310 2287 ἄπειρον.
1377 2233 1526 2289 λέγεται
1563 2231 1606 2273 δὲ
1646 2233 1714 2275 καὶ
1744 2232 1790 2274 ὄξ-

213 2299 375 2348 πλατον,
406 2294 460 2344 ὡς
483 2294 525 2336 τὸ
550 2298 628 2336 κτλ.
677 2293 848 2343 ἄπλατος
879 2296 978 2335 alibi
1009 2296 1117 2346 apud
1148 2296 1319 2335 comicos
1351 2309 1431 2335 non
1462 2295 1678 2335 invenitur.
1740 2296 1789 2335 cf.

213 2359 348 2396 tamen
368 2358 466 2396 843.
516 2355 564 2396 de
595 2356 809 2407 proverbio
841 2356 890 2395 cf.
910 2356 1166 2406 Eupo].213.
1211 2355 1375 2395 Lucian.
1401 2355 1567 2405 Lexiph.
1601 2358 1620 2393 1
1663 2363 1788 2405 κυψε-

212 2414 383 2468 λόβυστα
414 2414 543 2463 ἔοικας
573 2413 674 2468 ἔχειν
704 2413 751 2454 τὰ
782 2409 881 2455 ὦτα.
903 2446 911 2454 .
933 2413 1083 2468 ,ἔμοιγε
1116 2412 1205 2455 οὔτε
1235 2414 1423 2466 Κύψελός
1460 2429 1516 2462 τις
1547 2411 1637 2454 οὔτε
1669 2414 1789 2467 Περί-

213 2475 358 2528 ανδρος
389 2473 432 2515 ἐν
463 2478 544 2523 τοῖς
576 2472 648 2515 ὠσὶ
678 2474 861 2527 κάθηται.

959 2579 1043 2622 621

855 2669 1118 2706 καταπεσεῖν
1149 2677 1191 2704 τι
1223 2662 1442 2718 βούλομαι

498 2734 710 2790 τραγικὸν
743 2733 928 2791 πέσημα.

335 2820 510 2860 Cramer.
543 2821 691 2860 Anecd.
717 2820 789 2861 Ox.
819 2821 840 2860 I
875 2823 972 2873 176,
1000 2822 1053 2861 16
1086 2818 1128 2860 τὸ
1159 2825 1276 2871 πετῶ,
1308 2818 1429 2860 ἔνθεν
1461 2818 1502 2859 τὸ
1534 2818 1691 2872 πέσημα
1721 2819 1787 2860 καὶ

214 2883 360 2920 πεσεῖν.
409 2879 447 2919 τί
475 2880 513 2932 β.
537 2894 593 2931 τρ.
623 2878 886 2932 καταπέσημα.
937 2894 1038 2920 corr.
1071 2880 1263 2920 Lehrsius
1294 2879 1509 2921 Herodian.
1537 2882 1606 2920 82.
1656 2881 1786 2922 multo

215 2940 391 2980 deterius
424 2940 628 2980 Herwerd.
659 2940 776 2981 AnaL
808 2940 896 2982 crit.
931 2942 998 2980 36.
