2014 3334
764 251 932 287 AAHAA
957 251 1217 287 οΠοΤΕΡΑΣ
1683 249 1771 294 499

318 362 482 404 Cassius
513 362 589 403 Dio
622 364 690 414 60,
723 364 778 402 29
812 362 904 411 τοὺς
935 360 1163 414 ἀλλοτρίους
1193 359 1487 415 ἀπελευθέρους
1518 359 1540 402 ὁ
1569 361 1772 411 Κλαύδιος

195 421 238 463 εἴ
259 435 341 463 που
372 427 695 475 κακουργοῦντας
726 421 842 474 λάβοι
873 423 1012 470 δεινῶς
1043 427 1224 475 τιμωρῶν
1255 425 1336 469 τοῖς
1368 421 1484 469 ἰδίοις
1515 420 1619 462 οὕτω
1651 434 1771 475 προσ-

193 479 336 534 έκειτο,
374 478 477 522 ὥσθ’
513 480 729 536 ὑποκριτοῦ
761 496 866 530 τινος
897 481 941 522 ἐν
971 484 1025 538 τῷ
1055 481 1211 538 θεάτρῳ
1242 478 1335 521 ποτὲ
1366 486 1481 521 τοῦτο
1514 479 1564 532 δὴ
1603 481 1645 522 τὸ
1669 486 1772 535 θρυ-

192 540 389 594 λούμενον
429 540 607 589 εἰπόντος
647 540 705 581 ὅτι
736 539 936 595 ἀφόρητος
968 563 1030 572 --
1072 540 1295 594 μαστιγίας,
1341 539 1408 580 καὶ
1447 546 1518 581 τοῦ
1564 555 1603 582 τε
1641 541 1771 594 δήμου
1842 595 1846 598 γ

192 599 341 650 παντὸς
372 599 412 649 ἐς
430 600 638 654 Πολύβιον
663 599 732 641 τὸν
758 599 1029 653 ἀπελεύθερον
1048 599 1172 641 αὐτοῦ
1199 598 1499 653 ἀποβλέψαντος
1523 599 1590 640 καὶ
1617 599 1771 642 ἐκείνου

193 658 472 714 ἔκβοήσαντος,
498 659 556 701 ὅτι
581 658 602 701 ὅ
627 659 745 709 αὐτὸς
770 658 903 713 μέντοι
927 658 1094 713 ποιητὴς
1119 655 1228 701 εἶπεν
1260 659 1317 700 ὅτι
1335 661 1509 713 βασιλεῖς
1530 681 1582 688 -
1605 660 1773 713 αἰπόλοι,

193 717 313 761 οὐδὲν
357 716 491 761 δεινὸν
541 719 662 760 αὐτὸν
706 719 922 774 εἰργάσατο.
998 732 1070 760 cur
1112 720 1335 760 Meinekius
1379 721 1601 761 necessario
1644 734 1771 761 novae

192 780 420 820 comoediae
458 780 675 820 tribuenda
712 781 919 831 putaverit
953 780 1101 821 nescio.
1150 783 1320 820 monost.
1354 782 1439 820 365
1475 780 1678 834 μαστιγίας
1709 779 1771 835 ἔγ-

192 841 334 891 χαλκος
370 838 575 893 ἀφόρητον
610 839 746 880 κακόν.
802 841 968 891 Procop.
1000 840 1128 891 Epist.
1163 841 1219 879 30
1259 836 1370 894 (Mai.
1403 845 1508 879 auct.
1541 841 1655 881 class.
1687 841 1768 880 IIII

195 901 294 948 224,
314 900 455 939 attulit
474 896 649 954 Nauck.)
681 894 883 951 ἀφόρητός
907 898 1010 939 ἐστιν
1041 898 1216 951 εὐτυχῶν
1248 897 1314 939 καὶ
1338 905 1417 939 τῶν
1441 896 1583 955 πρῴην
1609 899 1771 940 ἐκείνων

194 956 510 999 ἐπιλανθάνεται.
559 959 698 1000 Isidor.
731 959 862 999 Polus.
894 960 968 1011 Ep.
999 960 1039 998 II
1073 961 1156 999 297
1195 958 1459 1011 μνημονεύεις
1494 958 1656 999 ἐκείνων
1693 966 1772 1000 τῶν

193 1015 368 1071 ἀρχαίων
398 1017 488 1071 περὶ
517 1024 596 1066 τῶν
620 1019 810 1059 τοιούτων
836 1016 1071 1072 εἰρημένων·
1104 1016 1304 1071 ἀφόρητος
1334 1018 1409 1072 γάρ
1435 1018 1538 1058 ἐστιν
1562 1018 1772 1074 εὐπραγῶν

192 1078 404 1132 μαστιγίας.
435 1078 489 1118 Μ.
520 1078 673 1130 Haupt.
706 1078 850 1130 Opusc.
881 1079 944 1118 III
977 1081 1076 1119 380.

937 1196 1025 1239 489

478 1279 592 1321 ἔνθα
622 1276 777 1329 ταθεὶς
807 1277 918 1334 φρές
948 1274 993 1334 μ’
1028 1278 1087 1329 ὡς
1117 1278 1167 1321 τὸ
1199 1278 1524 1335 μειρακύλλιον.

311 1364 565 1404 Herodianus
597 1365 637 1404 11
671 1367 774 1417 931,
813 1366 839 1404 4
872 1365 1006 1404 Lentz.
1050 1363 1098 1404 τὰ
1141 1364 1197 1412 εἰς
1237 1363 1261 1403 ὂ
1297 1364 1467 1418 λήγοντα
1509 1365 1771 1417 προστακτικὰ

192 1422 472 1476 μονοσύλλαβοί
501 1422 541 1464 τέ
572 1422 650 1464 ἐστι
686 1422 753 1464 καὶ
783 1422 825 1464 τὸ
857 1429 874 1464 ἓ
909 1422 1002 1476 ἔχει·
1040 1422 1079 1472 ἕς
1110 1454 1120 1464 .
1141 1456 1150 1464 .
1172 1457 1180 1465 .
1212 1421 1310 1476 φρές
1339 1427 1419 1465 κτλ.
1481 1422 1584 1475 ἕνθ’,
1622 1421 1771 1479 ὦγάθ’,

192 1482 350 1536 εἴσφρες
380 1483 536 1523 Nauck.
570 1485 676 1537 Aug.
708 1484 832 1524 Lit.z.
868 1486 993 1532 1847,
1027 1486 1114 1524 500
1153 1487 1194 1524 et
1223 1485 1373 1524 Bullet.
1407 1485 1566 1536 Petrop.
1591 1486 1646 1525 VI
1671 1489 1770 1528 425.

192 1541 295 1582 ἔνθα
320 1541 479 1591 σταθεὶς
505 1541 605 1596 φρές
623 1544 744 1584 Mein.
788 1540 930 1583 ἐνθάδ’
959 1543 1116 1596 εἴσφρες
1134 1544 1270 1583 Dindf.
1302 1541 1466 1584 ἐνταῦθ’
1501 1541 1583 1598 ἄγ’,
1615 1545 1771 1599 εἴσφρες

193 1602 329 1644 Lehrs.
361 1603 508 1643 Herod.
539 1618 576 1655 p.
611 1606 679 1644 85.

929 1685 1019 1728 490

482 1765 585 1824 (οὐκ
615 1765 755 1826 ἔστιν)
789 1765 925 1811 οὐδὲν
956 1768 1194 1825 ξηρότερον
1223 1768 1495 1825 ὑδρωπικοῦ.

313 1851 519 1904 [Longin.]
564 1853 622 1893 De
655 1855 812 1894 sublim.
847 1857 891 1903 3,
926 1858 950 1894 4
997 1852 1116 1895 οὐδὲν
1153 1854 1249 1908 γάρ,
1286 1855 1404 1906 φασί,
1443 1856 1479 1903 ξ.·
1506 1854 1594 1908 ὑδρ.
1636 1857 1692 1896 sic
1723 1859 1770 1896 ut

198 1913 429 1963 scripsimus
443 1913 633 1965 Toupius.
665 1915 805 1954 comici
818 1927 978 1954 versum
998 1915 1164 1967 agnovit
1178 1915 1457 1956 Wilamowitz.
1471 1916 1607 1955 Herm.
1620 1917 1657 1955 X
1672 1918 1770 1956 344.

934 2043 1020 2086 491

477 2122 556 2168 ὑπ’
592 2125 803 2183 εὐπορίας
832 2127 918 2183 γὰρ
951 2127 1033 2170 οὐκ
1064 2128 1176 2183 ἔχεις
1207 2126 1322 2170 ὅπου
1351 2126 1493 2184 χέσῃς.

315 2211 481 2251 Marcus·
506 2212 697 2253 Antonin.
731 2215 768 2265 5,
805 2215 856 2252 12
889 2212 931 2253 τὸ
962 2211 1041 2253 ὑπὸ
1073 2218 1143 2253 τοῦ
1174 2218 1351 2265 κωμικοῦ
1384 2211 1591 2265 εἰρημένον
1623 2244 1632 2254 .
1659 2244 1668 2254 .
1694 2244 1704 2253 .
1736 2214 1772 2254 εἰ

191 2268 373 2322 τιμητέον
415 2269 482 2310 καὶ
524 2270 660 2325 ἀγαθὰ
700 2271 947 2325 ὑποληπτέον
991 2272 1037 2312 τὰ
1079 2279 1260 2324 τοιαῦτα,
1297 2267 1354 2312 ὧν
1393 2272 1769 2326 προεπινοηθέντων

194 2329 348 2378 οἰκείως
379 2328 429 2370 ἂν
459 2328 684 2384 ἕπιφέροιτο
722 2331 764 2372 τὸ
796 2331 865 2373 τὸν
895 2331 1134 2385 κεκτημένον
1166 2331 1266 2373 αὐτὰ
1303 2331 1394 2372 ὑπὸ
1431 2336 1514 2385 τῆς
1552 2332 1648 2373 εὐπ.
1683 2333 1769 2374 οὐκ

194 2387 319 2441 ἔχειν
356 2388 466 2430 ὅποι
498 2389 621 2447 χέσῃ.
677 2393 783 2432 unde
808 2393 1014 2433 Nauckius
1046 2394 1202 2433 effinxit
1232 2393 1340 2445 quod
1372 2406 1494 2444 supra
1525 2395 1767 2444 scripsimus.

195 2451 244 2489 cf.
275 2449 459 2490 Menand.
494 2451 591 2502 530,
625 2453 662 2491 9.

939 2534 1027 2576 492

480 2615 640 2657 λοῦταί
665 2629 715 2669 γε
740 2612 822 2671 μὲν
856 2616 910 2671 δὴ
943 2617 1135 2673 λουτρὸν
1167 2612 1224 2659 αὖ
1249 2617 1299 2659 τὸ
1333 2616 1554 2674 δεύτερον.

314 2698 460 2739 Pollux
481 2702 623 2752 7,167
650 2699 905 2754 ,Αἰσχύλος””
883 2717 934 2742 αν
966 2701 1088 2743 ἐοίκοι
1119 2700 1165 2742 τὰ
1196 2703 1386 2755 βαλανεῖα
1417 2703 1605 2758 λουτήρια
1628 2702 1768 2758 λέγειν.

196 2761 332 2799 λοῦται
354 2780 405 2787 -
429 2758 623 2812 δεύτερον.
672 2758 757 2801 ἀλλ’
787 2760 829 2801 ἐκ
847 2761 1037 2815 μεγίστων
1057 2761 1237 2814 εὐμαρῶς
1255 2763 1474 2815 λουτηρίων
1495 2759 1562 2818 (fr.
1581 2765 1664 2804 356
1685 2758 1767 2818 N..)

197 2812 249 2858 αὖ
280 2817 322 2858 τὸ
354 2817 544 2870 Bekker.]
589 2818 696 2860 αὐτὸ.
754 2822 929 2872 priorem
959 2835 1119 2862 versum
1162 2823 1292 2862 alieno
1335 2823 1422 2862 loco
1466 2823 1639 2863 inlatum
1681 2836 1766 2864 esse

197 2878 366 2928 adparet
402 2880 542 2929 utpote
578 2892 830 2931 nequaquam
869 2882 974 2932 quod
1008 2882 1150 2921 Pollux
1187 2883 1376 2933 proponit
1414 2883 1766 2924 domenati-,antem

196 2937 333 2989 itaque
352 2937 558 2978 Nauckius
584 2951 678 2979 eum
708 2941 764 2979 eis
790 2953 890 2991 quae
915 2942 1095 2991 proxime
1127 2942 1369 2981 antecedunt
1393 2942 1615 2995 adiungens
1645 2955 1766 2996 προσ-

1410 3008 1481 3044 32*
