2014 3334
653 255 941 291 ΔΑΚΤΤΛΙΟΣ
970 276 1012 283 -
1039 255 1364 292 ΔΗΜΙΟΤΡΓΟΣ
1738 256 1795 300 33

957 365 1041 410 109

423 450 603 507 ἀγαθόν
633 452 681 494 τί
708 466 784 508 μοι
815 450 1007 506 γένοιτο,
1039 451 1276 507 πολύτιμοι
1307 453 1428 495 θεοί·

423 524 733 580 ὑποδούμενος
764 524 845 566 τὸν
878 522 1038 579 ἱμάντα
1070 523 1154 580 γὰρ
1186 529 1263 579 τῆς
1295 524 1441 576 δεξιᾶς

422 596 614 653 ἐμβάδος
645 592 871 652 (ἐπέρρηξ’.
934 597 985 638 Β.
1029 596 1223 649 εἰκότως,
1257 593 1291 638 ὦ
1324 597 1554 652 φλήναφε·

421 669 590 725 σαπρὸς
621 669 707 724 γὰρ
739 664 811 723 ἦν,
845 669 902 711 σὺ
935 664 985 710 δὲ
1017 668 1284 723 μικρολόγος
1316 665 1387 724 ἄρ’
1425 667 1480 710 οὐ
1511 667 1663 712 θέλων

379 752 400 784 5
420 741 577 792 καινὰς
607 742 839 797 πρίασθαι.

325 828 509 868 Clemens
548 829 664 868 Alex.
705 827 853 868 Strom.
889 830 926 879 7,
959 830 1006 878 4,
1046 829 1102 867 24
1147 825 1328 867 τοιοῦτόν
1365 841 1452 866 τινα
1492 825 1534 866 ἐν
1573 830 1626 884 τῷ
1660 830 1793 868 Δεισι-

205 889 367 941 δαίμονι
386 886 407 928 ὁ
427 886 674 939 Μένανδρος
700 887 956 944 διακωμῳδεῐ
975 890 1053 927 κτλ.
1094 887 1373 927 Theodoretus
1395 888 1538 927 Affeet.
1565 901 1624 940 gr.
1646 901 1729 928 cur.
1755 891 1792 940 6,

205 951 273 998 88,
308 951 333 989 5
368 944 474 1004 (238
503 943 650 1003 Gaisf.)
684 946 704 988 ὁ
730 946 977 1001 Μένανδρος
1009 946 1052 987 ἐν
1078 947 1355 999 Δεισιδαίμονι
1385 948 1670 999 παραπλησίως
1700 948 1793 997 τοὺς

203 1007 250 1048 τὰ
281 1014 444 1050 τοιαῦτα
468 1013 798 1062 παρατηροῦντας
823 1011 916 1064 γελᾷ
942 1006 1068 1062 λέγων
1094 1005 1172 1047 ὡδί
1193 1010 1271 1047 κτλ.
1335 1007 1511 1047 Cramer.
1530 1009 1681 1048 Anecd.
1702 1010 1792 1049 Par.

203 1069 288 1109 IIII
322 1072 421 1110 251.
446 1067 464 1072 “
488 1072 524 1109 1.
556 1068 765 1120 πολύτιμοι
797 1068 1008 1122 Sylburg.]
1047 1062 1078 1108 ὦ
1116 1068 1386 1120 πολυτίμητοι.
1455 1066 1613 1121 ἀγαθόν
1645 1069 1684 1108 τί
1713 1065 1789 1124 μοιΙ

201 1127 366 1183 γένοιτο.
408 1132 452 1170 Β.
484 1130 522 1169 τί
552 1126 588 1169 δ’
624 1127 747 1177 ἓ’στιν;
779 1131 830 1168 A.
863 1123 894 1168 ὦ
926 1129 1185 1180 πολυτίμητοι
1215 1128 1311 1168 θεοί
1339 1128 1478 1168 Cobet.
1511 1129 1560 1168 N.
1592 1130 1618 1168 ].
1650 1131 1719 1169 56.
1754 1132 1792 1169 7.

204 1193 242 1230 2.
266 1189 343 1243 γὰρ
369 1191 459 1230 add.
479 1190 600 1229 Mein.
640 1191 678 1229 3.
705 1186 891 1241 ἐπέρρηξ’
920 1186 1060 1241 Mein]
1089 1185 1260 1241 διέρρηξ’
1291 1183 1529 1243 (διέρρηξα).
1575 1191 1614 1228 4.
1641 1188 1793 1241 σαθρὸς

203 1250 341 1290 Cobet.
380 1249 638 1303 σμικρολόγος
677 1250 918 1290 Theodoret.
974 1246 1037 1302 ἄρ’
1081 1247 1130 1290 οὗ
1167 1246 1301 1288 θέλων
1337 1247 1476 1299 Mein.]
1523 1247 1597 1288 οὐκ
1629 1247 1792 1289 ἐθέλων.

201 1309 252 1351 οὐ
283 1308 418 1351 θέλων
449 1309 592 1350 καινὸν
624 1309 736 1350 Grot.
767 1331 827 1336 -—
859 1311 907 1350 de
931 1310 1170 1353 ,discrimine
1203 1309 1312 1360 quod
1344 1311 1406 1348 est
1436 1309 1544 1347 inter
1577 1309 1792 1362 πολύτιμος

202 1373 243 1412 et
273 1371 537 1423 πολυτίμητος
568 1371 618 1410 ef.
644 1370 770 1409 Aris-t.
796 1370 872 1410 Av.
907 1373 1004 1410 667.
1036 1370 1136 1410 Ran.
1170 1371 1254 1409 337
1283 1382 1375 1408 eum
1406 1369 1574 1420 interpr.

957 1487 1040 1530 110

418 1573 473 1616 οὐ
506 1573 577 1615 δεῖ
604 1573 691 1629 γὰρ
724 1570 1115 1625 ἀδικεῖνρίκέτας,
1148 1570 1292 1620 ἄλλως
1322 1585 1369 1612 τε
1400 1567 1474 1612 καὶ

361 1638 367 1641 χ
418 1645 525 1688 ὅταν
557 1641 649 1702 μετ’
685 1645 864 1695 εὐνοίας
894 1659 936 1686 τι
969 1643 1027 1700 μὴ
1060 1644 1255 1700 πονηρίᾳ

416 1719 684 1760 πταίσωσιν·
728 1718 915 1774 αἰσχρόν
947 1715 1040 1759 ἐστι
1070 1720 1203 1758 τοῦτο
1235 1715 1322 1770 γὰρ
1353 1713 1485 1757 πάνυ.

320 1805 519 1844 Stobaeus
557 1805 698 1845 Floril.
737 1806 782 1856 9,
823 1806 874 1843 11
928 1802 1178 1855 Μενάνδρου
1217 1801 1494 1852 Δεισιδαίμονι
1525 1802 1574 1841 Α.
1637 1798 1789 1848 οἰκέτας

200 1863 338 1905 Cobet.
351 1866 400 1904 N
415 1866 440 1904 l.
455 1864 531 1914 40]
558 1864 651 1913 τοὺς
677 1863 829 1912 οἰκέτας
854 1865 891 1903 Α
912 1865 1055 1914 Trine.‚
1081 1861 1175 1910 τοὺς
1201 1859 1330 1909 ἷκέτας
1355 1862 1490 1901 ceteri.
1543 1864 1580 1901 2.
1608 1859 1786 1911 εὐνοίας]

199 1923 357 1973 ἐννοίας
377 1926 425 1964 Α.
469 1923 636 1979 ἀγνοίας
661 1926 819 1976 Pflugk.
841 1925 982 1964 Sched.
1009 1924 1097 1963 orii-1.
1119 1925 1187 1963 19.
1225 1921 1399 1977 πονηρίᾳ
1418 1920 1577 1973 BentL]
1605 1927 1787 1974 πονηρᾶς

199 1985 248 2024 Α.
299 1987 339 2026 3.
370 1990 485 2025 τοῦτο
517 1985 593 2039 γάρ
626 1984 729 2025 ἐστιν
760 1984 869 2024 πάνυ
902 1985 988 2024 eod.
1039 1983 1293 2034 transposuit
1324 1983 1448 2020 Dobr.

953 2101 1037 2144 111

489 2173 563 2218 καὶ
594 2177 748 2232 τυφλῷ
783 2174 922 2228 δῆλον
1091 2181 1094 2183 ’

318 2293 328 2302 .
348 2293 358 2302 .
379 2293 388 2301 .
414 2260 606 2315 μέμνηται
630 2261 779 2317 ταύτης,
799 2259 866 2300 καὶ
885 2257 1130 2312 Μένανδρος
1151 2259 1437 2310 Λεισιδαίμονι.
1471 2258 1605 2298 Sehol.
1626 2258 1785 2297 Platon.

202 2324 285 2363 372
319 2323 447 2363 Bekk.

951 2415 971 2456 1
980 2415 1034 2456 12

489 2487 677 2537 ὀλόλους

317 2574 411 2622 τοὺς
454 2574 749 2626 δεισιδαίμονας
793 2572 963 2613 ἐκάλουν
1007 2570 1290 2622 οἰωνιζόμενοι.
1362 2567 1608 2620 Μένανδρος
1652 2569 1783 2607 Δεισι-

199 2634 359 2687 δαίμονι
388 2635 571 2674 Photius.
633 2635 683 2674 cf.
715 2634 960 2684 Theopomp.
993 2645 1092 2672 eom.
1127 2633 1195 2671 61.

316 2695 534 2735 Praeterea
565 2695 614 2734 cf.
647 2696 747 2734 530.
780 2695 879 2734 544.
912 2693 1049 2743 adesp.
1086 2692 1182 2731 105.

828 2819 1154 2854 ΔΗΜΙΟΤΡΓΟΣ

322 2898 454 2938 Schol.
498 2898 625 2937 Arisfi.
668 2899 743 2950 Eq.
788 2895 875 2938 650
921 2891 981 2950 (eb
1026 2894 1135 2933 Suid.
1181 2886 1470 2946 δημιουργούς)
1516 2888 1785 2942 δημιουργοὺς

200 2956 370 2999 ἐκάλουν
394 2956 462 2997 καὶ
480 2956 549 3005 τὰς
569 2962 646 2997 νῦν
671 2955 884 3011 λεγομένας
909 2953 1210 3006 ὑπονυμφίδας,
1234 2950 1407 2992 τουτέστι
1430 2950 1504 3003 τὴν
1529 2955 1785 3002 παρεστῶσαν

272 3031 388 3059 comm
407 3032 520 3066 graeci,
540 3032 586 3059 ed.
608 3032 664 3059 mh.
682 3032 780 3059 Kook.
799 3031 858 3058 ΠΙ.
1476 3023 1496 3051 3
