2014 3334
576 264 799 299 AAKAINA
826 284 870 289 —
896 264 1101 298 ΑΔΗΛῼΝ
1124 262 1386 299 ΔΡΑΜΑΤΩΝ
1681 262 1765 305 291

309 375 517 416 Stobaeus·
534 376 673 416 Floril.
694 378 763 426 53,
792 380 814 417 7
844 373 1146 430 Ἀπολλοδώρου
1172 375 1349 417 Παιδίον
1374 375 1544 416 Vindob.
1582 372 1767 416 Ἀπολλο-

191 434 325 491 δώρου
356 435 542 477 Παιδίων
572 436 621 476 A.
671 436 830 493 Παιδίῳ
863 436 988 476 Gaisf.
1040 435 1102 491 γε]
1135 434 1178 476 δὲ
1209 437 1293 477 AB.

746 565 1221 599 HAPAAOFIZOMENOI

310 640 370 682 cf.
388 640 509 680 Mein.
521 640 542 681 I
559 642 645 681 467
667 642 709 680 et
728 641 776 680 de
796 642 919 681 verbo
938 640 1272 694 παραλογίζεσθαι
1291 640 1460 680 Philam.
1482 642 1549 680 32.
1582 640 1768 681 Aeschin,

191 703 230 752 1,
252 703 335 742 117
369 699 524 757 ἀπάτῃ
554 698 632 741 τινὶ
661 701 1028 768 παραλογισάμενος
1058 699 1234 753 ὑμᾶς.2,
1264 702 1346 740 128
1380 699 1529 754 μεγάλα
1558 698 1632 751 τὴν
1655 699 1773 740 πόλιν

187 761 499 815 παραλογίζεται.

957 844 975 885 1
986 844 1008 885 1

408 925 463 969 οὐ
495 926 567 968 δεῖ
595 919 860 983 λέγεινέγὰρ
892 926 1109 982 μακάριον
1140 926 1220 969 τὸν
1250 927 1450 982 χρήματα

408 999 567 1054 ἔχοντα
598 1001 796 1053 πλεῖστα,
826 999 907 1041 τὸν
939 995 997 1041 δὲ.
1020 998 1078 1054 μὴ
1111 998 1406 1053 λυπούμενον.

312 1086 511 1126 Stobaeus
541 1085 682 1125 Floril.
711 1087 780 1135 99,
810 1088 861 1126 17
891 1081 1195 1139 Ἀπολλοδώρου
1227 1084 1593 1139 Παραλογιζόμενοι
1625 1086 1673 1126 Α.
1738 1088 1775 1126 1.

191 1143 267 1199 γὰρ
299 1146 390 1186 add.
422 1145 535 1185 Grot.

838 1225 1130 1260 ΣΤΝΕΦΗΒΟΙ

958 1300 1014 1342 12

411 1381 592 1437 σχιστὸν
622 1383 887 1438 χιτωνίσκον
918 1380 1003 1426 τιν’
1041 1381 1300 1434 ἐνδέδυκας;

314 1468 553 1508 Ammonius
579 1470 662 1509 133
696 1469 859 1521 σχισταί,
890 1467 938 1508 τὰ
968 1467 1206 1521 ὑποδήματα
1239 1501 1247 1509 .
1280 1499 1290 1509 .
1322 1499 1332 1508 .
1365 1467 1515 1521 σχιστὸς
1548 1466 1590 1508 δὲ
1622 1466 1775 1521 ἀρσενι-

194 1533 275 1576 κῶς
305 1526 422 1581 χιτὼν
451 1532 690 1582 γυναικεῖος.
742 1525 1038 1582 Ἀπολλόδωρος
1075 1529 1336 1598 Συνεφήβοις
1366 1532 1445 1569 κτλ.
1500 1525 1574 1568 τιν’
1611 1527 1775 1581 Scalig]

197 1586 298 1628 τινὰ.
346 1589 388 1628 in
433 1589 545 1628 exitu
577 1586 646 1637 0453
691 1589 778 1628 add.
811 1589 935 1630 Mein.
972 1590 1033 1629 ed
1070 1591 1182 1641 mai„
1225 1590 1304 1629 m'si
1341 1590 1423 1629 sint
1459 1591 1620 1629 tetram.
1657 1589 1777 1628 iamb.

195 1649 402 1700 reliquiae.
447 1647 523 1688 συν
542 1647 710 1722 ἐφήβοις
730 1649 816 1689 cod.
830 1648 939 1700 Pan]
960 1648 1003 1689 ἐν
1023 1648 1201 1702 ἐφήβοις.
1231 1651 1280 1689 cf
1294 1650 1414 1689 Mein.
1427 1649 1561 1690 1467.
1574 1649 1779 1688 —Pollux

202 1710 239 1759 7,
273 1710 328 1749 54
367 1706 388 1749 ὁ
426 1705 470 1748 δὲ
507 1707 658 1760 σχιστὸς
695 1707 812 1761 χιτὼν
848 1708 1036 1763 περόναις
1077 1709 1177 1749 κατὰ
1219 1709 1311 1758 τοὺς
1355 1708 1490 1761 ὤμους
1531 1709 1674 1762 διεῖρτο
1712 1706 1779 1748 καὶ

135 1791 138 1795 ’
196 1766 331 1824 πόρπῃ
362 1766 461 1808 κατὰ
491 1767 539 1807 τὰ
570 1766 710 1821 στέρνα
740 1768 903 1821 ἕνῆπτο·
934 1768 1107 1810 ἐκαλεῖτο
1140 1767 1183 1809 δὲ
1201 1768 1268 1809 καὶ
1286 1767 1307 1810 ὁ
1326 1775 1407 1809 τῶν
1430 1767 1648 1822 παρθένων
1674 1767 1778 1809 οὕτω

197 1827 445 1880 χιτωνίσκος,
482 1822 532 1868 οὗ
569 1827 866 1883 παραλύσαντες
904 1824 942 1883 (-
950 1824 1088 1884 σασαι)
1132 1827 1222 1883 ἄχρι
1257 1828 1364 1878 τινὸς
1400 1828 1469 1877 τὰς
1506 1827 1700 1883 πτέρυγας
1737 1826 1780 1868 ἐκ

198 1892 268 1940 τῆς
298 1887 404 1928 κάτω
435 1886 554 1940 πέζης
584 1886 837 1941 παρέφαινον
868 1888 962 1938 τους
991 1888 1156 1943 μηρούς.

744 2018 950 2052 ΑΔΗΛΩΝ
974 2017 1235 2052 ΔΡΑΜΑΤῼΝ

964 2091 1019 2134 13

418 2173 490 2216 δεῖ
515 2173 597 2216 τὸν
628 2173 850 2231 ἀκροατὴν
879 2173 953 2218 καὶ
985 2175 1174 2218 συνετὸν
1205 2175 1345 2225 ὅντως
1375 2173 1531 2230 κριτὴν

417 2246 504 2301 πρὸ
534 2252 626 2288 τῶν
656 2245 911 2302 λεγομένων
940 2247 1020 2289 τὸν
1050 2248 1152 2302 βίον
1184 2247 1458 2300 διασκοπεῖν,

417 2319 544 2368 ποῖός
574 2333 641 2369 τις
672 2318 695 2361 ὁ
727 2318 870 2374 λέγων
901 2317 974 2362 καὶ
1005 2320 1164 2374 πόθεν,
1195 2317 1269 2361 καὶ
1299 2318 1382 2373 τὴν
1413 2316 1558 2373 ἀκμὴν

419 2388 467 2432 ἐκ
499 2390 659 2441 παιδὸς
689 2390 829 2433 αὐτοῦ
860 2391 971 2447 πρὸς
1001 2392 1048 2432 τί
1075 2390 1386 2446 καταθέμενος.

379 2472 399 2503 5
420 2460 559 2504 αὑτοῦ
590 2463 812 2518 προδότης
843 2464 976 2513 κακός
1007 2478 1052 2504 τε
1083 2468 1161 2517 τῆς
1193 2462 1310 2519 ὥρας
1342 2461 1505 2517 φύλαξ·

421 2531 603 2588 μάλισθ’
640 2533 663 2576 ὁ
696 2540 899 2585 τοιοῦτος
930 2533 1165 2592 ἀνατρέπει
1196 2540 1344 2576 πᾶσαν
1375 2535 1517 2575 πόλιν.

421 2602 556 2647 οὐδὲν
586 2606 672 2661 γὰρ
704 2607 890 2663 αἰσχρόν
921 2606 1042 2649 ἐστιν
1073 2607 1211 2649 αὐτὸν
1243 2605 1490 2660 ἀποτυχεῖν.

420 2675 664 2732 πράττουσι
694 2678 857 2720 πάντα·
894 2679 976 2733 τὴν
1007 2678 1092 2734 γὰρ
1124 2678 1343 2733 αἰσχύνην
1374 2676 1508 2719 πάλαι

421 2753 571 2790 πᾶσαν
602 2748 906 2793 ἀπολωλέκασι
937 2746 1044 2792 καθ’
1079 2748 1228 2805 ἑτέρας
1259 2749 1416 2804 θύρας.

363 2830 404 2861 ιο
426 2818 538 2875 ὅθεν
569 2819 782 2877 ἐπιχειρεῖ
808 2819 936 2863 πάντ’
973 2820 1373 2877 ἀπηρυθριακότως

424 2889 606 2942 ἕκαστος
637 2891 801 2946 αὐτῶν,
831 2893 943 2948 πρὸς
975 2889 1024 2934 δὲ
1055 2889 1182 2934 πάντ’
1219 2889 1340 2934 ἐστὶν
1370 2890 1559 2945 θρασύς,

423 2961 620 3017 ψεύδετ’,
652 2962 861 3019 ἐπιορκεῖ,
893 2970 1120 3020 μαρτυρεῖ,
1153 2963 1431 3019 δικορραφεῖ,

1427 3030 1497 3066 19*
