2014 3334
625 237 927 271 ΚΑΝΗΦΟΡΟΣ
954 256 996 261 -
1024 236 1374 270 ΚΑΡΧΗΔΟΝΙΟΣ
1725 233 1780 275 75

202 350 427 390 Moinekius
453 349 564 390 Stob.
589 350 631 389 II
652 364 676 389 v
700 345 893 401 ’νομίζειν
925 344 1061 395 θεούς’
1099 349 1161 387 est
1195 344 1306 387 ‘deos
1331 348 1493 398 publica
1525 347 1612 398 lege
1644 359 1780 397 recep-

201 412 264 450 tos
303 411 450 460 oolere;
488 412 596 450 reete
634 410 756 449 etiam
789 411 830 448 et
867 409 951 448 fere
987 408 1257 448 necessarium
1290 411 1377 447 νῦν.
1440 420 1486 447 eo
1519 407 1670 446 scilicet
1701 407 1782 445 iam

204 472 370 511 ventum
409 473 471 510 est
506 471 555 509 ut
591 482 713 520 penes
746 482 865 520 quem
895 470 1076 520 potestas
1109 470 1171 507 est
1211 480 1283 518 pro
1317 468 1390 507 deo
1423 462 1607 506 colatur?
1673 468 1710 506 1.
1741 462 1782 517 ἡ,

203 530 273 570 sed
313 542 412 570 corr.
451 545 501 569 m.
538 542 616 569 ree.
654 523 685 569 ὦ
718 530 834 569 Voss.
871 528 993 568 Hens.
1055 527 1227 567 Photius
1266 528 1338 578 85,
1380 529 1400 566 1
1443 525 1597 577 ἐτιμᾶτο
1637 523 1679 565 δὲ
1716 524 1783 565 καὶ

197 585 420 642 Ἀθήνησιν
457 586 482 641 ἡ
517 585 716 629 Ἀναίδεια
753 586 820 628 καὶ
857 587 963 641 ίερὸν
1000 581 1053 639 ἧν
1084 585 1227 639 αὐτῆς,
1265 584 1318 634 ὡς
1344 583 1494 638 Ἴστρος
1526 585 1568 626 ἐν
1601 580 1671 625 ιδ’.
1733 587 1783 625 cf.

203 650 348 690 Zenob.
374 651 414 701 4,
447 652 514 690 36.
564 649 800 702 Diogenian.
828 650 866 701 5,
900 650 955 687 24
987 643 1124 702 (Vind.
1154 649 1192 699 2,
1226 641 1316 700 91).
1367 646 1486 698 Greg.
1519 646 1638 697 prr.
1670 646 1781 685 Leid.

203 712 241 762 2,
274 711 344 750 28.
393 710 540 750 Macar.
573 710 612 761 4,
646 710 713 750 65.
764 709 882 748 Paus.
918 710 954 760 1,
988 709 1056 758 28,
1090 709 1129 747 5.
1179 707 1259 746 Cio.
1291 707 1388 758 Leg.
1422 708 1461 757 2,
1497 708 1562 756 11,
1596 707 1665 745 28.

953 848 1039 892 258

422 933 524 992 περὶ
555 934 634 977 τὸν
665 933 885 990 τράχηλον
916 931 1104 975 ἁλύσιόν
1135 933 1181 975 τί
1209 942 1280 974 σοι
1313 933 1438 974 δότω.

324 1022 495 1061 Bekker.
515 1021 664 1061 Anecd.
687 1023 785 1073 380,
808 1022 864 1061 30
897 1018 1080 1060 ἁλύσιον·
1106 1017 1346 1070 ἆλυσείδιον,
1366 1017 1532 1058 πλόκιον
1557 1017 1787 1071 περιτραχή-

205 1084 303 1122 λιον.
365 1080 609 1134 Μένανδρος
639 1082 796 1136 Καρίνῃ
829 1083 906 1120 κτλ.
969 1079 1078 1120 Suid.
1117 1077 1299 1120 ἇλύσιον·
1342 1079 1509 1119 πλοκίου
1548 1076 1663 1132 γένος
1700 1077 1789 1130 περὶ

202 1140 272 1181 τὸν
308 1140 512 1193 τράχηλον.
575 1139 819 1195 Μένανδρος
861 1140 1019 1196 Καρίνῃ
1056 1142 1134 1179 κτλ.
1196 1138 1248 1190 τι]
1294 1154 1351 1187 τις
1390 1140 1521 1178 Bentl.
1566 1139 1672 1190 quod
1718 1152 1789 1178 cur

201 1202 510 1253 praeferendum
549 1202 603 1241 sit
638 1215 719 1242 non
755 1201 884 1242 video.
938 1213 1067 1251 neque
1106 1200 1266 1239 felicius
1304 1215 1371 1251 μοι
1407 1200 1555 1252 Bergk.
1596 1212 1669 1250 pro
1714 1209 1788 1238 σοι.

204 1262 321 1302 docet
351 1262 443 1301 lena
473 1262 663 1313 puellam,
696 1262 897 1313 quomodo
929 1262 1151 1300 amatorem
1183 1273 1398 1312 emungere
1431 1261 1598 1310 argento
1630 1259 1787 1298 debeat.

204 1343 260 1349 -
294 1322 344 1361 of.
376 1322 584 1373 Aristoph.
617 1322 663 1361 fr.
700 1324 798 1373 320,
833 1323 899 1360 12.
936 1321 1111 1360 Nicostr.
1144 1322 1212 1360 33.
1252 1320 1470 1371 Philippid.
1503 1321 1572 1359 33.

948 1461 1035 1504 259

324 1549 557 1589 Athenaeus
595 1551 644 1599 4,
686 1550 809 1589 175a
859 1546 1100 1600 μνημονεύει
1143 1554 1222 1587 τῶν
1265 1548 1473 1602 γίγγρων
1516 1546 1650 1587 αὐλῶν
1695 1577 1704 1587 .
1737 1577 1746 1586 .
1778 1577 1788 1586 .

207 1607 452 1664 Μένανδρος
483 1608 526 1649 ἐν
556 1608 727 1665 Καρίνῃ.
789 1609 838 1648 cf.
870 1608 1059 1660 Amphid.
1096 1610 1162 1647 14.

820 1749 1172 1783 ΚΑΡΧΗΔΟΝΙΟΣ

325 1826 498 1866 Plautus
531 1826 698 1865 Poenul.
723 1826 824 1876 prol.
853 1827 907 1866 53
943 1825 1232 1865 Carchedonius
1263 1826 1422 1864 vocatur
1452 1826 1545 1863 haec
1576 1823 1791 1863 comoedia:

205 1888 324 1926 latine
342 1887 510 1926 Plautus
528 1887 701 1935 paitraus
726 1886 1092 1935 Pultophaydnides.
1136 1885 1421 1924 Menandream
1453 1884 1634 1923 fabulam
1666 1883 1789 1934 signi-

204 1946 316 1986 ficari
352 1947 521 1985 eredunt
551 1946 752 1997 plerique,
791 1948 915 1998 negat
940 1945 1195 1984 Duebnerus:
1236 1958 1481 1997 quamquam
1513 1944 1617 1983 alius
1647 1945 1789 1993 poetae

203 2005 479 2059 Καρχηδόνιος
509 2006 627 2045 hodie
660 2006 822 2056 quidem
853 2019 933 2045 non
963 2007 1062 2045 nota
1093 2007 1165 2045 est.

956 2146 1047 2190 260

494 2229 763 2287 ἐπιθυμίσας
793 2235 854 2289 τῷ
887 2228 1034 2288 Βορέᾳ
1067 2231 1186 2273 ϊδιον

493 2302 684 2360 ὀψάριον
716 2299 852 2346 οὐδὲν
883 2303 1061 2358 ἔλαβον,
1097 2301 1248 2357 ἑψήσω
1281 2306 1443 2357 φακῆν.

325 2402 560 2442 Athenaeus
593 2404 632 2454 9,
666 2403 784 2442 385e
826 2399 1074 2454 Μένανδρος
1104 2401 1369 2458 Καρχηδονίῳ
1400 2403 1478 2439 κτλ.
1541 2401 1596 2439 sio
1628 2400 1682 2449 A,
1715 2399 1793 2439 nisi

206 2463 314 2514 quod
342 2464 378 2501 1.
399 2467 468 2502 τῶι
488 2463 626 2515 βορεαι
646 2464 686 2502 et
709 2464 745 2502 2.
779 2459 875 2501 οὐδὲ
888 2462 949 2501 ἓν.
991 2464 1026 2501 1.
1048 2460 1317 2512 ἐπιθυμιάσας
1336 2463 1377 2500 et
1403 2460 1625 2512 λιβανίδιον
1644 2460 1792 2510 Benffl„

204 2521 389 2575 κρεάδιον
420 2523 545 2563 Dobr.
576 2520 659 2561 ἐπεὶ
690 2519 732 2561 δὲ
772 2521 904 2569 θύσας
937 2522 1128 2572 Oasaub„
1173 2519 1256 2561 ἐπεὶ
1293 2520 1493 2567 θυσιάσας
1530 2521 1668 2570 Mein,
1709 2517 1793 2559 ἐπεὶ

204 2579 247 2621 δὲ
277 2581 410 2630 θύσας
445 2584 499 2638 τῷ
536 2580 657 2637 βορέα
694 2580 745 2633 νὴ
784 2580 852 2621 τὸν
884 2581 963 2621 Δία
994 2582 1187 2633 Heringa.
1249 2581 1421 2620 Bentleii
1463 2580 1785 2619 emendationem

202 2642 350 2693 probat
381 2641 519 2682 Cobet.
549 2642 598 2681 N.
631 2643 658 2682 1.
692 2643 760 2682 92.
795 2644 832 2681 3.
896 2638 1034 2682 ‘verba
1066 2644 1160 2681 sunt
1191 2640 1429 2692 pauperculi
1467 2640 1682 2690 piscatoris
1718 2639 1788 2690 qui

205 2714 246 2741 se
284 2701 438 2741 frustra
472 2702 627 2742 Boreae
667 2703 878 2741 adolevisse
915 2702 1100 2753 queritur
1140 2723 1194 2729 -—
1235 2700 1332 2751 quid
1370 2699 1525 2752 igitur?
1572 2699 1678 2738 turis
1718 2699 1790 2737 ali-

205 2762 464 2813 quantulum:
495 2775 637 2812 nempe
661 2763 735 2801 hos
760 2762 932 2801 honores
953 2762 1036 2800 deis
1064 2761 1266 2800 habebant
1285 2755 1451 2810 inopes?
1485 2759 1584 2798 mihi
1609 2759 1789 2798 nondum

206 2821 334 2861 omnis
363 2821 564 2861 dubitatio
597 2823 764 2861 exemta.
818 2822 949 2861 ventis
981 2834 1061 2860 non
1094 2821 1363 2860 sacrificatum
1395 2832 1480 2859 esse
1513 2819 1592 2858 nisi
1625 2832 1716 2858 raro
1751 2820 1791 2857 et

205 2882 325 2921 certis
363 2882 605 2932 quibusdam
642 2882 690 2929 de
729 2881 860 2920 causis
899 2881 1014 2920 docet
1052 2880 1149 2919 Xen.
1187 2880 1262 2919 An.
1297 2882 1342 2930 4,
1377 2881 1415 2930 5,
1448 2881 1487 2918 4.
1550 2879 1598 2918 cf.
1632 2879 1789 2918 Aelian.

207 2940 259 2981 V.
292 2942 331 2980 h.
367 2943 432 2992 12,
467 2943 534 2981 61.
566 2941 731 2981 Preller.
765 2941 891 2991 Myth.
924 2936 1002 2992 gr.2
1034 2940 1054 2979 I
1088 2942 1185 2980 371.
