2014 3334
258 233 347 275 560
641 220 645 225 ’
906 236 1166 268 ΑΔΕΣΠΟΤΑ

257 343 320 383 ἐπὶ
351 350 429 383 τῶν
460 344 548 382 λίαν
579 343 846 396 παρορώντων
877 343 943 384 καὶ
973 343 1316 397 ἀμβλυωττόντων.
1366 347 1413 386 cf.
1444 346 1677 397 Diogenian.
1707 348 1745 397 5,
1766 349 1820 387 63

258 402 402 458 (λημᾷς
433 398 530 456 καὶ).
581 404 689 443 Suid.
734 404 892 457 χύτραις
935 407 1074 455 λημᾶν.
1130 406 1302 444 alterum
1343 408 1404 445 est
1434 406 1557 445 Arist.
1589 406 1692 444 Nub.
1725 408 1823 458 327,

257 464 368 512 prius
402 463 563 502 Lucian.
613 463 716 503 Adv.
747 464 826 502 ind.
861 466 926 503 23.
970 466 1038 503 vix
1081 465 1247 503 dubium
1287 468 1348 504 est
1391 466 1487 516 quin
1529 465 1653 504 etiam
1688 466 1762 505 hoc
1800 478 1822 504 e

259 523 408 561 comico
439 523 611 563 fluxerit.
662 536 706 562 ac
736 523 897 563 videtur
922 524 1108 574 antiquae
1141 525 1269 576 magis
1302 537 1404 564 esse:
1437 525 1504 564 sed
1535 525 1671 574 potuit
1700 525 1824 564 etiam

255 595 382 621 novae
414 586 534 632 poeta
564 582 876 632 Aristophanem
906 583 1067 622 imitari.

1002 699 1056 741 87
1065 701 1084 740 1

542 782 832 837 λυπηρότεροι
865 785 1119 836 σταλαγμοῦ

375 866 542 905 Photius
573 869 614 905 et
646 867 789 906 Suidas
821 866 886 906 διὰ
917 865 989 918 τὴν
1022 866 1063 906 ἐν
1088 870 1141 923 τῷ
1174 873 1345 920 συνεχῶς
1379 867 1687 915 καταστάζεσθαι
1718 866 1823 922 (per-

258 939 396 976 peram
428 926 758 973 καταδικάζεσθαι
788 927 903 966 Phot.
936 922 1040 981 cod.)
1067 925 1294 980 δυσχέρειαν
1325 925 1483 980 λέγεται.

999 1044 1086 1085 872

543 1113 791 1169 Μεγαρέων
824 1114 993 1170 δάκρυα

377 1201 546 1239 Bekker.
580 1201 728 1239 Anecd.
763 1202 859 1249 281,
894 1203 946 1240 26
980 1198 1067 1251 ἤτοι
1099 1200 1154 1239 ὅτι
1187 1199 1356 1253 σκόροδα
1387 1197 1479 1252 παρ’
1516 1199 1648 1248 αὐτοῖς
1677 1200 1824 1253 γίνεται

259 1258 415 1310 δριμέα,
458 1257 484 1310 ἢ
523 1259 580 1298 ὅτι
622 1259 805 1311 βασιλεὺς
848 1258 925 1299 ἀπὸ
963 1266 1040 1299 τῶν
1077 1260 1308 1312 Βακχιαδῶν
1348 1258 1512 1313 ’ἠγάγετο
1542 1260 1714 1299 Κλυτίου
1752 1265 1822 1299 τοῦ

256 1317 475 1372 Μεγαρέως
512 1317 732 1372 θυγατέρα,
773 1314 821 1369 ἧς
853 1318 1139 1370 ἀποθανούσης
1156 1351 1164 1359 .
1191 1350 1200 1359 .
1227 1351 1235 1359 .
1253 1318 1523 1370 ἀπεστάλησαν
1554 1318 1824 1371 θρηνήσοντες

255 1377 328 1428 τὴν
366 1379 558 1430 βασιλίδα.
610 1379 857 1429 Hesychius,
880 1379 994 1418 δοκεῖ
1029 1382 1186 1418 πλεῖστα
1230 1379 1408 1430 φύεσθαι
1451 1376 1496 1418 ἐν
1538 1385 1583 1433 τῇ
1623 1379 1824 1432 Μεγαρίδι

257 1437 459 1489 σκόροδα.
487 1469 495 1476 .
523 1469 531 1476 .
554 1438 744 1490 παροιμία
781 1436 843 1477 ἐπὶ
886 1444 976 1477 τῶν
1018 1444 1350 1490 προσποιητῶς
1393 1438 1717 1490 δακρυόντων.
1773 1439 1822 1477 cf.

258 1497 400 1536 suidas
432 1501 472 1536 et
504 1497 648 1536 Zenob.
682 1499 720 1549 5,
754 1500 790 1536 8.
840 1511 919 1537 non
950 1499 1125 1548 pertinet
1156 1499 1207 1537 ad
1238 1499 1361 1537 Arist.
1395 1498 1483 1537 Pac.
1518 1500 1613 1537 248.
1635 1500 1672 1538 9.

997 1614 1085 1656 873

541 1673 721 1715 νοττιὰν
750 1671 918 1715 τέκνων

374 1759 588 1798 Herodian.
624 1760 803 1799 Boisson.
835 1758 983 1798 Anecd.
1014 1759 1075 1797 III
1115 1761 1198 1798 267
1248 1757 1290 1798 τὸ
1333 1756 1404 1809 μὲν
1448 1757 1599 1808 φωλεός
1642 1756 1704 1798 ε’πὶ
1746 1763 1823 1797 τῶν

256 1816 426 1870 ἑρπετῶν
458 1815 567 1874 ζῴων
592 1818 782 1868 τάσσεται,
814 1818 922 1869 κοίτη
955 1816 1018 1857 ἐπὶ
1042 1817 1272 1870 ἀνθρώπων
1295 1850 1303 1857 .
1334 1849 1342 1857 .
1372 1849 1380 1857 .
1404 1815 1424 1856 ὅ
1450 1823 1549 1870 γοῦν
1577 1816 1700 1870 λέγων
1731 1829 1823 1857 νοσ-

257 1877 348 1916 σιὰν
378 1876 525 1916 τέκνων
556 1877 800 1930 ἀκυρολογεῖ.
855 1876 970 1916 τέκνα
999 1876 1074 1930 γὰρ
1106 1876 1169 1917 ἐπὶ
1198 1877 1442 1931 ἀνθρώπων,
1473 1876 1629 1917 νεοσσοὶ
1662 1875 1725 1916 ἐπὶ
1755 1874 1821 1929 ὄρ-

257 1937 397 1976 νίθων.
450 1938 581 1977 Lexic.
602 1938 771 1977 Vindob.
806 1939 903 1988 317,
938 1940 990 1976 18
1022 1938 1176 1976 Nauck.
1207 1939 1391 1976 Ammon.
1419 1939 1501 1976 145
1534 1947 1642 1976 νοσσ.
1673 1942 1764 1975 τῶν
1787 1951 1820 1976 τ.

255 1998 304 2036 cf.
336 1997 469 2047 Etym.
503 1997 605 2037 Gud.
639 1999 736 2048 560,
769 1999 835 2036 31.
885 1997 1039 2048 tragico
1070 1997 1216 2036 tribuit
1246 1997 1400 2036 Nauck.

993 2113 1076 2155 874

538 2203 632 2245 ταῖς
664 2196 877 2250 Νύμφαις
910 2195 1051 2250 ἰσῆλιξ

375 2283 517 2321 Pollux
550 2284 587 2332 2,
622 2284 688 2321 16.
740 2283 787 2321 cf.
815 2284 912 2322 860.
946 2283 1113 2321 Bekker.
1139 2282 1285 2320 Anecd.
1319 2283 1387 2330 43,
1422 2283 1476 2320 20
1508 2280 1652 2332 ἰσῆλιξ·
1687 2279 1816 2320 καινό-

254 2355 366 2393 τερον
408 2346 478 2381 τοῦ
522 2338 739 2392 ἡλικιώτης.
800 2342 937 2392 itaque
974 2343 1048 2380 hoc
1085 2341 1245 2393 quidem
1281 2341 1552 2391 fragmentum
1590 2341 1639 2379 ad
1677 2353 1822 2380 novam

255 2401 498 2440 comoediam
530 2401 690 2440 videtur
720 2401 935 2450 pertinere:
969 2402 1038 2440 sed
1070 2414 1094 2440 a
1123 2400 1286 2450 reliquis
1319 2400 1528 2450 seiungere
1559 2400 1682 2439 nolui.

997 2517 1084 2559 875

539 2586 784 2629 νυσταλέον
814 2589 1045 2644 γερόντιον

374 2673 546 2712 Cramer.
579 2673 725 2713 Anecd.
759 2673 829 2712 Ox.
862 2673 881 2711 I
915 2676 1011 2724 299,
1044 2675 1095 2712 31
1144 2670 1276 2722 ἐπειδὴ
1316 2670 1566 2711 ἐπινεύουσιν
1605 2671 1646 2711 οἵ
1672 2670 1817 2723 κοιμώ-

255 2746 379 2784 μενοι,
410 2731 487 2771 ἀπὸ
525 2732 666 2772 τούτου
705 2732 852 2785 εἴρηται
888 2731 954 2771 καὶ
990 2731 1032 2771 τὸ
1071 2731 1288 2778 νυστάζειν·
1326 2730 1433 2782 παρὰ
1468 2729 1509 2770 τὸ
1539 2730 1744 2778 νυστάζειν
1775 2728 1818 2769 δὲ

253 2789 295 2830 τὸ
332 2791 526 2831 νύσταλον
561 2791 772 2845 γερόντιον.
824 2793 996 2843 Etymol.
1027 2806 1078 2830 m.
1114 2793 1211 2840 609,
1244 2792 1297 2829 38
1337 2789 1403 2829 καὶ
1439 2788 1652 2842 ῥηματικὸν
1693 2787 1819 2840 ὄνομα

254 2850 635 2903 νυσταλογερόντιον.
686 2851 826 2901 scripsi
851 2849 1064 2890 νυσταλέον
1088 2866 1123 2903 γ.
1149 2851 1199 2889 ad
1219 2851 1444 2901 analogiam
1463 2850 1668 2888 nominum
1698 2847 1818 2902 ἀργα-

254 2907 358 2960 λέος,
391 2908 629 2961 θαρσαλέος,
661 2908 885 2963 λευγαλέος,
918 2907 1174 2962 σμερδαλέος,-
1202 2907 1408 2956 τινθαλέος
1439 2910 1489 2948 al.
1533 2920 1626 2948 nam
1657 2907 1818 2960 ἀμαλός,
