2014 3334
247 217 333 259 266
610 223 613 227 '
891 221 1190 255 ΜΕΝΑΝΔΡΟΤ

979 352 1096 395 1094

467 436 615 491 ψυχὴν
648 437 764 491 ἔχειν
797 437 868 478 δεῖ
894 437 1131 478 πλουσίαν·
1163 437 1216 479 τὰ
1247 435 1297 480 δὲ
1327 440 1526 494 χρήματα

461 505 582 549 ταῦτ’
620 505 740 550 ἐστὶν
772 509 888 562 ὄψις,
919 507 1238 565 παραπέτασμα
1268 516 1348 552 τοῦ
1378 513 1493 566 βίου.

367 594 564 633 Stobaeus
595 595 733 634 Floril.
768 597 836 646 93,
872 598 907 634 1.
957 597 1007 635 cf.
1038 596 1257 646 Antiphan.
1290 599 1387 637 327.
1438 598 1596 638 Alexid.
1629 601 1725 639 340.

982 712 1094 754 1095

462 794 543 850 οὐχ
576 794 599 836 ὁ
632 796 763 849 λόγος
794 794 917 847 αὔξει
948 795 1029 850 τὴν
1060 794 1220 852 τέχνην
1250 798 1459 853 περισσὸς
1490 799 1568 852 ὤν,

461 863 556 907 ἀλλ’
593 865 705 908 αὐτὰ
735 874 893 922 κοσμεῖ
919 867 1002 922 τὴν
1032 866 1192 923 τέχνην
1223 868 1276 910 τὰ
1307 869 1550 924 πράγματα.

367 953 563 991 Stobaeus
583 953 667 991 1301.
689 956 727 1002 2,
751 954 816 1001 15,
840 955 892 992 19
926 954 1127 994 Wachsm.
1159 954 1419 1007 Μενάνδρου.
1452 957 1519 995 sed
1546 957 1684 996 Floril.
1706 959 1773 1008 60,
1795 959 1819 997 3

239 1008 484 1063 Ἑρμοδότου
517 1012 565 1051 Α.
615 1014 663 1051 cf.
696 1013 815 1052 Mein.
849 1013 958 1053 Sfiob.
991 1014 1075 1053 IIII
1106 1028 1214 1054 xxlx.

979 1131 1091 1173 1096

461 1214 728 1269 αἰσχύνομαι
758 1216 1028 1257 πλουτοῦντι
1059 1215 1304 1270 δωρεῖσθαι
1335 1217 1466 1274 φίλῳ,

461 1286 521 1340 μή
553 1284 597 1341 μ’
634 1286 812 1342 ἄφρονα
842 1287 973 1342 κρίνῃ
1004 1284 1078 1329 καὶ
1111 1287 1264 1337 διδοὺς
1295 1288 1435 1330 αἰτεῖν
1466 1289 1594 1331 δοκῶ.

366 1372 549 1422 Compar.
586 1373 689 1411 Men.
735 1375 775 1411 ei}
822 1374 921 1411 Phil.
959 1387 996 1423 p.
1030 1375 1114 1413 358
1162 1369 1431 1425 (Studemund
1471 1377 1539 1415 49.
1571 1377 1628 1414 50
1661 1390 1698 1426 p.
1732 1370 1819 1429 22).

244 1431 488 1470 Plutarchus
506 1433 606 1472 Mor.
628 1434 712 1471 384
726 1434 750 1471 d
782 1430 809 1471 ἃ
830 1432 1070 1484 Δικαίαρχος
1089 1432 1317 1485 Εὐριπίδην
1348 1434 1469 1473 οἴεται
1499 1434 1597 1486 πρὸς
1612 1431 1820 1487 Ἀρχέλαον

245 1490 388 1530 εἰπεῖν·
421 1490 469 1530 οὐ
489 1492 685 1544 βούλομαι
712 1514 757 1519 -
781 1489 917 1543 πένης,
946 1492 951 1542 Ι
980 1491 1033 1543 μή
1056 1514 1110 1519 —-
1131 1493 1268 1548 κρίνῃς
1288 1490 1314 1544 ἢ
1333 1497 1411 1533 κτλ.
1461 1495 1674 1534 videbatur
1692 1495 1819 1546 igibur

245 1551 490 1590 Dicaearcho
534 1552 748 1602 Euripides
794 1548 870 1591 ‘his
915 1553 1100 1592 versibus
1143 1554 1184 1591 in
1227 1553 1360 1592 nescio
1406 1567 1485 1604 qua
1524 1551 1677 1593 fabula'
1723 1551 1821 1607 (non

245 1606 456 1663 Archelao)
507 1607 619 1650 ‘usus
664 1624 750 1651 esse
795 1614 976 1661 respectu
1018 1612 1208 1651 Archelai
1251 1613 1376 1664 regis,
1421 1614 1527 1664 apud
1572 1626 1690 1666 quem
1734 1617 1820 1653 num

246 1667 509 1710 versabatur’.
560 1671 676 1711 Mein.
709 1671 791 1710 1111
827 1674 923 1712 707.
975 1673 1023 1711 of.
1056 1673 1210 1711 Nauck.
1243 1673 1336 1711 Eur.
1370 1674 1417 1711 fr.
1452 1675 1549 1712 960.
1583 1695 1638 1700 -—
1674 1676 1709 1712 1.
1743 1673 1820 1712 δω-

245 1733 402 1782 ρεῖσθαι
432 1730 604 1781 Morell]
640 1726 955 1785 δωρή(ί)σασθαι
988 1730 1066 1777 QP.
1132 1735 1169 1770 2.
1202 1731 1325 1771 διδῶν
1358 1732 1401 1779 Q.
1452 1733 1576 1772 δίδων
1607 1733 1650 1772 Ρ.

975 1849 1088 1890 1097

459 1930 516 1974 ἂν
548 1931 725 1986 ἀγνοῶν
756 1947 798 1974 τι
828 1931 948 1989 παρά
978 1947 1100 1982 τινος
1130 1931 1267 1988 θέλῃς
1297 1936 1474 1988 μαθεῖν,

458 2004 508 2046 τὸ
540 2009 620 2046 τοῦ
652 2008 858 2059 μαθητοῦ
891 2010 1084 2060 πρῶτον,
1117 2005 1186 2059 ἔχε
1217 2004 1300 2059 τὴν
1331 2004 1472 2059 σιγήν.

365 2090 547 2141 Compar.
581 2092 684 2131 Men.
723 2094 764 2130 et
801 2091 903 2129 Phil.
937 2093 1020 2130 363
1062 2086 1332 2143 (studemund
1366 2092 1463 2130 159.
1497 2091 1552 2129 60
1590 2104 1626 2139 p.
1659 2091 1726 2129 30.
1763 2083 1818 2143 1).

249 2149 487 2200 Φιλήμονος.
546 2153 628 2190 367
669 2150 931 2202 Μενάνδρου.
982 2151 1089 2200 apud.
1131 2150 1453 2189 Stude'mundum
1491 2149 1709 2188 Menandro
1747 2149 1818 2187 tri-

246 2210 392 2249 buitur.
479 2214 512 2249 1.
545 2209 615 2249 έὰν
648 2211 732 2250 cod.
815 2212 851 2249 2.
883 2208 930 2248 τὰ
961 2232 1018 2236 -—
1049 2215 1205 2262 πρῶτα,
1236 2207 1309 2260 τὴν
1342 2207 1457 2262 σιγὴν
1489 2207 1548 2260 ἔχε
1580 2204 1672 2260 (τὴν
1705 2205 1818 2261 σιγὴν

244 2267 328 2320 ἔσχε
350 2264 454 2322 363)
488 2270 606 2310 Mein.
657 2273 699 2308 at
731 2283 887 2320 semper
918 2270 1025 2320 quod
1053 2270 1178 2308 sciam
1203 2267 1319 2321 σιγὴν
1346 2267 1460 2320 ἔχειν,
1491 2281 1571 2307 non
1595 2266 1668 2318 τὴν
1690 2266 1818 2320 σιγήν.

246 2331 424 2368 ceterum
455 2330 502 2368 of.
536 2329 671 2369 Cobet.
704 2330 752 2368 N.
785 2330 810 2368 1.
844 2329 911 2368 45.

974 2433 1087 2475 1098

459 2515 482 2558 ὁ
513 2516 572 2571 μὴ
604 2515 794 2570 γέλωτος
825 2515 946 2569 ἄξιος
977 2514 1033 2558 ἂν
1064 2509 1092 2572 ᾗ
1122 2514 1273 2570 γέλως,

459 2587 592 2638 αὐτὸς
622 2587 791 2643 πέφυκε
824 2594 904 2631 τοῦ
935 2587 1125 2642 γέλωτος
1154 2586 1411 2640 κατάγελως.

367 2674 548 2724 Compar.
582 2675 685 2713 Men.
718 2677 758 2713 et
790 2675 891 2713 Phil.
915 2677 998 2714 363
1033 2671 1301 2725 (studemund
1336 2675 1439 2724 157.
1465 2674 1489 2711 8
1522 2687 1560 2723 p.
1582 2667 1658 2725 30)
1693 2672 1815 2723 Φιλή-

247 2748 380 2783 μονος.
414 2735 498 2772 367
520 2733 780 2782 Μενάνδρου.
852 2736 888 2773 1.
915 2731 935 2772 ὅ
966 2731 1087 2786 γέλως
1112 2730 1162 2771 ἂν
1187 2730 1240 2784 μὴ
1267 2727 1293 2783 ἦ
1319 2737 1388 2771 τοῦ
1413 2730 1578 2785 γέλωτος
1609 2729 1717 2779 ἄξιος
1737 2732 1815 2778 QP.

247 2790 355 2840 ἄξιος
388 2790 443 2831 ὢν
475 2791 526 2832 ἂν
557 2794 622 2832 vel
648 2790 755 2840 ἄξιος
789 2789 824 2831 δ’
860 2791 910 2832 ἂν
934 2793 1050 2831 Mein.
1102 2790 1152 2830 ἂν
1181 2789 1234 2842 μὴ
1266 2790 1430 2844 γέλωτος
1460 2789 1569 2839 ἄξιος
1599 2789 1673 2843 γὰρ
1697 2792 1817 2831 Mein.

245 2852 281 2889 V
315 2866 492 2892 ocmnssx
526 2849 603 2905 (ed.
636 2854 730 2891 min.
762 2848 860 2906 xm).
924 2856 961 2891 2.
992 2851 1171 2902 πέφυκεν
1202 2850 1327 2890 αὐτοῦ
1358 2856 1428 2890 τοῦ
1459 2849 1624 2903 γέλωτος
1654 2849 1813 2902 κατάγε-

243 2914 339 2962 λως,
370 2913 434 2952 vel
466 2911 589 2952 αὐτοῦ
620 2910 773 2963 πέφυκε
805 2917 876 2951 τοῦ
912 2910 1077 2965 γέλωτος
1116 2910 1335 2963 κατάγελως
1372 2911 1490 2949 Mein.
1531 2912 1650 2960 atque
1682 2908 1816 2956 αὐτὸς

2007 1180 2014 1234 ,,--
2005 1142 2014 1168 μ’·
2010 1059 2014 1065 ,Α

2008 1468 2014 1521 ..a-1
2002 1295 2014 1453 Αμι*-’..-.Λ
