2014 3334
0 3249 21 3334 fyr—*2¹
0 2485 22 3223 '‘ywmv-W-W-„wmwv-r-zw
0 2315 9 2449 ...pff-³,
0 2275 5 2279 .
0 2180 4 2187 ,
0 2135 1 2138 „

731 248 885 282 ΑΣΠΙΣ
913 267 956 273 -
983 246 1183 282 ΒΟΙΩΤΙΣ
1693 244 1748 286 27

827 355 1094 389 ΑΦΡΟΔΙΣῙΑ

291 434 480 475 Fortasse
519 428 772 484 Ἀφροδίσιος
818 432 884 471 vel
928 432 1049 471 etiam
1086 426 1354 483 Ἀφροδίσιον.
1423 432 1471 471 cf.
1512 431 1754 482 Antiphanis

166 490 421 547 Ἀφροδίσιος
453 494 495 532 et
524 493 696 534 Meinek.
728 492 746 531 I
781 492 878 532 239.
913 492 1009 531 324.

390 690 486 738 ἀλλ’
524 692 633 736 ὅταν
664 692 834 750 ἐρῶντα
865 698 979 736 νοῦν
1010 694 1127 748 ἔχειν
1156 708 1223 743 τις
1255 692 1384 748 ἀξιοῖ,

389 766 508 823 παρὰ
539 767 628 809 τίνι
659 765 879 821 τάνόητον
911 761 1042 816 οὗτος
1073 765 1250 816 &wewam

296 854 495 894 Stobaeus
527 853 664 893 Floril.
699 854 767 904 64,
801 855 824 892 2
859 847 1006 907 (ψόγος
1033 847 1288 906 Ἀφροδίτης)
1328 852 1576 905 Μενάνδρου
1610 849 1756 904 Ἀφρο-

177 914 316 955 δισίων
348 914 397 954 Α.
460 916 498 953 2.
530 911 637 966 παρὰ
667 913 744 952 τίνι
775 911 817 952 τὸ
849 911 1021 964 ἀνόητον
1055 911 1184 964 Grot]
1217 911 1325 966 παρά
1355 927 1431 952 τινι
1463 911 1682 964 τάνόνητον
1710 915 1756 951 A.

939 1031 995 1073 86

680 1114 938 1170 ἐκφυγοῦσα
971 1110 1012 1157 δ’
1047 1114 1104 1170 ἣν
1136 1111 1253 1170 εἶχεν
1284 1115 1423 1157 νόσον

395 1188 478 1231 οὐκ
510 1189 607 1244 ἔσχε
639 1189 744 1238 τοὺς
776 1186 997 1244 ῥηθέντας
1029 1185 1283 1230 ἀναθέσθαι
1315 1188 1488 1242 λόγους.

300 1275 445 1315 Suidas
483 1272 730 1314 ἀναθέσθαι·
767 1273 810 1314 τὸ
849 1272 1114 1326 μεταθέσθαι,
1152 1273 1230 1314 ἀπὸ
1268 1280 1347 1314 τῶν
1390 1273 1657 1314 πεττευόντων
1694 1272 1759 1313 καὶ

178 1334 248 1384 τὰς
277 1333 537 1388 κεκινημένας
568 1332 647 1386 ’ἤδη
679 1333 849 1386 ψήφους
875 1334 1153 1387 διορθούντων
1180 1364 1189 1373 .
1209 1364 1219 1374 .
1239 1364 1248 1373 .
1274 1332 1519 1386 Μένανδρος
1550 1333 1594 1374 ἐν
1614 1330 1760 1385 Ἀφρο-

181 1396 293 1451 δισίῳ
325 1398 403 1435 κτλ.
466 1391 530 1434 ‘de
561 1396 698 1446 puella
729 1395 891 1435 videtur
921 1396 988 1448 agi
1026 1408 1128 1447 quae
1166 1396 1209 1434 in
1245 1395 1375 1434 morbi
1412 1396 1555 1434 delirio
1594 1395 1762 1434 dicenda

179 1457 351 1496 tacenda
393 1457 529 1496 locuta
573 1455 681 1495 diota
729 1458 872 1506 postea
919 1468 1100 1495 revocare
1147 1450 1418 1510 (ἀναθέσθαι)
1467 1468 1547 1495 non
1596 1450 1759 1505 posset?

179 1517 333 1557 Iaoobs.
364 1518 446 1555 not.
478 1528 551 1555 ms.

874 1631 881 1638 .
944 1597 998 1640 87

326 1673 331 1676 ”
399 1681 441 1724 εἰ
468 1681 545 1731 τὰς
576 1679 791 1736 ἀληθείας
821 1680 970 1731 ἁπλῶς
999 1682 1066 1731 τίς
1098 1691 1170 1724 σοι
1204 1679 1322 1736 λέγει
1356 1705 1406 1711 —-

302 1769 474 1808 Bekker.
513 1767 662 1807 Aneod.
701 1770 805 1819 376,
838 1770 863 1808 4
906 1772 948 1808 eb
979 1768 1124 1808 Suidas
1168 1767 1355 1820 ἀλήθεια·
1417 1767 1552 1820 ἀληθῆ
1591 1766 1656 1807 καὶ
1695 1766 1764 1815 τὰς

183 1827 375 1886 ἀληθείας
399 1831 682 1879 πληθυντικῶς
701 1826 870 1882 λέγουσι.
915 1826 1159 1882 Μένανδρος
1177 1825 1417 1885 Ἀφροδισίῳ
1437 1831 1515 1868 κτλ.
1559 1826 1606 1876 ἃς
1631 1826 1764 1875 ἀπλῶς

185 1889 294 1928 ΑΒΕ
325 1889 428 1928 Med.
462 1888 572 1927 Suid.
605 1891 645 1928 et
675 1889 803 1928 Bekk.
828 1890 912 1929 cod.

881 2005 1082 2039 ΒΟΙΩΤῙΣ

273 2064 282 2069 „
306 2080 364 2120 Cf.
396 2093 499 2132 quae
531 2082 582 2120 ad
614 2082 893 2132 cognominem
925 2083 1170 2135 Antiphanis
1201 2083 1381 2122 fabulam
1416 2081 1709 2121 adnotavimus.

949 2200 1005 2244 88

369 2281 424 2325 οὐ
452 2282 523 2325 δεῖ
551 2283 763 2339 διαβολῆς
794 2291 1110 2340 καταφρονεῖν,
1144 2283 1242 2327 οὐδ’
1279 2283 1335 2327 ἂν
1368 2282 1530 2340 σφόδρ’
1567 2276 1594 2342 ᾗ

368 2355 555 2410 ψευδής·
599 2352 821 2399 ἐπίσταντ’
857 2356 1065 2409 αὐξάνειν
1097 2356 1238 2412 αὐτήν
1263 2372 1394 2411 τινες,

371 2423 430 2470 δι’
467 2427 545 2478 οὓς
576 2429 883 2484 φυλάττεσθαι
914 2429 968 2471 τὰ
998 2427 1164 2471 τοιαῦτ’
1202 2428 1352 2486 ὀρθῶς
1383 2430 1482 2484 ἔχει.

314 2515 512 2555 Stobaeus
545 2517 684 2555 Floril.
718 2518 787 2567 42,
822 2520 842 2555 1
878 2515 1130 2568 Μενάνδρου
1162 2516 1353 2563 Βοιωτίας
1385 2515 1434 2555 Α.

953 2633 1009 2676 89

982 2716 1124 2759 πολλὰ
1157 2716 1352 2759 δύσκολα

409 2791 558 2849 εὕροις
589 2789 645 2833 ἂν
677 2789 726 2833 ἐν
756 2796 850 2840 τοῖς
880 2794 1033 2831 πᾶσιν·
1067 2784 1164 2830 ἀλλ’
1200 2789 1242 2830 εί
1270 2789 1455 2830 πλείονα

408 2864 462 2906 τὰ
494 2857 769 2919 συμφέροντ’
804 2862 962 2915 ἔνεστι,
994 2866 1126 2903 τοῦτο
1160 2861 1231 2903 δεῖ
1259 2866 1453 2902 σκοπεῖν.

317 2951 515 2991 Stobaous
541 2950 679 2990 Floril.
715 2950 811 2999 108,
844 2950 898 2987 42
933 2947 1183 3000 Μενάνδρου
1217 2946 1259 2987 ἐκ
1289 2946 1481 2994 Βοιωτίας
1507 2946 1556 2985 Α.
