2014 3334
294 246 350 289 68
816 236 820 238 ’
927 245 1225 281 ΜΕΝΑΝΔΡΟΤ

509 353 657 404 οὐδεὶς
688 355 772 411 γὰρ
805 355 945 405 οὕτως
977 354 1068 397 ἐστὶ
1100 355 1317 408 φειδωλὸς
1349 354 1525 410 σφόδρα

510 427 749 482 ἄνθρωπος
781 422 878 468 οὐδ’
914 426 1053 476 οὕτως
1085 425 1267 481 ἀκριβὴς
1297 427 1400 475 τοὺς
1431 426 1636 481 τρόπους,

466 509 485 539 5
507 497 555 546 ὃς
587 495 686 551 οὐχὶ
718 497 860 554 τούτῳ
892 497 1050 552 μερίδα
1080 501 1140 553 τῷ
1172 500 1264 553 θεῷ
1296 494 1418 550 νέμει

505 573 581 622 τῆς
613 566 785 616 οὐσίας·
832 566 952 617 ὅσοις
984 564 1064 622 μὲν
1097 563 1180 608 οὖν
1210 563 1360 622 πράως
1391 567 1494 621 ἔχει,

505 637 623 688 νέοις
655 634 715 679 ἔτ’
752 634 852 680 οὖσι
883 643 1014 680 τοῦτο
1046 637 1306 693 προστάττει
1336 645 1501 679 ποιεῖν·

507 711 555 752 οἱ
583 706 623 751 δ’
660 710 722 759 εἰς
753 710 802 751 τὸ
834 715 972 765 γῆρας
1004 708 1225 763 ἀναβολὰς
1255 708 1530 763 ποιούμενοι,

493 778 632 830 ιοὗτοι
663 782 1041 837 προσαποτίνουσι
1073 785 1153 822 τοῦ
1184 781 1350 836 χρόνον
1380 780 1548 829 τόκους.

413 880 608 919 Stobaeus
640 879 776 918 Floril
801 880 1069 930 63,13.14.
1135 880 1187 917 13
1222 872 1278 931 (v.
1300 880 1381 916 1——
1389 872 1435 929 5)
1463 873 1657 924 Ἀλέξιδος
1688 878 1724 915 Α
1757 875 1864 929 (per-

291 953 429 990 peram
460 940 661 978 coniuncti
699 951 789 977 eum
819 910 999 976 Alexidis
1030 938 1079 977 fr.
1114 931 1231 990 289).
1297 939 1349 975 14
1383 931 1437 990 (v.
1467 930 1583 990 sssq.)
1616 936 1864 991 Μενάνδρου

298 999 520 1051 Θησαυρῶν
553 1000 598 1036 A.
660 1010 798 1037 versus
839 1001 922 1036 1—
928 1000 951 1036 5
998 1010 1154 1048 quoque
1195 997 1401 1035 Menandri
1445 1008 1530 1035 esse
1575 996 1866 1036 demonstravit

298 1059 548 1109 Tyrwhittus
581 1058 686 1107 apud
718 1056 914 1095 Gaisford.

414 1120 449 1157 1.
482 1115 531 1156 οὐ
556 1117 696 1155 Arsen.
718 1115 821 1155 Viol.
848 1130 885 1166 p.
910 1114 1010 1166 101]
1039 1109 1126 1155 οὖν.
1178 1118 1215 1155 2.
1241 1129 1284 1167 γε
1310 1128 1384 1154 om.
1412 1115 1459 1154 A.
1510 1117 1547 1154 5.
1579 1119 1657 1154 τῶν
1682 1115 1862 1154 θεῶνΑ.

295 1203 332 1239 6.
365 1199 470 1246 ὅσοις
509 1213 584 1239 0111.
617 1200 665 1239 A.
706 1182 759 1244 ἐχε
772 1199 819 1237 Α.
884 1202 920 1238 7.
959 1195 1009 1237 ἔτ’
1054 1193 1144 1237 οὖσι
1180 1196 1233 1248 Β]
1279 1197 1443 1237 αἰτοῦσι.
1504 1197 1730 1252 προστάττει
1773 1197 1864 1248 AB]

291 1259 552 1313 προστάττειν.
617 1261 654 1298 9.
692 1263 761 1297 τοῦ
800 1257 944 1311 χρόνου
984 1257 1072 1308 ΑΒ]
1112 1255 1292 1311 ὡραίους.
1355 1258 1397 1296 111
1436 1258 1510 1297 hoc
1555 1255 1702 1311 ἀωρίας
1738 1258 1865 1297 latere

291 1320 462 1369 putabat
493 1319 625 1357 Bentl.

411 1380 449 1417 4.
483 1378 723 1428 Toeppelius
755 1378 893 1428 Progr.
914 1378 1058 1416 Neobr.
1090 1378 1216 1428 1857,
1246 1376 1304 1415 '14
1338 1378 1493 1416 confert
1524 1377 1631 1415 Plut.
1659 1375 1743 1416 Cat.
1769 1377 1862 1416 mai.

293 1441 317 1477 3
364 1436 416 1484 ὡς
460 1435 580 1476 οὐδὲν
625 1435 749 1476 δέοιτο
794 1437 934 1488 ταμίου
972 1437 1060 1476 λίαν
1098 1435 1330 1489 ἀκριβοῦς
1368 1432 1458 1490 (1108
1494 1430 1655 1490 qenau).
1718 1438 1755 1475 9.
1793 1440 1864 1475 τοῦ

292 1497 457 1550 χρόνον,
495 1498 518 1535 i.
553 1511 584 1535 e.
627 1510 760 1536 morae
801 1510 964 1542 usuras,
1016 1497 1328 1546 Verzuyszinsen.
1389 1496 1490 1534 nihil
1535 1496 1621 1547 agit
1661 1495 1863 1546 Hirsehig.

292 1558 396 1596 Ann.
429 1557 515 1596 crit.
551 1559 617 1596 21.

1038 1672 1124 1714 236

506 1755 613 1798 ὅταν
646 1753 685 1797 δ’
723 1754 913 1812 ἐρῶντος
943 1756 1111 1810 τόλμαν
1142 1752 1308 1810 ἀφέλῃς
1340 1758 1519 1809 οἴχεται,

505 1828 568 1878 εἰς
598 1828 702 1877 τοὺς
735 1826 942 1882 ίαλέμους
972 1842 1018 1869 τε
1049 1832 1210 1868 τοῦτον
1241 1827 1447 1882 ἔγγραφε.

412 1924 607 1964 stobaeus
639 1926 778 1964 Floril.
807 1927 873 1976 64,
909 1927 961 1964 18
994 1929 1063 1964 τοῦ
1096 1922 1219 1964 αὐτοῦ
1251 1920 1518 1981 (Μενάνδρου
1555 1913 1629 1977 17)
1666 1923 1863 1979 Θησαυρῷ

291 1984 339 2021 A.
395 1986 433 2021 2.
465 1982 634 2037 ἔγγραφε
666 1985 699 2023 Β
727 1983 885 2034 Arsen]
920 1983 1076 2037 ἔγραφε.
1128 1982 1326 2035 ἰαλέμους,
1359 1985 1406 2022 cf.
1435 1996 1538 2035 quae
1570 1983 1622 2021 ad
1651 1983 1863 2033 Amphidis

287 2038 460 2093 Ἰάλεμον
498 2045 744 2083 adnotantur
775 2044 816 2082 II
850 2046 946 2083 241.
1007 2044 1166 2083 Maxim.
1193 2044 1359 2082 Planud.
1380 2043 1504 2081 Walz.
1525 2043 1693 2081 Rhet.V
1715 2044 1812 2091 541,
1834 2043 1859 2081 8

297 2099 317 2140 ὅ
344 2102 500 2154 ἰάλεμος
531 2099 634 2150 εἶδός
666 2102 743 2142 ἐστι
768 2102 945 2156 θρήνου.
978 2103 1069 2150 τοὺς
1095 2101 1230 2151 ἀξίους
1257 2097 1330 2142 οὖν
1357 2100 1466 2142 ἐλέου
1494 2101 1559 2141 διὰ
1584 2100 1657 2152 τὴν
1682 2100 1863 2153 ἀμαθίαν

292 2159 513 2213 ὁμωνύμως
545 2161 728 2213 ἰαλέμους
760 2162 938 2202 ἐκάλεσεν
973 2159 1259 2217 (Ἑρμογένης).

1035 2304 1121 2345 237

506 2388 687 2435 πολλοῖς
718 2384 958 2441 ὑπέκκαυμ’
996 2383 1085 2428 ἔστ7
1122 2387 1284 2442 ἔρωτος
1314 2386 1517 2441 μουσική.

412 2483 607 2523 Stobaeus
638 2484 775 2523 Floril.
810 2486 875 2533 63,
912 2486 963 2523 18
998 2484 1248 2538 Μενάνδρου
1284 2485 1508 2538 Θησαυροῖς
1538 2483 1587 2522 Α.
1632 2495 1635 2499 ⁴

1035 2625 1121 2667 238

506 2706 655 2756 ἄσιτος
686 2705 791 2749 ἑπτὰ
823 2713 977 2762 μῆνας,
1008 2706 1179 2756 ὕδατος
1202 2704 1380 2762 στράγγ’
1412 2699 1525 2761 ἔχων

411 2803 578 2842 Phossius
611 2804 796 2857 στράγγα·
831 2803 1073 2858 Μένανδρος
1109 2805 1307 2859 Θησαυρῷ
1337 2807 1415 2842 κτλ.
1476 2805 1650 2855 Etymol.
1683 2817 1734 2843 m.
1763 2805 1859 2852 729,

293 2863 348 2900 43
382 2861 537 2914 στράγξ·
575 2860 600 2913 ἡ
632 2862 879 2915 ἐπισχεθεῑσα
917 2863 1038 2916 ῥύσις.
1098 2861 1165 2902 καὶ
1196 2861 1455 2916 Μένανδρος·
1495 2860 1642 2910 ὕδατος
1672 2865 1748 2902 κτλ.
1810 2863 1859 2901 ef.

292 2922 345 2959 M.
378 2921 566 2961 Schmidt.
599 2923 758 2974 Didym.
790 2938 827 2974 p.
862 2926 929 2963 69.
