2014 3334
759 233 927 268 ΔΔΗΔΑ
953 233 1215 268 ΟΠΟΤΕΡΑΣ
1682 230 1767 274 597

187 343 356 397 δαρον·
377 344 687 396 ·προσκίνημα.
744 342 811 385 καὶ
847 343 890 385 τὸ
928 343 1082 397 νύκτωρ
1120 342 1390 397 ἔπαναστῆναι
1419 339 1631 397 (ὑπαναστ.
1663 339 1769 398 οοᾶ.)

186 401 411 453 ἀκολάστως
445 403 705 444 σκινὸακίσαι.
757 404 984 457 Hesychius
1022 404 1445 457 σκινδαρεύεσθαι·
1488 402 1767 458 κακοσχολεύε-

186 467 299 515 σθαι,
331 463 647 514 δακτυλίζεσθαι,
679 464 989 516 σκιμαλίζεσθαι.
1038 464 1346 517 σκινδαρίσαι
1382 462 1428 505 τὰ
1460 462 1573 504 αὐτά.
1634 475 1766 505 σκιν-

186 520 446 578 δάρ(ε)ιος·
485 521 644 576 ὄρχησις
675 522 778 564 οὕτω
810 522 1048 576 καλουμένη.
1096 524 1318 577 σκίνδαροι·
1349 523 1398 564 τὰ
1427 523 1767 578 προσκυνήματα.

186 582 460 636 σκίνδαρος·
491 579 518 635 ἡ
549 581 813 632 ἐπανάστασις
844 582 987 632 νυκτὸς
1016 582 1266 637 ἀφροδισίων
1298 581 1424 625 ἕνεκα.

970 700 1028 743 46

471 772 652 828 Σκίραψ
661 803 673 826 ,
706 701 966 828 Σοιίραφοζ1

306 858 477 898 Bekker.
498 858 648 898 Anecd.
672 860 788 898 1200
816 855 885 910 (ad
912 861 1011 910 992,
1042 853 1117 913 32)
1151 857 1229 899 ἔστι
1262 857 1304 898 ὁὲ
1335 855 1462 910 ὄνομα
1492 857 1634 911 κύριον
1658 856 1766 911 παρὰ

184 920 266 965 τοῖς
297 920 487 968 κωμικοῖς
519 915 813 970 εὑρισκόμενον.

926 1010 1035 1052 1147

471 1071 751 1126 σκορακίζειν

302 1143 471 1184 Photius
502 1139 590 1184 οἷον
621 1143 676 1192 εἰς
706 1142 877 1196 κόρακας
909 1141 1173 1196 ἀποπέμπειν·
1206 1142 1286 1184 ἀπὸ
1316 1143 1459 1184 τούτου
1492 1142 1568 1198 γὰρ
1601 1144 1764 1197 εἴρηται,

184 1200 237 1251 ὣς
279 1201 345 1242 καὶ
387 1202 430 1243 τὸ
473 1202 654 1255 οἰμώζειν
696 1202 775 1243 ἀπὸ
821 1208 892 1243 τοῦ
936 1203 1053 1255 οἴμοι.
1125 1205 1172 1244 cf.
1213 1205 1328 1244 Phot.
1379 1203 1454 1244 οὐκ
1498 1202 1764 1257 ἐσκοράκισε-ν,

183 1262 491 1315 σκορακίζονται.
543 1264 729 1315 Ηοεγοὴ.’
763 1263 982 1315 σκορακίζει
1020 1266 1062 1303 et
1105 1263 1376 1316 σκορακισμός.
1427 1264 1571 1304 Zenob.
1611 1265 1655 1314 5,
1696 1267 1763 1305 90.

183 1323 348 1363 verbum
388 1326 520 1363 exstat
558 1321 800 1374 [Demosth]
844 1326 916 1374 11,
957 1325 1030 1375 11,
1072 1324 1142 1363 sed
1186 1337 1210 1363 a
1250 1324 1399 1364 comico
1443 1324 1579 1376 aliquo
1623 1324 1763 1364 fictum

182 1382 355 1422 videtur.
405 1383 454 1423 cf.
485 1382 720 1435 πατερίζειν,
752 1381 999 1434 παππάζειν,
1037 1381 1279 1435 ἀδελφίζειν,
1310 1383 1592 1438 θυγατερίζειν.
1637 1384 1762 1424 Arist.

182 1442 257 1482 Av.
291 1443 375 1482 266
409 1455 500 1482 cum
532 1442 590 1482 eis
620 1455 723 1494 quae
754 1442 1049 1505 adnotayimus.

914 1559 1029 1603 1148

467 1618 693 1674 σκορδοῦν

189 1753 272 1791 148
301 1682 445 1732 Pollux
477 1694 516 1744 5,
549 1695 618 1733 93.
668 1694 717 1733 of.
751 1695 835 1734 986
869 1695 910 1733 et
941 1693 1114 1746 Hesych.
1147 1693 1262 1734 Phot.
1283 1694 1456 1734 Lobock.
1477 1694 1633 1734 Pathol.
1660 1696 1762 1746 prol.

304 1755 385 1791 not.

916 1822 937 1864 1
948 1822 1029 1865 149

469 1881 632 1932 σκυζᾶν
686 1924 690 1928 ,

301 1954 472 1994 Bekker.
502 1954 653 1995 Anecd.
687 1957 752 2004 12,
787 1958 853 1995 15.
904 1957 952 1995 of.
986 1958 1084 1996 930.

917 2072 1030 2115 1150

470 2132 662 2188 σοβαρός

302 2205 470 2245 Phobius
507 2204 710 2259 λαμπρός,
753 2204 1031 2258 ἐπαιρόμενος,
1075 2205 1287 2258 τολμηρός,
1329 2205 1535 2258 αὐθάδης,
1578 2205 1651 2254 ἔξω
1689 2212 1759 2246 τοῦ

184 2261 341 2312 δέοντος
378 2263 598 2317 φερόμενος
635 2295 645 2305 .
676 2295 686 2305 .
719 2297 727 2305 .
767 2271 935 2318 χρῶνται
978 2263 1022 2305 δὲ
1061 2271 1106 2321 τῇ
1145 2264 1243 2314 λέξει
1286 2265 1408 2321 ταύτῃ
1451 2265 1677 2318 συνήθως
1721 2266 1764 2306 οἱ

183 2323 352 2375 κωμικοί
380 2320 457 2378 (sio
487 2325 649 2365 Alberti
679 2338 751 2375 pro
782 2321 971 2378 κυνικοί).

915 2431 936 2473 1
944 2429 999 2474 15
1005 2431 1027 2473 1

469 2489 755 2545 σοροδαίμων

303 2562 476 2603 Bekker.
512 2563 662 2604 Anecd.
702 2566 778 2615 63,
819 2566 874 2605 10
924 2562 988 2604 ἐπὶ
1030 2563 1269 2616 τεθνηκότος
1311 2563 1491 2604 τάττεται.
1560 2565 1680 2616 δηλοῖ
1716 2562 1759 2604 δὲ

186 2618 377 2674 (fortasse
409 2622 597 2674 δηλοῦται
629 2620 671 2663 δὲ
701 2619 787 2678 καὶ)
826 2621 846 2664 ὁ
877 2622 987 2673 ἄξιος
1019 2622 1062 2664 ἐν
1094 2626 1199 2680 σορῷ
1234 2624 1387 2676 δαίμων
1418 2619 1520 2664 εἶναι
1552 2620 1604 2664 δι’
1638 2621 1758 2676 ὑπερ-

184 2679 310 2734 βολὴν
338 2681 482 2735 γήρως.
543 2683 592 2722 of.
625 2684 712 2724 860
743 2686 785 2724 et
819 2685 944 2724 1392.

914 2788 1027 2830 1152

472 2846 755 2902 “vdoffl’was

305 2920 449 2960 Pollux
482 2922 521 2972 2,
553 2922 607 2961 28
641 2918 710 2969 τὰς
740 2918 1083 2974 συνεστραμμένας
1113 2919 1208 2973 μετὰ
1238 2919 1369 2974 ῥύπου
1400 2920 1530 2974 τρίχας
1560 2918 1586 2973 ἡ
1617 2935 1758 2979 κωμῳ-
