2014 3334
246 253 334 296 480
637 233 641 237 ’
897 253 1159 288 ΑΔΕΣΠοΤΑ

365 365 581 416 Procopius
601 365 729 416 Epist.
752 367 847 405 128.
873 382 911 417 μ.
931 369 1012 414 τοῖς
1042 364 1160 420 ἀνθρ.
1181 365 1236 414 εἰς
1265 379 1305 405 π.
1337 363 1439 406 ε’στὶν
1464 361 1489 417 ἡ
1515 380 1556 405 π.
1576 363 1642 405 καὶ
1669 363 1814 420 μάρτυς

241 422 320 464 Ὀὃ.
354 448 408 452 —-
439 424 633 477 παριδών.

985 518 1073 561 380

529 599 690 656 πέτρας
720 607 933 657 γεωργεῖν
965 600 1056 643 ἐστι
1088 601 1437 657 συμφορώτερον

530 671 557 726 ἢ
588 673 718 714 πεδία
750 674 967 727 χαλεποὺς
997 674 1212 726 γείτονας·
1229 671 1522 728 κεκτημένοις.

366 759 691 809 Theophylactus
731 759 875 797 Simoo.
912 759 1042 810 Epist.
1082 761 1106 798 5
1152 761 1248 798 extr.
1292 772 1332 797 π.
1369 757 1443 811 γὰρ
1486 754 1583 808 ἡμῖν
1618 773 1652 810 γ.
1692 768 1814 808 συμφ.

245 815 272 869 ’ἢ
302 818 418 856 πεδία
454 815 520 856 καὶ
556 817 759 870 γηλόφους
796 817 920 857 οἰκεῖν
958 820 1039 870 χαλ.
1070 832 1169 857 κεκτ.
1204 816 1296 865 τοὺς
1326 833 1360 870 γ.
1422 818 1493 856 alii
1530 817 1614 856 cod.
1646 815 1816 868 χαλεπὰς

245 874 507 928 κεκτημένους
548 876 616 924 τὰς
652 894 686 930 γ.
725 874 769 931 (i.
802 891 834 916 e.
871 876 939 924 τὰς
981 872 1205 931 γεράνους).
1265 874 1405 931 πέτρας
1447 879 1633 929 γεωργεῖν
1673 876 1816 926 Delphi

247 937 436 975 dicuntur
468 937 631 976 Lucian.
663 938 824 976 Phalar.
858 939 896 988 2,
930 938 966 976 8.

990 1065 1074 1107 381

530 1154 674 1190 τοῖσιν
705 1145 755 1190 δὲ
785 1154 970 1204 καρποῖς
1000 1147 1027 1202 ἡ
1059 1147 1203 1203 πάχνη
1236 1148 1509 1202 λυμαίνεται,

529 1217 603 1261 καὶ
633 1220 739 1269 τοὺς
771 1219 959 1276 ἱδρῶτας
988 1226 1081 1268 τοῖς
1113 1216 1291 1273 ἀνέμοις
1322 1219 1562 1275 χαρίζομαι.

365 1305 691 1356 Theophylactus
723 1305 865 1345 Simoc.
898 1306 1025 1356 Epist.
1059 1306 1111 1343 41
1158 1301 1184 1355 ἡ
1217 1301 1259 1343 δὲ
1289 1318 1329 1343 π.
1354 1307 1386 1344 λ.
1424 1303 1517 1351 τοὺς
1553 1302 1731 1355 καρποὺς
1760 1301 1814 1351 ὥς

246 1363 507 1416 ἀπαραίτητος
542 1364 751 1417 τύραννος,
781 1363 848 1404 καὶ
878 1379 907 1403 τ.
936 1364 1012 1418 ἵδρ.
1035 1362 1056 1403 ὁ
1087 1363 1204 1411 τάλας
1233 1366 1312 1403 κτλ.
1342 1385 1392 1390 -
1421 1364 1603 1414 queritur
1627 1363 1816 1415 agricola.

987 1504 1074 1546 382

531 1587 706 1642 εἄνδρες
738 1585 959 1629 δικασταί’
992 1585 1333 1642 φθεγγομένους
1366 1587 1578 1641 διηνεκῶς

530 1658 557 1713 ἡ
588 1666 678 1700 τῶν
707 1664 916 1713 γεωργῶν
947 1657 1065 1708 τάξις
1096 1657 1150 1699 οὐ
1180 1659 1418 1713 προσίεται.

366 1745 690 1795 Theophylactus
723 1744 865 1783 Simoc.
898 1744 1026 1794 Epist.
1060 1746 1116 1783 50
1154 1743 1246 1790 τοὺς
1274 1742 1349 1796 γὰρ
1381 1742 1634 1793 συκοφάντας
1665 1740 1815 1795 ἄνδρας

246 1802 311 1843 καὶ
341 1803 383 1843 τὸ
414 1807 491 1843 κτλ.
556 1807 590 1844 1.
624 1802 832 1854 διηνεκῶς]
864 1802 1118 1856 πυκνότερον.
1182 1806 1219 1842 2.
1250 1801 1373 1853 τάξις]
1406 1802 1590 1842 πολιτεία.

985 1944 1072 1986 383

532 2026 613 2069 οὐκ
644 2022 731 2069 ἔστ’
768 2025 1088 2081 ἀνεπιδόκητον
1121 2025 1378 2082 ἀνθρώποις
1407 2025 1558 2079 κακόν,

531 2098 666 2156 ὀλίγῳ
697 2099 842 2155 χρόνῳ
876 2095 924 2139 δὲ
954 2099 1097 2140 πάντα
1128 2098 1407 2154 μεταρρίπτει
1437 2097 1555 2146 θεός.

366 2185 611 2235 Theophilus
643 2185 778 2223 Autol.
811 2186 849 2234 2,
885 2186 1007 2223 115e.
1052 2184 1192 2223 comici
1230 2196 1332 2232 esse,
1372 2196 1452 2221 non
1484 2181 1696 2220 Simonidis
1729 2176 1813 2234 (cui

246 2245 393 2283 tribuit
413 2238 690 2297 Theophilus),
721 2257 811 2282 cum
842 2243 1015 2294 Bergkio
1047 2238 1111 2296 (P.
1132 2243 1157 2281 1.
1177 2238 1255 2294 gr.³
1290 2237 1422 2294 1140)
1456 2241 1677 2279 arbitratur
1701 2240 1813 2279 Diels

246 2304 349 2344 Mus.
369 2304 442 2342 Rh.
462 2304 571 2342 XXX
595 2304 713 2342 180..
770 2305 808 2342 2.
849 2315 1015 2341 caesura
1057 2303 1099 2340 in
1141 2303 1259 2342 Versu
1302 2300 1450 2340 comico
1488 2300 1552 2339 vix
1593 2300 1813 2339 toleranda.

247 2364 363 2402 scrib.
395 2365 465 2402 aut
495 2362 714 2415 μεταρίπτει
746 2365 816 2401 aut
847 2361 1085 2413 μεταβάλλει.

982 2501 1069 2544 384

531 2584 586 2627 οὐ
617 2582 813 2639 μέθυσός
845 2582 959 2636 ἐσθ’;
994 2583 1018 2626 ὁ
1047 2583 1133 2639 γὰρ
1164 2589 1300 2639 τριῶν
1330 2583 1473 2625 πίνων
1503 2581 1639 2625 πλέον

529 2654 603 2698 καὶ
633 2655 691 2710 μὴ
723 2654 969 2711 μεθυσθεὶς
999 2653 1190 2711 ὑπερέβη
1222 2657 1369 2712 πολλῷ
1402 2652 1575 2710 μέτρον.

364 2754 560 2793 Maximus
593 2753 703 2793 Oonf,
736 2755 842 2804 apud
873 2754 1146 2793 Wachsmuth.
1167 2752 1279 2792 stud.
1307 2767 1335 2791 z.
1359 2753 1394 2791 d.
1420 2766 1479 2804 gr.
1498 2751 1635 2791 Floril.
1654 2765 1691 2802 p.
1715 2753 1810 2790 143.

250 2815 284 2852 1.
318 2811 367 2851 οὐ
398 2815 438 2851 et
476 2813 549 2866 γάρ
588 2813 676 2852 add.
708 2813 872 2852 Usener.
903 2809 990 2852 ἔσθ’
1025 2810 1149 2862 idem]
1188 2810 1302 2851 ἐστιν.
1342 2809 1461 2864 πλέον
1504 2809 1627 2860 idem]
1670 2808 1810 2849 πλέων.

247 2873 285 2909 2.
316 2870 381 2910 καὶ
418 2894 466 2898 —
502 2870 721 2924 μεθυσθεὶς
751 2870 923 2922 Usener]
955 2870 1031 2911 κᾶν
1061 2870 1229 2926 μεθύσῃ.
1272 2873 1403 2926 πολλῷ
1435 2868 1604 2918 Usener]
1635 2867 1690 2908 τὸ.
1734 2867 1810 2908 κᾶν

245 2929 298 2982 μὴ
331 2934 518 2985 μεθυσθῇ
551 2931 708 2981 φύσεως
745 2929 917 2985 ὑπερέβη
949 2929 1088 2984 μέτρον
1126 2925 1316 2982 (debebat
1346 2925 1513 2984 φύσεος)
1544 2929 1608 2968 Fr.
1641 2928 1810 2968 Schoell.
