2014 3334
271 221 359 264 250
606 242 609 247 ‹
913 225 1212 258 MENANAPOT

1017 344 1105 387 984

556 401 843 458 ἀδιάφθορον

390 489 556 527 photius
592 491 658 539 10,
693 492 715 528 7
768 519 776 528 .
809 519 818 528 .
851 520 859 529 .
891 488 958 529 καὶ
999 489 1041 529 τὸ
1086 489 1204 541 μήπω
1248 487 1328 542 μετ’
1375 489 1521 542 ἀνδρὸς
1562 490 1841 543 παιδισκάριον

268 547 450 600 γεγονός,
483 545 536 595 ὡς
568 546 820 601 Μένανδρος.

1014 630 1101 673 985

555 689 754 739 ἄθαπτος
1056 720 1063 726 κ

388 772 408 813 ὅ
450 773 503 826 μὴ
547 773 793 827 τεθαμμένος
831 775 939 828 παρὰ
976 776 1217 832 Μενάνδρῳ.
1268 777 1436 816 Bekker.
1474 777 1623 816 Anecd.
1663 778 1768 828 353,
1802 779 1838 817 3.
1895 767 1898 769 ,

269 835 376 885 quod
407 847 480 874 cur
510 838 734 875 memoratu
766 836 933 887 dignum
964 837 1096 876 visum
1127 836 1181 875 sit
1210 837 1357 876 nescio.

1011 952 1099 996 986

554 1011 810 1062 αἰτιώτατος

385 1097 555 1136 Bekker.
574 1097 724 1137 Aneed.
746 1100 843 1148 854,
871 1101 922 1138 18
956 1098 992 1138 εἰ
1016 1096 1059 1138 δέ
1077 1112 1169 1138 ποτε
1196 1098 1326 1151 εὕροις
1351 1098 1393 1138 έν
1419 1097 1621 1150 ὀνόμασι
1651 1099 1838 1151 κυρίοις

264 1153 291 1208 ἢ
322 1155 366 1195 ἐν
402 1154 727 1208 ἀντωνυμίαις
763 1156 806 1197 τὸ
843 1163 997 1198 τοιοῦτο
1038 1154 1099 1212 (τὸ
1132 1153 1410 1212 συγκριτικόν),
1441 1157 1682 1212 παραγωγὴν
1713 1158 1838 1211 μόνον

265 1214 349 1269 λέγε
379 1214 446 1256 καὶ
484 1215 536 1268 μὴ
576 1216 800 1270 σύγκρισιν,
838 1217 968 1270 ὥσπερ
1001 1216 1079 1257 ἐστὶ
1108 1217 1174 1257 καὶ
1210 1217 1318 1271 παρὰ
1345 1214 1618 1270 Ἀριστοφάνει
1648 1217 1690 1258 τὸ
1723 1217 1838 1259 αὐτό-

264 1291 377 1323 τατος
407 1275 473 1315 καὶ
504 1275 611 1329 παρὰ
641 1277 870 1334 Μενάνδρῳ
901 1276 943 1317 τὸ
975 1278 1048 1317 αἰτ.
1098 1278 1266 1328 adparet
1298 1279 1471 1318 alterum
1502 1279 1727 1329 exemplum
1758 1292 1838 1318 non

266 1338 406 1387 aptum
437 1349 524 1376 esse
550 1337 600 1376 ad
626 1337 667 1376 id
693 1338 798 1389 quod
829 1338 993 1378 volebat
1023 1339 1389 1378 demonstrandum.
1439 1339 1575 1389 itaque
1608 1351 1696 1378 cum
1722 1351 1836 1389 prae-

266 1396 405 1435 sertim
449 1395 672 1444 αἰτιώτατος
714 1397 816 1436 nihil
858 1398 1006 1437 habeat
1049 1398 1221 1448 insoliti,
1268 1398 1522 1438 scribendum
1565 1400 1626 1437 est
1675 1396 1836 1437 αὗται·

264 1453 498 1503 τιώτατος.

1008 1537 1092 1580 987

384 1622 599 1674 Phrynich.
630 1623 738 1674 Epit.
769 1626 854 1663 442
900 1623 1278 1676 αἰχμαλωτισθῆναι·
1321 1620 1438 1664 τοῦθ’
1481 1623 1605 1671 οὕτως
1642 1622 1835 1675 ἀδόκιμον

263 1679 316 1729 ὡς
341 1679 436 1721 οὐδὲ
467 1680 714 1735 Μένανδρον
740 1682 845 1739 αὐτῷ
877 1682 1111 1736 χρήσασθαι.
1168 1683 1342 1723 διαλύων
1374 1678 1449 1724 οὖν
1479 1681 1563 1736 λέγε
1594 1683 1833 1736 αἰχμάλω-

262 1756 343 1781 τον
373 1740 613 1795 γενέσθαι.
664 1743 759 1794 quid
790 1744 934 1782 dixerit
964 1743 1181 1782 Menander
1210 1757 1375 1794 prorsus
1406 1744 1605 1782 incertum
1643 1745 1721 1794 est,
1756 1744 1836 1783 nisi

263 1802 369 1899 {mid
406 1815 501 1842 voce
540 1802 781 1854 αἰχμάλωτος
819 1803 954 1854 aliquo
993 1803 1110 1843 modo
1149 1817 1239 1842 eum
1276 1816 1393 1843 usum
1433 1816 1518 1842 esse
1557 1806 1725 1843 consfffat.
1787 1804 1835 1844 cf.

298 1874 320 1900 0
339 1862 365 1900 1.
401 1864 437 1911 1,
471 1863 568 1901 166.

1007 1943 1094 1987 988

549 2001 767 2057 ἀκουστής

382 2089 526 2127 Pollux
560 2091 596 2138 2,
630 2090 683 2128 82
718 2091 876 2139 φαῦλον
908 2086 929 2128 ὅ
961 2089 1210 2142 Μενάνδρου
1242 2087 1304 2129 ἀκ.
1335 2087 1422 2128 ἀντὶ
1453 2094 1524 2128 τοῦ
1549 2087 1756 2142 ἀκροατής.

1004 2204 1091 2247 989

549 2263 874 2320 ἀκρατεύεσθαι

381 2348 596 2407 ἀδοκίμῳ’
584 2347 666 2389 όντι
698 2349 744 2389 οι’
766 2364 809 2403 γε
840 2348 977 2389 πολλοὶ
1002 2354 1169 2402 χρῶνται
1193 2349 1317 2389 τούτω
1343 2352 1396 2405 τῷ
1421 2347 1597 2401 ὀνόματι,
1629 2348 1695 2388 καὶ
1718 2348 1832 2389 Μέν-

262 2410 420 2463 ανδρος.
469 2408 552 2463 λέγε
585 2404 659 2449 οὖν
691 2408 766 2449 οὐκ
797 2408 1110 2462 ἐγκρατεύεσθαι.
1165 2410 1380 2461 Phrynich.
1412 2410 1519 2460 Epit.
1553 2411 1651 2448 442.

999 2526 1086 2568 990

547 2584 798 2640 ἀλάβαστον

381 2672 621 2711 Eustathius
662 2673 794 2722 1161,
835 2673 888 2710 29
940 2670 982 2710 τὸ
1020 2669 1266 2722 ἀλάβαστρον
1309 2669 1417 2724 παρὰ
1460 2671 1690 2726 Μενάνδρῳ
1734 2668 1831 2711 ἄνευ

262 2736 331 2770 τοῦ
364 2744 386 2781 ρ
418 2730 517 2770 κατὰ
548 2730 691 2770 Αἴλιον
723 2730 952 2770 Διονύσιον.
1015 2731 1183 2769 Bekker.
1216 2730 1366 2769 Anecd.
1396 2732 1494 2781 374,
1528 2733 1551 2770 6
1584 2724 1842 2781 ἀλάβαστρον

346 2790 542 2837 ,λίθινος
579 2788 605 2842 ἢ
642 2789 824 2841 ’ψήφινος
862 2789 1086 2842 μυροθήκη.
1147 2788 1337 2841 γράφεται
1377 2787 1420 2828 δὲ
1460 2787 1486 2840 ἡ
1526 2787 1626 2837 λέξις
1667 2789 1831 2840 μάλιστα

263 2847 329 2888 καὶ
366 2848 483 2901 χωρὶς
519 2855 590 2890 τοῦ
627 2862 649 2897 ρ
679 2848 786 2901 παρὰ
819 2849 1061 2904 Μενάνδρῳ.
1122 2850 1171 2887 cf.
1204 2849 1352 2888 Cratet.
1388 2851 1453 2900 15,
1488 2852 1523 2889 6.
1574 2849 1728 2888 Alexid.
1763 2852 1829 2889 62.

265 2911 361 2949 143.
411 2910 535 2949 Αῑὶεΐ).
562 2909 661 2948 Ach.
697 2911 821 2949 1053.
871 2909 964 2960 Lys.
999 2910 1095 2948 947.
1159 2963 1162 2968 ,
