2014 3334
253 245 339 287 452
647 247 649 251 ’
898 248 1160 282 ΑΔΕΣΠΟΤΑ

911 380 1163 423 228-234

466 461 634 516 ἀγαθὸς
665 462 776 518 ἀνὴρ
809 455 970 516 Myon?
1005 462 1061 506 ἂν
1092 463 1116 505 ὁ
1149 461 1301 518 φέρων
1330 462 1517 518 τάγαθά.

465 532 634 588 ἀγαθὸς
666 532 721 575 ἂν
753 537 820 589 εἴη
852 533 914 589 χώ
947 532 1098 590 φέρων
1128 537 1271 584 καλῶς
1301 534 1422 578 κακά.

464 604 849 661 εὐκαταφρόνητός
880 604 972 647 ἐστι
1003 607 1147 660 πενία,
1178 606 1391 662 Δερκύλε.

464 673 534 717 ἐπὶ
565 682 658 725 τοῖς
688 681 881 731 παροῦσι
912 676 991 718 τὸν
1022 677 1124 730 βίον
1157 675 1373 718 διάπλεκε.

422 746 488 801 δὴ
520 754 610 789 τῶν
643 749 787 802 φίλων
819 758 890 790 σοι
921 748 1065 797 πίστις
1095 748 1205 789 ἔστω
1237 747 1481 804 κεκριμένη.

463 819 603 874 σοφός
635 817 754 861 ἐστιν
786 817 809 860 ὁ
841 817 992 874 φέρων
1022 818 1132 861 τάπὸ
1164 824 1240 874 τῆς
1268 819 1403 874 τύχης
1433 822 1588 870 καλῶς.

462 887 740 944 ὠρθωμένην
771 890 882 946 πρὸς
913 889 1083 932 ἅπαντα
1113 890 1195 945 τὴν
1225 890 1373 946 ψυχὴν
1405 891 1502 946 ἔχω.

366 988 598 1027 Athenaeus
622 990 686 1036 10,
707 989 792 1027 458
804 1001 844 1038 a,
877 988 1057 1038 exempla
1088 1000 1276 1027 versuum
1308 989 1357 1026 ab
1390 988 1528 1026 eadem
1559 989 1696 1027 littera
1720 988 1815 1027 inci-

248 1048 443 1098 pientium
475 1049 515 1086 et
540 1047 581 1085 in
612 1047 778 1086 eandem
804 1047 1069 1086 desinentium
1100 1059 1349 1098 componens.
1414 1050 1451 1085 2.
1483 1044 1536 1099 χώ
1567 1046 1719 1097 Dindf.]
1751 1045 1817 1086 καὶ

248 1105 268 1146 ὅ
294 1107 343 1146 A.
385 1105 505 1156 κακά]
544 1105 644 1145 καλά
675 1106 792 1146 Mein.
879 1108 917 1146 3.
950 1105 1052 1145 ἐστιν
1083 1106 1130 1145 Α.
1175 1105 1520 1158 εὐκαταφρόνητον
1559 1107 1676 1146 Mein.
1717 1107 1816 1146 conl.

248 1167 430 1206 Menand.
453 1168 520 1216 93,
543 1168 579 1206 1.
642 1167 680 1204 4.
713 1163 762 1216 δὴ
784 1165 966 1205 διάπλεκε
985 1166 1102 1205 Both.
1135 1165 1260 1216 Δίων,
1283 1164 1397 1205 πλέκε
1423 1167 1485 1205 vel
1513 1169 1604 1216 παῖ,
1636 1165 1816 1205 διάπλεκε

247 1227 365 1265 Mein.
430 1228 467 1265 6.
498 1230 567 1276 τῆς
599 1225 685 1265 add.
718 1225 882 1265 Person.

993 1329 1080 1371 235

459 1414 556 1468 ’ἤτοι
587 1412 798 1467 τοιαύτην
828 1412 911 1468 χρὴ
942 1419 1100 1467 γαμεῖν
1130 1411 1157 1467 ἢ
1188 1413 1246 1467 μὴ
1279 1419 1447 1467 γαμεῖν.

366 1499 565 1538 Aristides
585 1499 605 1537 I
627 1500 708 1538 521
744 1498 861 1537 Dind.
894 1495 977 1537 ἀλλ’
1012 1493 1038 1549 ἧ
1069 1496 1111 1537 τὸ
1142 1503 1212 1550 τῆς
1242 1499 1467 1552 παροιμίας,
1498 1496 1590 1549 ἔφη,
1620 1497 1719 1551 ε’ρεΐς
1737 1501 1814 1538 κτλ.

250 1559 444 1599 indicavit
463 1558 601 1599 Cobet.
620 1558 670 1597 N.
690 1559 716 1596 1.
738 1560 806 1597 62.
854 1555 881 1608 ἥ
912 1572 971 1597 τοι
991 1555 1147 1607 Cobet]
1169 1555 1206 1609 ἢ
1239 1558 1263 1597 i.
1284 1571 1314 1597 e.
1334 1559 1485 1598 nullam
1502 1560 1580 1597 nisi
1599 1559 1712 1597 talem
1731 1560 1815 1598 duc.

988 1698 1075 1741 236

957 1780 1058 1837 (τὴν
1089 1781 1398 1836 εὐδαιμονίαν)

459 1855 694 1907 ζητοῦντας
725 1851 774 1895 ἐν
804 1858 864 1910 τῷ
896 1851 1039 1908 μέλιτι
1070 1851 1142 1895 καὶ
1173 1859 1268 1902 ταῖς
1300 1852 1474 1908 ἰσχάσιν

363 1939 564 1978 Lueianus
595 1940 666 1978 Bis
698 1951 826 1979 accus.
848 1941 914 1979 20.
965 1939 1154 1989 Epicurei
1180 1939 1380 1978 dicuntur.
1428 1939 1627 1978 sententia
1657 1952 1812 1979 comoe-

245 2000 351 2038 diam
384 1999 500 2050 sapit.

990 2091 1073 2133 237

458 2174 481 2217 ὁ
513 2175 619 2224 θεὸς
651 2178 756 2224 ἴσως
787 2174 932 2229 ἔχαιρε
964 2173 1209 2228 φιλόγελώς
1239 2188 1305 2223 τις
1335 2173 1410 2215 ὥν.

363 2262 526 2300 Lucian.
552 2261 651 2300 Piso.
681 2262 734 2300 25
769 2262 867 2299 extr.
899 2258 941 2298 τὸ
974 2265 1137 2310 σκῶμμα
1167 2256 1284 2312 μέρος
1314 2257 1441 2297 ἐδόκει
1471 2263 1539 2309 τῆς
1563 2256 1712 2310 ἑορτῆς,
1743 2257 1809 2298 καὶ

243 2323 320 2360 κτλ.
370 2321 574 2360 Bacchum
606 2320 715 2359 dicit.
747 2319 946 2359 senarium
979 2319 1144 2370 agnovit
1168 2319 1359 2357 Fritzseh.
1385 2318 1611 2357 comoediae
1638 2319 1807 2358 videtur.

985 2458 1071 2501 238

457 2545 597 2600 ἔρωτα
630 2542 725 2584 λύει
757 2542 896 2597 λιμός,
929 2540 984 2583 ἂν
1017 2538 1066 2583 δὲ
1097 2541 1169 2596 μή,
1192 2531 1373 2596 βρόχος.
1401 2522 1403 2524 -

362 2629 541 2668 Iulianus
575 2631 613 2679 6,
643 2630 724 2668 198
734 2628 770 2666 d.
813 2625 864 2666 ἂν
896 2624 938 2666 δὲ
975 2626 1098 2682 τούτῳ
1130 2625 1302 2678 χρῆσθαι
1333 2624 1386 2677 μὴ
1419 2624 1600 2665 δύνασαι.
1635 2647 1684 2652 -
1719 2637 1804 2664 sen-

243 2689 371 2727 tentia
402 2689 574 2728 multum
605 2688 770 2727 variat-a.
819 2689 989 2726 monost.
1017 2688 1099 2726 156
1133 2684 1185 2737 ἕρ.
1216 2684 1335 2724 παύει
1359 2688 1391 2724 λ.
1417 2681 1444 2737 ἢ
1476 2688 1620 2737 χαλκοῦ
1653 2684 1804 2731 σπάνις.

242 2748 405 2786 ΑΠίςΙῑοΙ.
425 2749 510 2788 Pal.
531 2750 569 2798 9,
600 2749 686 2787 497
720 2746 755 2786 εἰ
778 2743 820 2785 δὲ
851 2745 919 2797 μή,
950 2744 1089 2797 χρόνος
1121 2741 1221 2798 (tres
1252 2758 1391 2786 versus
1423 2741 1628 2796 Cratetis).
1681 2744 1804 2783 Mant.

242 2820 351 2856 prov.
387 2810 423 2857 1,
457 2809 522 2847 61.
573 2807 689 2857 Diog.
722 2806 766 2845 L.
800 2808 838 2856 6,
870 2807 925 2845 86
958 2804 1055 2856 (duo
1086 2799 1257 2858 versus).
1313 2806 1362 2843 cf.
1394 2804 1539 2854 Bergk.
1570 2803 1611 2842 P.
1631 2804 1706 2854 lyr.
1725 2797 1804 2854 gr.2

241 2865 282 2903 II
309 2867 407 2906 527.
463 2879 705 2917 quamquam
735 2878 875 2905 versus
907 2867 969 2904 est
995 2863 1180 2914 Cratetis,
1211 2864 1333 2903 etiam
1363 2863 1608 2903 comoediam
1639 2875 1686 2900 ea
1717 2874 1803 2900 sen-

202 2964 204 2966 .
241 2925 370 2963 tentia.
399 2938 513 2964 usam
547 2938 630 2965 esse
663 2925 845 2964 arbitror.
