2014 3334
241 224 328 265 414
604 235 607 240 ‘
894 222 1157 256 ΑΔΕΣΠΟΤΑ

242 333 392 386 μένιον,
426 332 496 382 οὓς
527 334 598 386 ἥδε
629 331 654 385 ἡ
687 332 799 381 πόλις
831 330 967 381 ξένους
998 331 1112 380 ὄντας
1144 330 1441 384 ἐνδειξαμένους
1473 330 1530 371 ὅτι
1561 329 1663 379 ἄξιοι
1694 331 1813 385 λόγου

242 393 316 434 εἰσὶ
345 392 412 433 καὶ
442 394 497 442 εἰς
524 394 752 446 στρατηγίας
783 392 849 432 καὶ
880 393 935 440 εἰς
960 391 1029 440 τὰς
1061 390 1179 439 ἄλλας
1209 391 1329 444 ἀρχὰς
1360 390 1455 445 ἄγει.
1506 393 1553 431 cf.
1579 393 1722 430 Athen.
1746 394 1812 442 11,

243 456 373 493 506a.
422 454 579 493 Aelian.
600 455 646 492 V.
673 454 711 492 h.
735 455 801 504 14,
821 455 859 493 5.
911 449 1042 504 βαῦς,
1073 453 1099 491 1.
1124 465 1156 491 e.
1188 451 1310 491 κύων.
1312 447 1491 503 '.Bergk
1512 452 1554 490 Ρ.
1572 446 1669 501 l..²p
1686 452 1812 490 1048.

245 514 346 565 βαῢς
378 514 474 564 quid
505 514 558 553 sit
587 514 740 552 nescire
773 525 814 552 se
845 514 997 552 fatetur
1029 512 1199 552 Lobeok.
1224 512 1397 562 Paralip.
1421 514 1487 551 91.
1537 509 1813 557 ἐπικύπτοντες

242 576 502 624 προστιλῶσιν
539 573 667 623 ipsius
703 574 844 623 poetae
875 572 1000 612 verba
1037 585 1122 611 esse
1154 571 1374 610 arbitratur
1404 571 1636 618 Μο111.,0111
1675 564 1813 616 οὗτος

239 629 324 684 Ηρ.
357 634 477 672 simul
501 633 693 672 indicium
723 632 884 671 videtur
907 633 1010 671 hanc
1040 632 1217 682 glossam
1242 644 1289 670 ex
1314 631 1476 698 scholiis
1501 630 1650 669 veteris
1675 629 1813 669 comici

241 693 465 732 derivatam
497 693 631 732 fuisse.

527 831 606 874 Διὶ
638 833 849 889 Συκασίῳ
1003 773 1056 814 77

361 919 677 970 παραπεποίηται
724 916 831 970 παρὰ
875 916 916 956 τὸ
955 920 1231 968 συκοφαντεῖν.
1282 917 1518 968 Hesychius.
1574 916 1812 955 Eustathius

245 981 371 1031 1572,
392 982 445 1019 57
480 976 626 1031 λέγεται
656 976 722 1016 καὶ
754 975 994 1024 ὁΣυκάσιος
1015 975 1115 1023 Ζεὺς
1146 975 1251 1028 παρὰ
1282 980 1363 1023 τοῖς
1393 978 1588 1026 παλαιοῖς,
1621 973 1814 1027 ὃκαθάρ-

245 1049 345 1085 σιος·
376 1044 420 1093 τῇ
453 1037 527 1092 γὰρ
554 1042 653 1092 συκῇ
687 1036 853 1089 ἐχρῶντο
885 1035 928 1076 ἐν
953 1039 1188 1087 καθαρμοῖς.
1240 1038 1280 1075 et
1310 1037 1395 1086 ipse
1421 1036 1593 1086 Hesyeh.
1612 1034 1814 1081 Συκάσιος
1880 1076 1883 1077 ⁷

247 1099 364 1145 Ζεύς·
397 1096 418 1137 ὅ
437 1097 667 1149 καθάρσιος.
717 1102 762 1151 τῇ
794 1095 867 1150 γὰρ
901 1101 1000 1150 συκῇ
1034 1094 1200 1150 ἐχρῶντο
1227 1094 1270 1135 ἐν
1295 1095 1540 1149 καθαρσίοις.
1573 1095 1619 1134 cf.
1642 1094 1814 1134 Lobeck.

244 1159 441 1209 Aglaoph.
465 1159 547 1197 703
569 1171 607 1196 11.
627 1171 664 1209 g.
700 1179 750 1183 —
787 1157 870 1196 sine
903 1157 1023 1195 dubio
1046 1158 1166 1206 poeta
1196 1158 1367 1206 utraque
1399 1155 1692 1205 significatione
1724 1167 1814 1193 eon-

243 1219 335 1257 fusa
366 1220 513 1257 comice
545 1218 710 1268 luserat,
741 1217 870 1256 veluti
901 1214 969 1255 Διὶ
998 1215 1186 1271 Συκασίῳ
1225 1211 1318 1268 (γὰρ
1354 1213 1503 1267 ευχεται
1533 1217 1642 1254 θεῶν
1674 1207 1816 1269 μόνῳ).

245 1279 293 1317 of.
327 1277 478 1317 Oratin.
512 1278 578 1316 69.

1002 1356 1056 1398 78

529 1453 746 1502 λωπιστὸς
778 1451 800 1494 ὁ
835 1451 1107 1506 Παλαμήδης

366 1538 409 1578 ἐκ
439 1544 508 1591 τῆς
538 1544 616 1578 τῶν
641 1538 804 1590 ἱματίων
830 1536 1054 1589 ἐπιρίψεως.
1100 1536 1335 1586 Hesychius.
1380 1531 1500 1574 tridet
1520 1536 1659 1586 opinor
1677 1535 1815 1574 histri-

247 1612 361 1638 onem
399 1600 466 1650 qui
498 1599 753 1637 Palamedem
789 1596 910 1636 λώπει
946 1597 1112 1635 indutus
1153 1596 1295 1634 inscite
1327 1591 1490 1646 egerat?
1552 1595 1669 1633 Mein.
1702 1595 1814 1633 euius

245 1659 443 1710 opinionis
474 1659 697 1709 periculum
728 1671 808 1697 non
834 1657 1018 1707 suscipio.
1054 1677 1104 1683 -—
1138 1653 1387 1707 ἐπιρράψεως
1417 1655 1544 1703 idem,
1583 1655 1652 1693 sed
1689 1656 1816 1693 retra-

245 1719 372 1759 ctavit
404 1718 644 1758 sententiam
673 1717 711 1755 V
746 1719 842 1757 120.

531 1869 801 1927 περισχαὸόν
1005 1809 1059 1851 79

368 1956 436 1997 τὸν
462 1955 776 2016 υποκρινάμενον
801 1953 868 1994 τὸν
887 1952 1042 2008 Περσέα
1068 1951 1120 2001 ὡς
1144 1951 1299 2005 πτωχὸν
1324 1951 1390 1992 καὶ
1409 1952 1678 2004 φησίμορφον.
1720 1950 1816 2002 ψιά-

246 2021 355 2068 θιον,
387 2016 430 2056 ἐν
457 2016 487 2073 ᾡ
513 2018 752 2069 περιειλοῦσι
775 2013 843 2062 τὰς
875 2014 1048 2067 ἰσχάδας.
1079 2014 1316 2064 Hesychius.
1359 2009 1560 2064 apertum
1591 2014 1652 2051 est
1681 2011 1815 2050 risisse

245 2079 407 2128 poetam
437 2059 664 2127 histrionis,
703 2075 773 2126 qui
810 2075 947 2114 Persei
983 2076 1118 2124 partes
1156 2074 1412 2122 actitaverat,
1451 2073 1733 2123 paupertatem
1777 2072 1817 2109 et

247 2137 531 2176 macilentiam.
581 2135 794 2187 legendum
825 2134 1114 2187 φθισίμορφον.
1165 2134 1234 2172 sed
1265 2131 1500 2184 περισχαδόν
1526 2131 1708 2182 expedire
1735 2143 1816 2169 non

248 2193 389 2236 licuit?
420 2196 539 2236 Mein.
589 2196 638 2235 of.
667 2195 821 2250 Nauck.
855 2195 920 2232 Tr.
952 2207 1010 2245 gr.
1042 2194 1090 2231 fr.
1122 2207 1159 2243 p.
1182 2194 1279 2231 313.

1006 2333 1062 2375 80

534 2395 721 2450 αἰτῶμαι

368 2481 548 2533 αἰτιῶμαι
567 2481 803 2532 Hesychius.
836 2474 1098 2530 suspectum'
1131 2478 1183 2517 M.
1204 2477 1419 2517 Schmidt.
1434 2477 1607 2516 minime.
1649 2477 1816 2517 notatur

248 2542 505 2593 Hyperbolus
535 2542 601 2581 vel
637 2540 770 2580 nescio
809 2539 898 2591 quis
935 2539 1074 2579 eodem
1114 2537 1231 2577 modo
1263 2537 1446 2576 Atticum
1477 2549 1698 2576 sermonem
1727 2548 1816 2586 per-

248 2604 420 2641 vertens.
483 2602 531 2641 ef.
562 2601 666 2640 Plat.
698 2613 796 2640 eom.
831 2601 926 2639 168.

1005 2702 1059 2745 81

536 2764 786 2815 άναστῦψαι

371 2851 515 2890 Pollux
548 2853 592 2901 2,
626 2852 708 2890 176
753 2849 795 2889 τὸ
838 2847 1064 2888 ἀνασπάσαι
1106 2845 1148 2886 τὸ
1186 2846 1342 2887 αἰδοῖον
1378 2845 1484 2898 παρὰ
1526 2849 1606 2894 τοῖς
1641 2843 1817 2898 ἀρχαίοις

183 2956 191 2959 „
252 2914 437 2962 κωμικοῖς
468 2908 602 2949 ἀναστ.
632 2912 815 2949 καλεῖται.
