2014 3334
710 237 912 272 ΑΔΗΛΩΝ
939 238 1200 273 ΔΡΑΜΑΤῼΝ
1659 237 1742 281 183

908 369 995 413 605

1026 442 1076 486 τὸ
1108 438 1150 486 δ’
1185 439 1235 486 εὖ
1267 441 1423 499 φέρειν

381 511 503 554 ἔστιν
533 516 755 567 τοιοῦτον,
788 511 844 556 ἂν
877 511 992 571 δύνῃ
1024 515 1160 569 μόνος
1192 514 1363 571 φέρειν,

381 580 454 627 καὶ
485 583 544 639 μὴ
574 578 780 640 ’πίδηλον
811 586 892 641 τὴν
923 586 1062 642 τύχην
1092 589 1274 638 πολλοῖς
1304 593 1444 644 ποιῇς.

286 681 482 722 stobaeus
520 682 659 723 Floril.
694 685 799 734 109,
833 686 858 723 4
904 683 1153 737 Μενάνδρου
1186 685 1233 725 A.
1316 688 1353 725 2.
1397 683 1502 725 ἔστιν
1544 685 1742 737 τοιοῦτον]

81 755 92 770 ·
166 737 243 781 ἔστ’
277 741 324 781 Β.
387 743 424 782 3.
455 746 574 797 ποιῇς
605 742 729 783 Vind.
777 748 879 799 ποῇς
909 744 994 784 ΑΒ.

914 884 1001 928 606

1026 956 1295 1013 μανθάνειν·

380 1026 487 1070 ὅτου
520 1023 563 1070 δ’
600 1026 656 1071 ἂν
688 1030 824 1085 ἔργου
855 1028 1076 1086 τυγχάνῃς
1107 1029 1288 1085 ἄπειρος
1319 1029 1397 1083 ὤν,

377 1099 427 1142 τὸ
458 1099 775 1143 πυνθάνεσθαι
807 1107 897 1143 τῶν
929 1101 1198 1144 κατειδότων
1228 1102 1376 1143 καλόν.

283 1197 480 1238 Stobaeus
512 1200 598 1239 Ee).
626 1203 663 1250 2,
698 1202 766 1250 31,
802 1201 854 1240 13
891 1199 1092 1239 Wachsm.
1126 1198 1386 1251 Μενάνδρου.
1453 1203 1488 1238 1.
1520 1200 1745 1251 μανθάνειν

164 1258 330 1298 seclusit
361 1259 479 1299 Mein.
510 1261 558 1298 ut
589 1272 637 1298 ex
675 1260 816 1312 ecloga
848 1259 1012 1301 Stobaei
1049 1261 1100 1299 14
1139 1259 1333 1299 iteratum
1365 1260 1430 1300 vel
1463 1255 1517 1313 (V
1555 1255 1659 1313 109)
1697 1274 1743 1299 ex

164 1318 244 1357 alio
276 1318 384 1368 quod
421 1319 544 1370 periit
580 1320 806 1371 fragmento
847 1319 1043 1359 relictum.
1106 1319 1175 1359 sed
1213 1320 1383 1359 fortasse
1415 1321 1536 1369 poeta
1574 1320 1630 1359 sic
1662 1321 1743 1359 fere

164 1377 320 1417 dixerat
350 1374 435 1417 ἀλλ’
470 1376 514 1418 ἕν
544 1393 580 1418 τι
606 1378 672 1418 δεῖ
696 1377 764 1419 τὸν
800 1384 1089 1432 σωφρονοῦντα
1117 1378 1354 1432 μανθάνειν.
1417 1382 1456 1418 2.
1489 1377 1581 1419 ὅτου
1607 1377 1743 1431 Mein]

163 1435 254 1477 οἴου
287 1437 331 1477 L.
364 1432 451 1491 (οἵα
481 1439 590 1478 rubr.
622 1435 743 1492 add.).

894 1546 991 1610 '607

951 1649 1134 1702 ἕκαστος
1194 1685 1203 1694 .
1267 1686 1275 1693 .
1338 1684 1348 1694 .

376 1722 520 1774 κύψας
551 1721 655 1766 καθ’
692 1721 852 1767 ἑαυτὸν
883 1730 974 1766 τῶν
1005 1723 1301 1779 τραγημάτων
1332 1723 1447 1779 ἔφλα

379 1796 713 1850 φυλαττόμενός
742 1810 789 1838 τε
819 1793 1088 1851 κᾶμβλέπειν
1121 1795 1413 1850 φοβούμενος.

284 1893 528 1933 Plutarchus
562 1894 661 1934 Mor.
693 1895 818 1935 133b
861 1899 952 1934 τῶν
989 1892 1097 1947 παρὰ
1128 1895 1181 1950 τῷ
1213 1892 1443 1950 Μενάνδρῳ
1476 1894 1744 1933 νεανίσκων

165 1950 258 1992 ὑπὸ
289 1957 372 1993 τοῦ
403 1954 744 2006 πορνοβοσκοῦ
775 1952 900 2007 παρὰ
931 1952 1079 1994 πότον
1112 1951 1568 2006 ἐπιβουλευομένων
1599 1952 1745 2001 καλὰς

165 2011 243 2052 καὶ
279 2015 554 2061 πολυτελεῖς
593 2013 874 2067 εἰσάγοντος
911 2012 1122 2067 ἑταίρας,
1159 2011 1340 2064 ἕκαστος,
1371 2012 1425 2060 ὥς
1457 2024 1578 2064 φησι,
1610 2012 1744 2063 κύψας

166 2075 244 2112 κτλ.
305 2073 410 2112 idem
446 2074 568 2113 706b
611 2072 719 2126 παρὰ
755 2075 809 2130 τῷ
847 2073 1079 2130 Μενάνδρῳ
1124 2079 1213 2113 τῶν
1257 2078 1511 2124 συμποτῶν
1548 2071 1744 2120 ἕκαστος

166 2131 556 2184 ἐπιβουλευόμενος
606 2132 684 2173 ὑπὸ
729 2139 800 2174 τοῦ
842 2135 1122 2187 πορνοβοσκοῦ
1167 2133 1343 2185 σοβαράν
1393 2147 1481 2172 τινα
1530 2132 1743 2183 παιδίσκην

166 2190 382 2246 ἐπάγοντος
407 2191 541 2241 αὐτοῖς
559 2197 637 2233 κτλ.
702 2197 738 2233 2.
771 2190 868 2234 καθ’
898 2192 1126 2246 Wyttenb]
1153 2192 1204 2241 ἐς.
1267 2195 1304 2233 3.
1337 2193 1393 2232 Sic
1424 2192 1628 2232 Herwerd.
1650 2192 1743 2232 Obs.

167 2252 254 2291 orit.
297 2254 393 2293 123.
443 2251 510 2292 καὶ
553 2254 647 2306 φοβ.
691 2252 799 2306 ε’μβλ.
843 2254 951 2294 Plut.
1013 2267 1175 2294 versum
1219 2255 1243 2292 3
1290 2252 1383 2292 addi
1426 2253 1506 2292 iam
1543 2252 1743 2292 Porsonus

167 2311 339 2352 iusserat
369 2312 495 2353 Arist.
526 2313 603 2354 Av.
638 2315 734 2354 705.

908 2442 995 2508 60ιὸ

382 2523 460 2567 ἐὰν
489 2531 633 2576 κακῶς
664 2541 752 2581 μου
782 2525 865 2581 τὴν
895 2522 1070 2580 γυναῖχ’
1108 2524 1224 2566 οὕτω
1257 2522 1401 2580 λέγῃς,

381 2596 461 2639 τὸν
490 2595 656 2654 πατέρα
688 2595 762 2640 καὶ
794 2594 843 2640 σὲ
875 2597 980 2648 τούς
1010 2611 1055 2639 τε
1088 2596 1195 2646 σοὺς
1227 2594 1312 2650 ἐγὼ
1344 2597 1507 2637 πλυνῶ.

288 2695 569 2735 Artemidorus
601 2695 779 2736 Onirocr.
803 2699 840 2748 2,
874 2698 897 2736 5
931 2694 1095 2735 πλύνειν
1126 2698 1437 2745 καταχρηστικῶς
1469 2690 1534 2731 καὶ
1566 2691 1607 2731 τὸ
1640 2690 1737 2744 ἐλέγ-

169 2768 251 2806 χειν
276 2752 410 2807 ἔλεγον
442 2753 484 2794 οἱ
510 2755 684 2806 παλαιοί,
716 2754 769 2803 ὥς
800 2769 879 2796 που
911 2753 978 2795 καὶ
997 2752 1240 2804 Μένανδρος
1267 2755 1343 2791 κτλ.
1406 2753 1454 2791 cf.
1477 2751 1620 2791 Suidas
1644 2750 1742 2791 nw-

170 2827 288 2854 νεται.
354 2816 390 2853 1.
421 2811 475 2865 ἢν
510 2813 585 2867 γὰρ
624 2814 732 2854 Suid.
772 2837 817 2842 -—
855 2817 903 2854 cf.
939 2814 1142 2864 Aristoph.
1176 2815 1222 2851 fr.
1257 2814 1353 2851 200.
1414 2812 1508 2862 post
1544 2826 1634 2862 μου
1671 2809 1744 2861 τὴν

170 2876 340 2926 γυναῖκα
377 2886 477 2924 opus
510 2878 598 2913 erat
628 2880 702 2914 σοῦ
739 2873 808 2914 τὸν
842 2871 1000 2926 πατέρα.
1056 2874 1193 2923 itaque
1226 2873 1396 2910 fortasse
1428 2868 1541 2926 λέγῃς
1576 2869 1643 2909 καὶ
1673 2869 1741 2910 τὸν

170 2930 330 2985 πατέρα,
361 2930 404 2972 σὲ
434 2931 526 2981 τούς
557 2947 595 2972 τε
627 2932 722 2981 σοὺς
752 2937 844 2985 κτλ.,
874 2936 922 2973 ut
953 2932 1138 2984 apodosis
1169 2930 1336 2982 incipiat
1366 2943 1391 2969 a
1422 2927 1474 2971 σε’.
