2014 3334
238 233 324 274 356
613 237 616 242 ’
832 236 1173 269 ΤΙΜΟΣΤΡΑΤΟΣ
1199 255 1245 261 —

180 362 191 369 -
238 347 300 384 est
332 346 452 383 etiam
487 345 777 384 Timostrabum
809 346 1116 385 Abheniensium
1148 347 1189 384 in
1225 359 1272 385 ea
1301 360 1344 386 re
1376 348 1594 392 levitatem,
1618 348 1809 398 perstrin—

237 406 353 443 xisse.
389 427 437 432 —
475 405 524 443 of.
555 405 653 444 Poll.
689 407 727 456 3,
759 406 827 444 56.

1010 487 1036 528 2

454 557 499 600 οἰ
527 555 609 613 μὲν
640 556 921 614 προσέφερον
952 559 1031 600 τὸν
1061 558 1231 614 χάρακα
1261 559 1372 615 πρὸς
1402 559 1483 614 τὴν
1516 560 1667 616 ἄκραν.

358 631 588 683 Etymol'og.
607 647 658 672 m.
679 633 827 671 Milleri
859 629 1084 685 (Melanges
1107 629 1213 687 307)
1239 636 1280 672 et
1311 633 1455 673 Suidas
1487 633 1620 686 χάραξ.
1676 632 1810 685 Δημό-

239 703 400 744 στρατος
426 691 705 747 Δημοποιήτῳ.
751 693 808 731 sio
835 692 998 733 Kuster.
1036 706 1108 743 pro
1142 692 1387 744 ὃημοποίητα
1420 694 1537 732 Suid.‹
1564 692 1812 744 δημοποιητοὶ

238 752 302 790 Et.
330 766 380 790 m.
411 774 468 778 —
499 746 778 805 Δημόστρατος
807 748 1040 792 ‘videndum
1063 765 1112 791 ne
1139 765 1187 791 ex
1214 753 1445 792 Timosz‘rato
1472 756 1704 804 corruptum
1731 748 1811 792 sit’.

237 812 356 851 Mein.
387 812 407 850 I
440 813 538 851 500.
784 838 786 841 v

836 867 1208 902 ATTPOTMENOZ

355 930 404 969 U.
430 931 615 970 Koehler.
636 931 667 970 I.
687 932 734 971 A.
758 945 796 971 n.
824 934 908 972 975
940 946 971 971 11
1002 932 1088 971 init.
1130 930 1468 984 [Τιμ]όσ[τρατος]
1500 929 1810 987 Λυτ[ρουμε’νῳ]

237 989 324 1029 ὑπε.
368 990 594 1044 Διογείτων.

971 1047 1074 1081 HAN

452 1167 526 1209 διὰ
557 1167 702 1223 χειρὸς
735 1151 936 1209 δανεῖσαι
1015 1108 1042 1150 3

363 1241 625 1292 Τιμόστρατος
644 1241 764 1280 Πανί.
814 1242 984 1280 Bekker.
1008 1242 1155 1281 Aneod.
1179 1243 1249 1292 89,
1270 1244 1336 1280 23.
1370 1243 1395 1281 i.
1416 1256 1447 1281 e.
1475 1244 1558 1281 sine
1575 1243 1810 1292 syngrapha.

239 1300 390 1340 Charit.
428 1304 463 1351 1,
500 1303 552 1340 12
585 1298 611 1351 ἡ
644 1299 709 1340 διὰ
741 1300 867 1354 χειρὸς
897 1307 1052 1354 πρᾶσις.

826 1416 1228 1450 ΠΑΡΑΚΑΤΑΘΗΚΗ

886 1479 891 1484 ’
1009 1479 1037 1519 4

454 1538 587 1594 goma

357 1611 556 1664 λοιδορίας
587 1607 702 1659 εἶδος.
756 1611 1015 1663 Τιμόστρατος
1046 1611 1375 1667 Παρακαταθήκῃ
1414 1610 1482 1658 τὰς
1512 1610 1715 1662 βασάνους
1745 1608 1811 1649 καὶ

236 1672 304 1718 τὰς
335 1670 487 1724 πληγὰς
527 1671 721 1724 ζάγριον
752 1669 862 1724 λέγει.
912 1672 1083 1710 Bekker.
1112 1672 1259 1710 Anecd.
1289 1674 1356 1723 98,
1384 1673 1422 1709 4.
1471 1671 1640 1710 Photius
1673 1669 1810 1722 ζάγρα’

237 1731 438 1784 λοιδορίας
469 1726 591 1778 εἶδος·
624 1730 749 1778 οὕτως
784 1730 1055 1784 Τιμόστρατος.

831 1834 1221 1868 ΦΙΛΟΔΕΣΠΟΤΟΣ

357 1898 415 1936 Cf.
437 1898 663 1950 Theogneti
689 1901 729 1937 et
755 1898 923 1950 Sogenis
954 1899 1116 1937 fabulae
1149 1898 1401 1949 cognomines
1429 1900 1469 1936 et
1495 1910 1597 1948 quae
1623 1897 1673 1935 ad
1698 1897 1810 1935 illam

238 1958 532 1998 adnotavimus.

452 2073 702 2130 ἀφελοῦμαι

357 2147 444 2187 ἀντὶ
463 2154 532 2188 τοῦ
553 2148 835 2201 ἀφαιρήσομαι.
879 2148 1137 2200 Τιμόστρατος
1161 2147 1440 2203 Φιλοδεσπότῃ.
1471 2148 1642 2187 Bekker.
1660 2148 1807 2186 Aneod.

240 2210 307 2259 80,
343 2211 407 2247 12.
458 2209 525 2248 vix
557 2209 746 2248 credibile
780 2211 841 2248 θεὴ
872 2222 919 2247 ea
950 2210 1080 2248 forma
1113 2221 1231 2247 usum
1264 2221 1349 2247 esse
1382 2208 1584 2246 hominem
1614 2207 1809 2257 Atticum,

237 2281 286 2306 ne
319 2271 410 2318 post
442 2281 490 2307 ea
521 2269 682 2320 quidem
713 2281 815 2320 quae
847 2269 1072 2307 Meinekius
1106 2268 1245 2307 attulit
1263 2267 1300 2304 V
1323 2269 1418 2306 117.
1467 2267 1604 2317 itaque
1636 2267 1808 2306 fortasse

238 2328 438 2367 hominem
469 2342 548 2367 non
579 2329 762 2368 Atticum
792 2329 852 2367 ita
882 2329 1114 2379 loquentem
1144 2329 1264 2377 poeta
1294 2327 1519 2366 induxerat.

866 2431 1167 2465 -ΦΙΛΟΙΚΕΙΟΣ
1233 2430 1235 2432 ’

357 2495 405 2534 U.
438 2495 624 2535 Koehler.
655 2496 686 2534 I.
719 2495 765 2536 A.
804 2509 842 2534 n.
877 2497 960 2535 975
999 2508 1047 2534 111
1082 2498 1103 2533 7
1154 2493 1412 2546 Τιμόστρατος
1452 2494 1671 2548 Φιλοικείῳ.
1722 2491 1808 2532 ὑπε.

240 2555 535 2607 Καλλίστρατος.
568 2555 783 2605 φιλοίκειος
822 2569 897 2594 vox
935 2557 996 2594 esss
1032 2554 1322 2605 posterioribus
1355 2554 1518 2593 usitata.
1568 2553 1707 2604 Polyb.
1741 2554 1809 2603 32,

243 2617 309 2665 14,
332 2617 354 2654 9
383 2613 425 2653 τὸ
451 2614 729 2668 μεγαλόψυχον
754 2613 820 2654 καὶ
845 2614 1064 2665 φιλοίκειον
1089 2619 1157 2665 τῆς
1170 2614 1250 2652 ’τοῦ
1275 2613 1515 2664 Σκηπίωνος
1539 2610 1809 2665 προαιρέσεως.

780 2718 984 2752 ΑΔΗΛῼΝ
1009 2717 1269 2751 ΔΡΑΜΑΤῼΝ

1011 2779 1036 2820 6

453 2855 506 2892 A.
538 2857 689 2907 τηρεῖν
721 2847 801 2906 μὲν
834 2849 997 2905 ἑτέροις
1030 2849 1076 2891 οί
1102 2847 1307 2903 γέροντες
1339 2848 1582 2903 δυνάμεθα.

451 2923 501 2963 Β.
532 2921 656 2977 ἡμεῖς
687 2918 727 2963 δ’
763 2921 1003 2965 ἀπολαύειν
1035 2917 1100 2964 ὧν
1132 2922 1310 2976 ἔχουσιν
1343 2920 1390 2962 οἱ
1416 2918 1523 2963 νέοι.

1948 49 2014 75 ’ὴαᾶ
