2014 3334
208 228 296 271 456
618 234 621 238 ’
862 227 1125 261 ΑΔΕΣΠΟΤΑ

885 335 984 379 263.
1017 335 1104 379 264

495 417 559 475 μί’
594 417 733 476 ἡμέρα
765 423 998 462 ποθοῦντα
1028 418 1266 476 γηράσκειν
1296 427 1424 463 ποιεῖ.

1348 493 1426 547 μία

494 563 603 619 πρὸς
634 567 773 619 γῆρας
804 561 931 618 ἀρκεῖ
958 568 1050 612 τοῖς
1082 561 1242 618 ἐρῶσιν
1272 562 1425 620 ἡμέρα.

286 668 294 673 κ
327 649 546 699 Procopius
567 650 638 700 Ep.
663 652 715 689 13
743 650 829 688 init.
861 647 953 696 τοὺς
977 652 1210 696 ποθοῦντας
1241 647 1307 688 καὶ
1334 649 1404 701 μία
1435 646 1501 701 ἡμ.
1520 665 1555 702 γ.
1574 663 1614 689 π.
1635 651 1676 689 et
1698 651 1780 690 115

208 711 295 749 init.
328 712 408 757 τοῖς
440 707 494 761 ἐρ.
520 708 590 760 μία
620 705 688 760 ἡμ.
718 722 783 761 πρ,
811 724 846 761 γ.
878 707 997 760 ἀρκεῖ.
1049 709 1246 748 Theocrit.
1271 710 1335 758 12,
1364 711 1387 748 2
1422 709 1464 748 οἷ
1492 707 1534 748 δὲ
1564 713 1782 757 ποθεῦντες

208 768 251 808 ἐν
288 766 406 820 ἤματι
444 768 730 822 γηράσκουσιν,
769 769 819 808 ad
857 781 974 820 quem
1012 781 1172 808 versum
1210 769 1259 808 cf.
1297 782 1399 819 quae
1441 769 1650 810 adnotavit
1686 769 1781 809 Mei-

208 829 351 868 nekius
382 843 420 879 p.
455 830 551 868 283.
584 830 683 868 481.

949 906 1036 950 265

491 989 564 1034 καὶ
595 989 706 1047 με’γα
737 991 912 1045 βοώσας
943 989 1208 1047 παραπλέων
1238 991 1314 1041 τὰς
1345 991 1510 1046 ἡδονάς

326 1079 545 1177 ΙΞΥοοοΡὶιιε
569 1078 696 1129 Epist.
727 1079 809 1117 117
838 1079 935 1118 extr.
970 1073 1140 1132 (νικήσει
1161 1073 1390 1131 Ὀδυσσεὺς)
1431 1076 1498 1117 καὶ
1527 1075 1651 1117 πολλὰ
1677 1075 1780 1129 βοώ-

207 1150 278 1186 σας
313 1154 333 1178 ο
353 1154 423 1190 μαι
453 1141 531 1178 κτλ.
1099 1143 1102 1146 ’

950 1218 1037 1260 266

491 1303 664 1344 πλατὺν
695 1300 864 1356 γέλωτα
895 1299 1088 1356 καταχέω
1121 1308 1210 1344 τῶν
1247 1301 1491 1357 δογμάτων.

328 1388 656 1438 Theophylactus
695 1388 837 1427 Simoc.
869 1387 943 1438 Ep.
979 1389 1032 1427 10
1075 1393 1153 1427 τῶν
1192 1393 1272 1427 σῶν
1309 1391 1392 1428 καλ.
1426 1388 1460 1427 δ.
1492 1388 1598 1427 ridet
1634 1387 1779 1437 aliquis

208 1447 359 1497 planita
390 1448 731 1499 philosophorum.

949 1539 1033 1582 267

494 1610 613 1666 ἀλγῶ
647 1608 695 1653 δὲ
727 1608 799 1653 καὶ
830 1616 907 1666 τῆς
939 1610 1019 1666 οὐχ
1052 1609 1278 1667 ὁρωμένης
1309 1610 1406 1667 ἐρῶ.

329 1699 655 1749 Theophylactus
688 1698 829 1737 Simoo.
861 1698 933 1748 Ep,
967 1700 1020 1737 36
1054 1696 1158 1750 ἀλγῶ
1192 1695 1234 1737 δὲ
1265 1696 1370 1749 ὅμως
1401 1695 1473 1748 τὴν
1503 1694 1642 1749 ψυχὴν
1671 1698 1749 1735 κτλ.

948 1813 1033 1856 268

496 1897 692 1952 δραχμῆς
722 1893 803 1952 μὲν
836 1895 983 1951 αὐλεῖ,
1015 1896 1234 1952 τεττάρων
1266 1893 1315 1939 δὲ
1345 1896 1541 1939 παύεται.

258 1990 261 1992 ’
330 1984 557 2034 Stephanus
584 1985 678 2035 Byz.
706 1980 869 2036 Ἀραβία
890 1978 948 2037 (p.
972 1984 1067 2035 108,
1097 1985 1117 2022 1
1147 1979 1305 2036 Mein.)·
1342 1980 1363 2022 ὃ
1389 1978 1571 2035 Ἀράβιος
1597 1979 1780 2033 αὐλητής,

210 2041 254 2091 ὃς
286 2043 462 2096 δραχμῆς
493 2041 564 2095 μὲν
589 2041 711 2095 ηὔλει,
743 2042 939 2095 τεττάρων
958 2039 994 2082 δ’
1024 2040 1199 2081 ἐπαύετο.
1239 2043 1435 2082 Zenobius
1458 2045 1495 2092 2,
1516 2043 1570 2081 58
1598 2037 1781 2094 Ἀράβιος

211 2101 373 2156 ἅγγελος
483 2102 631 2155 εἴρηται
664 2100 706 2142 δὲ
738 2100 800 2142 ἐπὶ
830 2107 900 2142 τοῦ
927 2098 1114 2154 Ἀραβίου
1147 2100 1334 2152 αὐλητοῦ,
1365 2098 1409 2149 ὃς
1439 2099 1551 2153 η’ὔλει
1582 2098 1654 2152 μὲν
1685 2100 1779 2152 δρα-

211 2167 322 2214 χμῆς,
355 2161 520 2202 ἐπαύετο
553 2160 595 2202 δὲ
626 2162 826 2214 τεττάρων.
876 2162 925 2201 cf.
958 2162 1124 2213 Gregor.
1155 2161 1274 2212 Cypr.
1309 2163 1345 2212 1,
1379 2163 1432 2200 32
1467 2156 1609 2214 (Mosq.
1633 2163 1669 2211 1,
1690 2154 1779 2213 31),

209 2223 280 2261 ubi
302 2222 331 2261 O
358 2222 401 2260 in
425 2222 502 2261 fine
528 2218 593 2273 ἐφ’
623 2216 679 2261 ὧν
705 2220 844 2273 ἐλέχθη
870 2220 1076 2273 παροιμία·
1110 2220 1285 2272 δραχμῆς
1310 2217 1381 2271 μὲν
1406 2218 1530 2270 αὐλεῖ,
1554 2233 1646 2259 τεττ.
1673 2216 1715 2258 δὲ
1737 2232 1775 2258 π.

211 2294 256 2320 ac
288 2282 343 2320 sio
375 2282 556 2332 Apostol.
591 2284 628 2333 3,
663 2284 729 2321 71.
791 2281 840 2320 of.
874 2282 911 2332 6,
945 2282 1043 2319 36a.

946 2395 1033 2438 269

496 2481 696 2534 λόγοισιν
719 2477 1001 2536 Ἑρμόδωρος
1032 2477 1329 2535 ἐμπορεύεται.

331 2567 526 2613 Zenobius
548 2568 586 2615 5,
608 2568 631 2605 6
665 2562 950 2619 ὅἙρμόδωρος
981 2562 1176 2618 ἀκροατὴς
1195 2562 1334 2617 ,γε’γονε
1354 2564 1569 2614 Πλάτωνος
1594 2563 1660 2604 καὶ
1683 2563 1777 2612 τοὺς

211 2620 281 2664 ὑπ’
317 2624 440 2666 αὐτοῦ
473 2623 799 2676 συντεθειμένους
829 2624 1039 2678 λογισμοὺς
1069 2654 1079 2664 .
1111 2655 1119 2664 .
1153 2653 1162 2663 .
1194 2622 1343 2663 ἐπώλει.

946 2740 1033 2782 270

496 2824 554 2879 μὴ
586 2824 696 2880 πρὸς
727 2821 883 2867 λεόντα
915 2823 1077 2879 δορκὰς
1107 2822 1285 2878 ἅψωμαι
1316 2814 1465 2878 μάχης.

332 2910 565 2962 Diogenian.
589 2912 626 2961 6,
660 2912 713 2950 59
748 2907 946 2962 (Apostol.
971 2912 1036 2961 11,
1058 2905 1132 2962 46)
1165 2906 1228 2948 ἐπὶ
1259 2914 1336 2948 τῶν
1366 2906 1439 2959 τὴν
1470 2907 1583 2961 ἰσχὺν
1614 2906 1773 2948 ἀνίσων.
