2014 3334
280 245 365 287 258
629 253 632 258 ’
920 248 1219 282 MENANAPOT

1010 381 1124 423 1040

564 440 724 494 νεαλής

398 524 605 565 ἐκτείνεται
634 524 676 565 τὸ
708 528 746 564 ἆ.
791 522 1078 578 Ἀριστοφάνης
1110 522 1178 580 (fr.
1207 522 1326 582 361).
1370 526 1624 580 Μένανδρος.
1670 529 1848 569 Photius.

1011 643 1122 686 1041

566 702 804 757 νηττάριον

402 790 571 827 Bekker.
604 789 753 828 Anecd.
787 791 884 840 857,
918 791 973 828 20
1017 787 1058 828 τὸ
1089 787 1391 842 ’ὑποκοριστικὸν
1426 789 1633 830 ἐλάττωσίν
1663 805 1751 829 τινα
1782 802 1852 842 ση-

282 848 413 898 μαίνει
435 880 444 887 .
477 880 485 887 .
519 848 737 895 ,πολλάκις
777 847 1110 895 ὑποθωπεύοντες
1150 850 1342 897 τοιούτοις
1378 849 1602 901 κεχρήμεθα
1646 847 1850 901 ὀνόμασιν,

282 906 336 955 ὣς
365 907 473 959 παρὰ
504 907 734 962 Μενάνδρῳ
765 907 983 960 νηττάριον.
1034 910 1173 948 eadem
1206 911 1286 948 fere
1314 909 1488 948 Cramer.
1510 910 1657 948 Anecd.
1678 909 1748 949 Ox.
1769 910 1850 948 IIII

283 970 381 1018 329,
418 970 470 1007 15
505 963 733 1022 (νιτάριον).
785 970 833 1007 cf.
864 968 988 1007 Arist.
1020 968 1128 1007 Pluss.
1161 971 1287 1008 1011.

1012 1097 1126 1139 1042

567 1157 875 1212 νουθετησμός

402 1243 546 1283 Pollux
579 1245 735 1294 9,139
769 1246 922 1293 φαῦλος
954 1240 975 1282 6
1006 1242 1254 1294 Μενάνδρου
1287 1258 1322 1281 ν.
1347 1265 1406 1269 --
1431 1241 1705 1294 νουθετησμός
1734 1243 1851 1282 Mein.

284 1303 342 1343 ed.
344 1301 486 1375 mai]
520 1301 793 1354 νουθετισμός.
844 1303 891 1342 cf.
924 1301 1196 1354 σκαριφησμός
1229 1298 1320 1352 (Ar.
1351 1303 1449 1341 Ran.
1480 1297 1634 1356 1497),
1672 1302 1853 1355 λοιδορη-

284 1351 380 1414 σμος
412 1361 524 1413 (ibid.
563 1357 681 1416 758),
713 1360 918 1415 ὅρχησμός,
949 1361 1166 1415 κροτησμός
1198 1362 1248 1400 al.
1280 1362 1452 1401 Lobeck.
1483 1363 1631 1413 Phryn.
1666 1364 1761 1402 510

1014 1479 1127 1521 1043

567 1540 873 1594 νουνεχόντως

404 1626 573 1664 Bekker.
595 1625 743 1664 Anecd.
764 1626 862 1670 587,
892 1626 943 1664 15
976 1623 1018 1664 τὸ
1049 1623 1157 1677 παρὰ
1188 1624 1418 1680 Μενάνδρῳ
1449 1623 1715 1676 νουνεχόντως
1746 1624 1859 1665 δοκεῖ

285 1683 503 1724 ἀσύστατον
535 1680 648 1724 εἶναι.
697 1687 746 1724 of.
777 1685 949 1724 Lobeck.
980 1685 1127 1736 Phryn.
1162 1686 1259 1724 604.

1014 1801 1128 1843 1044

572 1865 682 1904 οἴκει

404 1947 511 2000 παρὰ
538 1947 768 2004 Μενάνδρῳ
800 1946 887 1987 ἀντὶ
917 1962 987 1987 του
1019 1946 1131 1987 οίκοι,
1182 1947 1351 1987 Ioannes
1370 1947 1586 1987 Alexandr.
1622 1948 1679 1986 De
1705 1949 1854 1986 acuent.

286 2024 323 2070 p.
358 2011 425 2060 36,
458 2011 527 2048 32.
577 2009 814 2047 Eustathius
838 2009 963 2058 1907,
997 2008 1053 2047 50
1078 2003 1354 2059 “Ηρακλείδης.
1376 2004 1495 2060 ,λέγει
1525 2005 1597 2057 τὴν
1629 2006 1667 2045 οι
1697 2006 1752 2053 εἰς
1782 2004 1855 2056 τὴν

287 2083 320 2107 ει
345 2071 584 2119 μεταποιεῖν,
609 2066 651 2106 τὸ
679 2067 793 2107 δυοῖν
818 2065 1001 2120 λέγοντας
1028 2067 1140 2106 δυεῖν
1170 2065 1236 2106 καὶ
1261 2066 1302 2106 τὸ
1329 2066 1431 2106 οίκοι
1462 2065 1558 2106 οἴκει
1583 2063 1650 2106 καὶ
1674 2064 1716 2105 τὸ
1741 2069 1856 2113 ποῖος

285 2132 406 2176 πεῖος.
447 2128 513 2168 vix
544 2128 673 2167 oredo.

1015 2194 1130 2237 1045

573 2279 741 2321 οἰκείαν
749 2310 761 2332 ,
793 2278 984 2327 οἰκείους

407 2366 576 2406 Photius
601 2363 647 2404 τὰ
666 2369 828 2404 τοιαῦτα
846 2368 1156 2416 παρεσημειοῢτο
1172 2359 1459 2415 Ἀριστοφάνης
1477 2361 1575 2414 πρὸς
1600 2377 1672 2413 την
1694 2361 1856 2412 οἰκείαν,

290 2426 345 2466 ὅτι
387 2425 436 2466 οὐ
467 2425 612 2478 κυρίως
644 2423 848 2476 κέχρηνται
878 2426 931 2479 τῷ
962 2420 1135 2475 ὀνόματι.
1197 2423 1367 2469 οἰκείους
1397 2421 1471 2475 γὰρ
1507 2421 1700 2461 ἐκτίθεται
1730 2420 1773 2461 ἐν
1803 2423 1856 2476 τῷ

287 2485 377 2537 περὶ
409 2490 649 2538 συγγενικῶν
685 2483 777 2531 τοὺς
814 2480 897 2522 κατ’
940 2481 1150 2536 ἐπιγαμίαν
1180 2479 1500 2534 παρεσηγμένους
1538 2480 1699 2554 ε’ξῳθεν.
1761 2479 1782 2519 6
1815 2463 1857 2519 δὲ

290 2544 531 2597 Μένανδρος
557 2543 678 2583 ἐνίοτε
704 2542 766 2583 ἐπὶ
791 2549 870 2582 τῶν
896 2548 1096 2596 συγγενῶν
1121 2540 1235 2595 λέγει,
1267 2540 1339 2593 οὐχ
1364 2539 1418 2588 ὥς
1442 2538 1554 2592 ημεῖς
1579 2539 1641 2580 ἐπὶ
1666 2546 1744 2580 τῶν
1768 2536 1853 2579 κατ’

290 2605 500 2658 ἐπιγαμίαν
532 2604 671 2655 φίλων.
721 2605 771 2642 cf.
801 2603 956 2642 Nauck.
986 2603 1111 2642 Arist.
1141 2602 1235 2653 Byz.
1267 2615 1305 2651 p.
1341 2603 1436 2640 129.

1018 2730 1131 2773 1046

575 2792 739 2834 ὄλολυν

410 2875 653 2929 Μένανδρος
682 2876 751 2916 τὸν
781 2875 1009 2929 γυναικώδη
1041 2874 1106 2914 καὶ
1136 2874 1334 2914 κατάθεον
1364 2873 1430 2914 καὶ
1460 2873 1648 2926 βάκηλον.
1688 2873 1855 2913 Photius

293 2940 390 2989 329,
425 2939 491 2976 18.
544 2938 593 2975 cf.
627 2937 853 2976 Anaxandr.
886 2938 955 2988 34,
986 2937 1023 2975 4.
