2014 3334
912 217 1180 252 ΚΡῼΒΤΛΟΣ
1747 215 1835 258 379

248 332 373 372 etiam
399 332 591 372 dimetros
622 330 785 371 restitui
811 343 927 381 posse
959 330 1001 370 in
1033 331 1093 370 ed.
1113 330 1207 370 min.
1235 324 1383 384 (eiecto
1405 331 1511 382 quod
1543 329 1836 381 interpolatum

248 405 335 432 esse
373 394 492 444 putat
527 385 810 448 πυραμοῦντα)
850 388 871 431 ὁ
910 390 1037 445 διαγρ.
1074 389 1242 442 λήψεται
1269 390 1276 439 Ι
1303 388 1350 429 τὰ
1381 405 1416 430 κ.
1453 389 1520 431 καὶ
1551 396 1629 430 τῶν
1663 384 1832 445 παρου-Ι

249 457 331 493 σῶν
367 449 421 504 ἣν
451 455 494 492 θ.
526 467 569 503 φ.
619 451 719 490 mihi
755 451 1006 502 probabilius
1043 451 1204 491 videtur
1241 450 1414 491 scribere
1454 448 1474 491 ὁ
1508 451 1542 490 ὃ.
1580 446 1833 504 πυραμοῦν-ξ

247 527 294 553 τα
336 511 503 564 λήψεται
545 509 612 552 καὶ
653 516 733 551 τῶν
776 506 954 566 παρου-Ι
984 516 1067 551 σῶν
1104 513 1181 552 κτλ.
1250 524 1345 550 nam
1388 509 1435 550 τὰ
1479 511 1666 564 κοττάβια
1711 511 1834 550 inter-

247 572 486 625 pretationis
518 584 640 612 causa
672 571 861 612 videntur
892 572 1049 611 adiecta.
1080 584 1166 611 esse
1200 572 1249 611 ad
1282 576 1556 623 πυραμοῦντα.

368 632 498 673 Schol.
531 630 738 672 Pind.'Ol.
774 633 812 681 9,
848 634 867 671 1
905 629 926 671 ὁ
957 636 1169 684 πυραμοῦς
1201 626 1306 679 εἶδος
1337 634 1584 679 πλακοῦντος
1617 630 1660 671 ἐκ
1685 629 1837 683 μέλιτος

248 691 383 745 ἑφθοῦ
413 690 480 732 καὶ
511 698 651 745 πυρῶν
675 689 985 745 πεφρυγμένων·
1023 696 1146 732 ταῦτα
1166 689 1208 731 δὲ
1228 690 1411 732 ἐτίθεσαν
1442 687 1568 731 ἆθλα
1600 695 1699 739 τοῖς
1731 691 1835 731 δια-

247 755 555 808 γρυπνηταΐς.
616 753 764 792 Athen.
801 754 869 802 14,
903 753 1051 793 647120
1090 748 1326 806 (Ἰατροκλῆς
1357 750 1425 792 τὸν
1457 757 1719 804 πυραμοῦντα
1751 752 1837 791 δια-

248 811 383 867 φέρειν
415 807 534 868 λέγει)
576 818 645 865 τῆς
684 812 910 865 πυραμίδος
949 810 1210 864 καλουμένης.
1266 812 1451 866 γίνεσθαι
1489 811 1564 866 γὰρ
1605 811 1753 863 ταύτην
1794 809 1837 851 ἐκ

247 879 388 927 πυρῶν
418 871 694 925 πεφωσμένων
718 871 785 913 καὶ
811 870 932 925 μέλιτι
959 869 1223 924 δεδευμένων.
1275 867 1393 912 αὗται
1404 870 1466 912 δὲ
1498 868 1627 912 ἆθλα
1658 872 1837 912 τίθενται

248 937 352 982 ταῖς
382 933 643 986 παννυχίσι
672 935 732 989 τῷ
765 932 1194 987 διαγρυπνήσαντι.
1245 946 1372 984 neque
1398 934 1694 986 neglegendum
1721 933 1835 972 testi-

249 994 429 1035 monium
453 994 588 1046 Etym.
608 1008 660 1033 m.
676 975 775 1046 533,
792 995 842 1034 21
874 989 936 1048 (ἐν
962 997 1044 1041 τοῖς
1062 988 1285 1047 κοττάβοις)
1312 987 1420 1033 ἆθλα
1441 993 1484 1033 οἶ
1509 999 1692 1041 νικῶντες
1725 991 1835 1044 ε’λάμ-

250 1056 378 1108 βανον
420 1054 779 1106 πλακουντίσκους,
822 1059 1107 1107 πυραμοῦντας
1144 1052 1209 1094 καὶ
1242 1059 1535 1106 σησαμοῦντας,
1574 1068 1692 1106 απερ
1730 1067 1835 1093 κοτ-

200 1128 209 1130 ‘
249 1114 391 1168 τάβια
423 1113 598 1168 ἔλεγον.

794 1205 1288 1240 ΑΔΗΛΟΊ“ΔΡΑΜΑΤΟΣ

538 1319 765 1396 δευτεριάς
1033 1281 1060 1322 2

369 1415 566 1463 κάλλιπος.
617 1410 727 1462 οἶνος
765 1413 932 1467 εὐτελής.
983 1415 1223 1467 Hesychius.
1273 1415 1506 1463 Κάλλιππος
1544 1415 1664 1455 Mein.
1699 1437 1751 1442 —-
1787 1414 1836 1453 de

246 1475 428 1532 ’δευτερίᾳ
459 1476 508 1515 cf.
540 1475 782 1527 Nicophont.
816 1477 883 1516 20.

814 1713 1261 1764 ΚΡΩΒΤΛΟΣ

761 1810 934 1849 Meinek.
966 1810 986 1849 I
1019 1811 1118 1851 475.
1151 1811 1251 1851 490.
1286 1813 1322 1850 1.

855 1889 1232 1925 ΑΠΑΓΧΟΜΕΝΟΣ

1036 1957 1058 2000 1

466 2028 714 2085 παράσιτον
747 2028 1001 2072 αὐτόσιτον·
1035 2028 1173 2073 αὑτὸν
1204 2035 1319 2086 γοῦν
1350 2028 1531 2087 τρέφων

428 2147 430 2149 ,
467 2102 521 2144 τὰ
551 2104 736 2144 πλεῖστα
769 2102 1087 2158 συνερανιστὸς
1118 2098 1161 2145 εἷ
1188 2108 1249 2161 τῷ
1283 2103 1487 2159 δεσπότῃ.

370 2189 606 2228 Athenaeus
628 2190 669 2240 6,
691 2189 809 2228 248b
854 2187 1063 2229 αὐτόσιτον
1088 2189 1218 2242 εἴρηκε
1243 2189 1465 2244 Κρώβυλος
1491 2188 1534 2230 ἐν
1556 2186 1836 2247 Ἀπαγχομένῳ

253 2252 332 2289 κτλ.
364 2249 470 2288 idem
491 2250 530 2299 2,
551 2250 638 2290 470
670 2247 877 2289 αὐτόσιτον
909 2244 1077 2304 (είρηκε)
1097 2249 1335 2303 Κρώβυλος·
1367 2250 1587 2305 παράσιτον
1618 2249 1836 2291 αὐτόσιτον.

252 2312 290 2350 2.
323 2307 601 2362 συνερανιστὸς
633 2307 817 2359 Person]
851 2308 1134 2362 συνερανιστὴς
1158 2310 1240 2350 ΑΟ.
1271 2311 1444 2363 Hesyeh.
1507 2309 1731 2351 αὐτόσιτον·
1769 2310 1837 2351 τὸν

251 2367 393 2409 ἑαυτὸν
431 2366 636 2421 τρέφοντα.
692 2366 718 2421 ἢ
755 2367 824 2409 τὸν
862 2368 938 2409 σὺν
976 2367 1090 2427 ἑτέρῳ
1130 2371 1370 2411 δειπνοῦντα
1399 2369 1468 2411 καὶ
1499 2369 1626 2427 ἑαυτῷ
1663 2369 1838 2424 φέροντα

251 2427 298 2468 τὰ
335 2427 534 2480 ἐπιτήδεια
565 2427 663 2482 πρὸς
693 2427 736 2468 τὸ
769 2429 944 2470 δεῖπνον.
1006 2431 1178 2472 Bekker.
1209 2431 1358 2471 Anecd.
1389 2433 1488 2482 466,
1524 2434 1576 2470 12
1616 2429 1838 2479 αὐτόσιτος·

252 2487 273 2529 ὅ
312 2487 516 2537 οἰκόσιτος.
584 2491 763 2529 ceterum
808 2491 915 2542 quod
953 2491 1155 2531 Porsonus
1199 2492 1318 2531 metri
1361 2504 1484 2531 causa
1521 2492 1702 2531 restituit
1741 2492 1838 2543 quid

252 2549 306 2589 sit
337 2562 410 2602 ego
443 2549 605 2601 quidem
636 2550 783 2590 nescio.

1028 2645 1056 2687 2

921 2714 996 2759 καὶ
1026 2716 1206 2772 σκάφην
1237 2717 1388 2773 λαβών
1420 2721 1519 2760 ’τινα

538 2792 628 2828 τῶν
661 2785 904 2844 ἐσχαριτῶν
936 2795 1026 2831 τῶν
1057 2792 1273 2845 καθαρῶν

372 2871 605 2912 Athenaeus
633 2875 855 2926 3,1090d
886 2874 1030 2915 τούτου
1063 2871 1234 2930 (αρτου
1267 2872 1490 2930 ἑσχαρίτου)
1522 2877 1812 2929 μνημονεύει.

252 2930 472 2985 Κρώβυλος
504 2930 546 2971 ἐν
573 2928 852 2991 Ἀπαγχομένῳ
884 2937 962 2975 κτλ.
1024 2936 1072 2976 of.
1105 2936 1287 2976 Antidot.
1322 2938 1359 2976 3.
