2014 3334
0 2570 24 2986 RVV'WWW
0 2522 5 2538 ⁵-
0 2475 11 2501 -v
0 2431 3 2450 ·*
0 2358 5 2403 ’ἡν-
0 2325 3 2332 -
0 2299 5 2308 -

518 247 882 283 ΚΑΤΛΛΟΓΑΔΗΝ
908 246 1429 281 ΜΕΤΕΣΧΠΜΛΤΙΣΜΕΝΑ
1672 241 1759 284 675

185 358 233 400 τὰ
263 358 560 412 παραπόρφυρα
590 366 669 401 τῶν
701 360 835 413 ἰσχίων
867 358 980 399 ταυτί
1008 388 1017 398 .
1049 387 1059 398 .
1091 388 1100 398 .
1132 357 1224 406 τοὺς
1259 356 1491 411 γελασίνους
1523 352 1583 396 ἐπ’
1618 354 1764 408 ἄκρων.

187 422 212 460 6
245 415 363 460 εἀλλ’
405 418 460 460 οὐ
497 418 655 472 τρέμει
689 415 804 475 (add.
842 414 961 474 γάρ),
1002 417 1052 469 νὴ
1093 415 1183 458 Δία’
1227 416 1305 469 ἔφη
1339 413 1453 471 (add.
1492 413 1655 466 Seiler.)
1693 412 1760 468 ἅμ’

185 477 513 532 ὑπομειδιῶσα
539 476 708 533 εὥσπερ
733 477 758 532 ἡ
783 475 1052 533 Μυρρίνης’
1073 477 1189 528 (ὥσπ.
1208 475 1233 529 ἡ
1254 482 1322 530 τῆς
1344 479 1403 516 Μ.
1422 473 1426 530 Ι
1442 475 1524 524 ἕλεξ
1539 472 1765 529 ’ὑπομ.)...

185 536 253 580 καὶ
289 538 449 579 ἅπασαν
485 538 612 592 αὐτὴν
655 537 755 592 ὑπὲρ
787 538 859 591 τὴν
890 536 1023 590 ὀσφὺν
1067 538 1177 594 τῇδε
1220 536 1299 577 καὶ
1335 533 1433 592 τῇδ’
1476 535 1631 589 ὥσπερ
1670 532 1766 590 (ὡσ-

185 593 313 654 περεὶ)
340 599 347 649 Ι
375 596 582 652 ῥέουσαν
612 600 896 653 περιεδίνησεν,
922 598 1018 639 ὥστε
1037 596 1306 651 ἀνακροτῆσαι
1325 597 1454 645 πάσας
1473 594 1539 636 καὶ
1557 595 1630 648 τὴν
1649 596 1766 648 νίκην

185 657 478 711 ἀποφήνασθαι
507 665 577 712 τῆς
612 659 867 713 Θρυαλλίδος.

304 720 404 759 haec
441 733 488 759 ex
525 733 670 761 scaena.
707 720 935 760 comoediae
973 719 1145 760 alicuius
1177 718 1362 758 derivata
1402 730 1487 757 esse
1520 718 1766 768 eandemque

186 791 371 820 scaenam
403 793 427 820 a
453 781 668 832 scalptore,
700 781 769 832 qui
801 779 1026 833 meretricis
1057 781 1234 819 statuam
1267 779 1310 817 in
1334 778 1472 817 Museo
1497 778 1766 829 Neapolitano

185 839 360 890 positam
395 861 444 868 —
475 836 716 893 Ἀφροδίτην
740 839 983 893 καλλίπυγον
1015 839 1154 879 dicunt
1184 861 1233 867 -
1263 838 1388 888 finxit,
1422 850 1648 888 expressam
1681 850 1767 877 esse

187 899 324 939 Herm.
355 899 450 939 XXI
485 902 570 940 406
587 914 644 952 sq.
686 900 964 940 indicavimus.
1040 912 1142 951 quae
1187 900 1221 938 si
1265 899 1354 950 quis
1398 900 1564 949 propter
1605 911 1765 938 versum

186 958 362 999 Acharn.
393 961 503 1000 1091
541 958 742 1012 στέφανοι,
773 959 916 1012 μύρον,
947 955 1190 1013 τραγήμαθ’,
1222 958 1268 998 αἱ
1295 957 1441 1011 πόρναι
1470 957 1578 1010 πάρα
1609 971 1688 997 non
1720 971 1766 996 ex

187 1019 392 1059 comoedia.
421 1033 542 1071 nova,
581 1020 650 1060 sed
687 1021 738 1060 ab
770 1021 1042 1070 Aristophane
1075 1022 1210 1059 sumta
1247 1031 1332 1058 esse
1372 1018 1533 1067 statuit,
1572 1031 1690 1069 quem
1724 1021 1769 1056 ut

189 1078 419 1119 imitaretur
443 1080 665 1132 Alciphron
689 1081 847 1132 reliqua
871 1081 1095 1132 adfinxerit,
1120 1083 1329 1130 tamquam
1354 1091 1434 1118 non
1458 1078 1585 1118 cuivis
1611 1077 1769 1117 licuerit

187 1139 239 1178 ad
275 1138 426 1192 μύρον,
465 1140 709 1191 στεφάνους,
746 1153 849 1192 quae
889 1140 1137 1180 sexcentiens
1169 1139 1420 1190 coniungunt
1450 1138 1607 1188 comici,
1646 1138 1768 1177 etiam

188 1197 415 1252 τραγήματα
446 1200 620 1241 adicere:
653 1214 745 1240 oum
776 1213 823 1240 eo
854 1213 997 1240 vereor
1026 1213 1076 1239 ne
1108 1199 1325 1238 ridiculum
1357 1199 1411 1238 sit
1442 1198 1694 1238 contendere.
1716 1220 1764 1224 —

189 1258 394 1300 simillima
424 1259 584 1301 videtur
613 1261 793 1300 narratio
818 1260 944 1300 fuisse
976 1259 1216 1310 Philippidis
1248 1259 1291 1298 in
1321 1258 1523 1299 Ananeosa·
1555 1254 1622 1312 (fr.
1649 1252 1709 1311 5).

308 1439 530 1490 Alciphron
563 1442 601 1492 3,
633 1442 704 1492 46,
739 1443 759 1480 1
807 1437 867 1487 ὡς
894 1438 1130 1492 εὐτυχῶς,
1174 1437 1234 1487 ὡς
1269 1438 1512 1491 μακαρίως
1552 1436 1770 1493 πέπραγα

189 1495 494 1554 (πεπράγαμεν).
544 1501 593 1540 of.
625 1500 752 1540 Arist.
783 1501 892 1539 Plut.
927 1502 1025 1540 629.
1100 1502 1124 1539 2
1163 1505 1278 1551 κῶμα
1319 1497 1515 1551 κατέσχε
1558 1498 1606 1538 τὸ
1651 1511 1769 1551 συμ-

188 1557 372 1599 πόσιον>
394 1558 461 1599 καὶ
490 1559 641 1608 πάντας
671 1559 823 1608 ὕπνος
854 1558 1080 1611 κατειλήφει
1111 1558 1376 1611 νυστακτής
1409 1554 1471 1612 (τὸ
1491 1569 1525 1598 σ.
1551 1557 1708 1612 κατέσχε
1734 1575 1769 1599 ν.

188 1618 282 1659 ὕπν.
308 1620 635 1670 cf.A1·isb.Vesp.
658 1615 744 1674 12).
809 1622 833 1660 3
867 1618 941 1672 ἐγὼ
969 1617 1011 1659 δὲ
1042 1618 1091 1659 τὸ
1123 1619 1466 1672 χειρόμακτρον
1497 1617 1587 1659 ὑπὸ
1620 1620 1771 1671 μάλης

190 1676 351 1731 λαβὼν
383 1675 489 1733 (λαβ.
517 1675 524 1731 Ι
550 1694 580 1718 τ,
606 1695 638 1732 χ.
663 1677 743 1719 ὑπὸ
768 1674 828 1734 μ.)
855 1677 1132 1730 ἐξηλλόμην.
1160 1679 1166 1728 Ι
1195 1682 1222 1719 4
1254 1678 1327 1731 ὅρα
1360 1676 1408 1718 δὲ
1439 1676 1492 1726 ὡς
1523 1677 1621 1719 ἔστι
1647 1678 1769 1731 (ἔστιν

191 1735 252 1791 δὲ)
283 1737 686 1791 πολυτελέστερον
707 1769 716 1778 .
732 1769 764 1780 ..
785 1734 895 1793 (add.
914 1734 1003 1791 τῆς)
1028 1738 1281 1791 πορφύρας
1310 1739 1316 1789 Ι
1343 1744 1424 1790 τῆς
1443 1734 1770 1791 Ἑρμιονίδος,

190 1797 361 1838 λεπτὸν
405 1798 473 1846 εἰς
515 1797 790 1851 ὑπερβολὴν
830 1799 836 1848 Ι
875 1797 953 1838 καὶ
996 1797 1264 1850 πολύτιμον
1309 1794 1553 1853 (πολύμιτον
1592 1798 1636 1838 Ο.
1668 1799 1769 1838 Iahn

191 1858 336 1898 Philol.
355 1859 531 1898 XXVIII
552 1854 597 1912 1)
624 1857 821 1911 ὕφασμα
847 1858 934 1910 (ῧφ,
953 1856 1020 1898 καὶ
1038 1858 1107 1908 π.).
1137 1880 1190 1887 -
1217 1859 1421 1910 parasitus
1447 1859 1558 1899 furto
1577 1860 1769 1910 gaudens.

761 1975 887 2019 1555.
924 1975 1049 2019 1556.
1086 1975 1197 2019 1557

311 2051 531 2101 Aleiphron
570 2053 615 2102 3,
647 2053 722 2103 49,
758 2053 779 2090 1
827 2045 857 2089 ὦ
903 2050 1077 2102 δαῖμον
1121 2050 1170 2099 ὅς
1207 2065 1260 2103 με
1299 2050 1559 2104 [κεκλήρωσαι
1595 2051 1662 2092 καὶ
1693 2053 1770 2093 del.

193 2109 330 2150 Cobet.
350 2111 398 2150 V.
423 2106 469 2150 l.2
502 2110 577 2162 64]
611 2107 917 2163 si'knxocffidwg
948 2109 1158 2162 πονηρὸς
1188 2106 1233 2151 εἶ
1256 2111 1263 2161 Ι
1290 2109 1356 2150 καὶ
1386 2114 1552 2159 λυπεῖς
1583 2111 1656 2152 ἀεὶ
1688 2109 1774 2167 (ἀεί

191 2184 230 2209 τε
250 2166 303 2223 λ.)
335 2175 386 2224 τῇ
418 2170 560 2227 πενίᾳ
591 2170 782 2211 συνδῶν
814 2170 888 2220 (sic
910 2171 1098 2210 Hercher.
1117 2185 1190 2222 pro
1211 2169 1405 2222 συνδέων,
1438 2172 1526 2211 add.
1551 2167 1650 2226 ἐμέ).
1678 2168 1685 2226 Ι
1712 2171 1771 2225 ἢν

191 2228 277 2283 γὰρ
315 2228 489 2282 ἀπορία
525 2236 607 2271 τοῦ
644 2234 909 2278 καλοῦντος
946 2228 1142 2283 γένηται
1172 2227 1271 2284 (γέν.
1297 2245 1328 2270 τ.
1354 2246 1388 2271 κ.
1415 2227 1517 2286 ἀπ.),
1551 2233 1556 2279 Ι
1585 2230 1770 2286 ἀνάγκη

191 2304 244 2341 με
276 2289 524 2338 σκάνδικας
548 2286 746 2346 (σκάνδικ’
776 2289 838 2330 ἀν.
864 2286 904 2341 μ’
933 2288 1119 2330 ἐσθίειν
1150 2289 1228 2331 καὶ
1253 2290 1414 2344 γήθυα
1442 2287 1519 2345 (sie
1540 2292 1677 2333 Seiler.
1698 2307 1770 2344 pro

191 2349 347 2400 τητθία,
378 2350 404 2389 i.
433 2363 466 2389 e.
497 2345 650 2405 γήτεια)
678 2350 684 2400 Ι
712 2348 739 2402 ἢ
769 2349 871 2397 πόας
902 2347 1106 2403 ἀναλέγειν
1133 2348 1139 2402 Ι
1166 2349 1233 2391 καὶ
1263 2355 1345 2403 τῆς
1377 2347 1464 2404 (τῆς
1494 2348 1551 2405 τ’)
1580 2348 1770 2392 Ἐννεα-

193 2408 404 2461 κρούνου
435 2410 601 2450 πίνοντα
632 2410 933 2462 πίμπλασθαι
964 2405 1223 2463 (πιμπλάναι)
1255 2409 1340 2462 τὴν
1371 2409 1584 2464 γαστέρα.

315 2471 338 2507 2
378 2464 460 2509 εἶτα
497 2468 582 2518 ἕως
618 2467 702 2522 μὲν
741 2466 850 2523 (add.
883 2463 975 2522 οὖν)
1008 2469 1056 2511 τὸ
1095 2476 1219 2522 σῶμα
1255 2469 1335 2518 τὰς
1368 2470 1535 2523 ’ὕβρεις
1565 2469 1770 2524 ὑπέμενε

195 2524 281 2581 (ὑπ.
312 2542 344 2567 τ.
374 2526 483 2583 ὕβρ.)
516 2529 523 2578 Ι
555 2528 622 2569 καὶ
657 2523 712 2581 ’ἦν
743 2530 787 2569 ἐν
824 2529 906 2583 ὥρᾳ
943 2534 1014 2569 τοῦ
1045 2529 1210 2582 πάσχειν
1246 2530 1434 2582 νεότητι
1470 2529 1625 2586 κάκμῇ
1662 2530 1769 2585 (add.

194 2593 271 2627 τῶν
302 2583 451 2643 μελῶν)
483 2589 832 2642 νευρούμενον,
859 2589 866 2640 Ι
893 2588 1067 2642 φορητὸς
1097 2587 1123 2642 ἡ
1149 2589 1282 2643 ὕβρις·
1313 2589 1397 2630 ἐπεὶ
1430 2587 1465 2630 δ’
1501 2589 1580 2642 ἤδη
1612 2590 1688 2644 ἐγώ
1709 2604 1772 2632 σοι

195 2646 445 2699 μεσαιπόλιος
467 2647 546 2688 καὶ
569 2647 618 2689 τὸ
649 2648 937 2701 λειπόμενον
956 2648 1064 2702 (add.
1084 2646 1170 2704 μοι)
1196 2655 1279 2690 τοῦ
1304 2650 1414 2702 βίου
1443 2651 1448 2699 Ι
1477 2650 1592 2702 πρὸς
1622 2657 1771 2704 γῆρας

196 2705 268 2762 ὁρᾷ
295 2703 407 2762 (fort.
426 2703 568 2764 ἕρπει),
586 2708 644 2756 τίς
670 2703 781 2763 (fort.
800 2714 881 2749 ποῦ
900 2705 1018 2762 ’στιν)
1039 2709 1164 2758 ἴασις
1182 2716 1261 2750 τῶν
1279 2715 1458 2758 κακῶν;
1479 2706 1771 2766 Ι“Αλιαρτίου

197 2766 414 2819 σχοινίου
446 2768 554 2820 χρεία
579 2763 766 2822 (δεῖσχ.),
792 2767 859 2808 καὶ
883 2768 1183 2822 κρεμήσομαι
1209 2769 1215 2822 Ι
1242 2769 1331 2822 πρὸ
1363 2775 1446 2810 τοῦ
1473 2770 1692 2811 Διπύλου

318 2829 343 2866 4
377 2825 451 2867 οὐκ
482 2827 538 2875 εἰς
568 2826 724 2881 μακρὰν
761 2826 803 2868 δὲ
835 2826 856 2868 ὁ
887 2829 1140 2881 περίβλεπτος
1177 2824 1293 2877 οὗτος
1330 2828 1396 2868 καὶ
1426 2827 1608 2883 ἀοίδιμος
1644 2830 1774 2871 ἔσται

197 2885 346 2939 γάμος
389 2889 628 2940 Χαριτοῦς
670 2886 748 2927 καὶ
791 2888 1128 2940 Λεωκράτους,
1168 2885 1173 2943 Ι
1213 2888 1307 2942 μετὰ
1344 2887 1417 2940 τὴν
1452 2887 1548 2942 ἕνην
1579 2890 1646 2931 καὶ
1675 2890 1798 2931 νέαν,

197 2951 267 2987 τοῦ
298 2947 614 2999 Πυανοψιῶνος,
648 2946 654 2998 Ι
688 2947 754 2996 εἰς
784 2945 838 2988 ὃν
870 2943 981 3003 (add.
1012 2943 1074 3005 γε)
1106 2949 1293 2997 πάντως
1323 2946 1350 3001 ἢ
1381 2948 1488 3002 παρὰ
1520 2946 1602 3005 (ἐπὶ
1634 2948 1772 3006 Mein.)

782 3018 793 3025 '
1413 3016 1485 3053 43*
