2014 3334
288 245 374 287 670
608 248 611 253 s
937 242 1199 277 ΑΔΕΣΠΟΤΑ

289 363 368 408 τῆς
403 355 623 429 ληκύθου
665 352 670 407 Ι
710 353 787 393 καὶ
832 359 911 405 τῆς
954 353 1263 426 ἕτνηβθρύσεωςἴ
1303 347 1418 406 (add.
1457 349 1530 404 ἐγὼ
1563 347 1631 405 δὲ)
1675 348 1852 391 ‘accivi-³

290 431 409 466 εφην
437 412 482 464 Ι
488 413 580 466 ἔχει
611 417 781 464 καλῶς,
814 413 962 464 μόνον
994 409 1167 452 σιώπα’
1178 421 1185 428 ·
1223 410 1270 450 τὸ
1304 408 1351 450 δὲ
1377 410 1528 450 σιώπα
1552 416 1703 451 τοῦτο
1723 406 1855 464 (τοῦτο

291 473 332 514 δὲ
359 475 365 523 Ι
392 474 511 513 πάλιν
536 473 578 512 τὸ
605 469 658 526 σ.)
686 472 816 523 σμήνη
837 472 963 525 λόγων
995 470 1135 523 ἑτέρων
1167 469 1275 522 φέρει
1302 471 1490 522 (fortasse
1523 476 1672 522 σμῆνος
1703 469 1856 543 ἐκφέρει

290 535 352 573 vel
384 532 570 585 ἐπεγείρει
600 535 631 571 λ,
660 533 666 582 Ι
695 528 872 585 ἕτέρων)·
911 529 1005 570 διὰ
1036 532 1080 570 τί
1109 542 1183 570 σοι
1216 527 1323 584 (add.
1354 525 1437 582 καὶ)
1470 536 1645 577 σιωπῶ;
1678 528 1736 580 μὴ
1769 529 1855 582 γὰρ

290 590 363 646 (μή
394 607 430 631 τι
460 587 514 646 γ.)
543 593 548 641 Ι
583 590 627 639 ἐξ
665 590 843 642 ἀτίμων
880 587 1068 644 γέγονα’
1109 586 1255 643 (γέγον’
1291 588 1330 636 ἐξ
1362 585 1459 642 ἀτ.’;)
1497 588 1562 628 καὶ
1600 587 1700 641 λέγει
1729 589 1856 640 τήθας

290 651 396 705 (non
433 646 594 704 τίτθας)
632 666 699 690 και
735 651 903 701 τηθίδας
940 645 1099 704 (τιτθ),
1142 650 1386 699 πάππους,
1430 647 1773 695 ἕπιπάππους.
1806 679 1814 688 .
1847 680 1856 688 .

289 711 537 764 τριηραρχίας
566 710 570 759 Ι
601 705 788 764 (fortasse
820 707 961 763 ἅπασι)
993 712 1308 761 προστιθεῖσα
1338 706 1416 746 καὶ
1446 708 1684 760 χορηγίας.

411 773 507 819 142,
535 772 587 808 22
622 769 839 820 καθάπερ
871 772 1040 808 πλοῖον
1070 768 1281 808 θάλαττα
1302 763 1363 820 (θ.
1382 770 1466 819 πλ.)
1487 765 1774 818 ὑπερανέσχε
1796 763 1854 821 (?)

290 845 342 881 με
376 829 382 878 Ι
415 835 496 881 τῆς
532 827 759 882 γυναικὸς
797 827 817 867 ὃ
854 828 1040 867 κλύδων
1078 824 1272 881 (folhasse
1310 825 1331 865 ὃ
1362 831 1431 877 τῆς
1467 842 1501 879 γ.
1533 832 1603 865 τοῦ
1640 826 1857 877 λαλήματος

289 885 414 944 κλ.).
488 918 497 927 .
537 889 740 941 ἰλιγγιῶ,
779 888 1073 927 σκοτοδινιῶ.
1138 889 1193 927 30
1236 885 1310 925 ἀει
1340 885 1531 925 σύνεστι
1570 883 1682 938 (add.
1713 882 1856 960 γάρ),Ι

290 949 463 995 πάσαις
496 946 532 999 (-
543 943 638 1002 σιν)
669 945 868 998 ηδοναῖς
903 946 1299 998 ἐναντιούμενον,
1333 944 1338 997 Ι
1371 945 1545 1030 πάσαις
1582 943 1858 998 εὐημερίαις

291 1008 421 1061 (εὐημ.
453 1003 513 1061 π.)
545 1006 779 1059 μαχόμενον.

413 1070 510 1120 143,
544 1069 568 1106 8
602 1069 644 1105 Β.
678 1065 751 1106 οὐκ
783 1065 886 1105 ἔστιν
916 1082 941 1117 η
975 1066 1077 1119 γυνή
1104 1081 1171 1117 μοι
1205 1060 1304 1118 (σοι)
1330 1062 1516 1116 μέθυσος.
1568 1066 1618 1103 A.
1643 1068 1756 1103 τοῦτο
1787 1063 1861 1116 γάρ

291 1126 369 1166 ἐστι
406 1126 446 1165 τὸ
486 1125 634 1165 δεινόν’
676 1141 709 1165 ει
745 1125 820 1178 γὰρ
853 1124 1039 1177 ἐμέθυεν,
1078 1124 1343 1164 ἐκάθευδεν
1380 1120 1584 1176 (ἐκάθευδ’
1620 1119 1710 1177 άν)·
1751 1123 1792 1162 εἰ
1821 1120 1857 1162 δ’

293 1183 538 1236 ἐκάθευδ’,
583 1185 693 1232 ι’σως
731 1183 737 1238 Ι
779 1182 893 1238 (add.
925 1180 1043 1239 τέως)
1087 1183 1237 1237 ἐσίγα·
1280 1183 1432 1223 πάντα
1475 1198 1553 1234 μοι
1594 1196 1738 1222 ταυτα
1780 1188 1863 1222 τοῦ

220 1273 227 1279 -
290 1245 530 1297 παρόντος
549 1243 719 1284 ελάττω
740 1240 830 1298 (τοῦ
850 1259 940 1297 παρ.
960 1244 1081 1283 ταυτά
1101 1259 1165 1295 μοι
1188 1239 1350 1297 Ιὸἕπαντ’
1375 1240 1494 1296 ἕλῃ).
1515 1238 1734 1297 ,Ιηνεγκα
1754 1238 1791 1296 (-
1794 1238 1860 1295 ον)

274 1321 351 1344 ,αν
370 1308 538 1358 γυναῖκα
557 1302 915 1356 υπεραβελτέραν
935 1300 1030 1358 (καν
1055 1300 1153 1356 άβ.).
1181 1299 1187 1353 Ι
1215 1302 1487 1354 αυτόχρημα
1512 1301 1655 1353 κακόν,
1686 1316 1862 1354 ηνεγκα

294 1369 576 1414 σπαθῶσαν,
620 1361 896 1403 ὠλεσίοικον
948 1360 1114 1417 (σπαθ.,
1155 1360 1218 1402 ὠλ.
1258 1361 1431 1414 αύτόχρ.,
1475 1360 1580 1412 ὅμως
1615 1362 1621 1410 Ι
1656 1357 1861 1414 ηνεγκον)·

293 1423 427 1463 τουτὶ
458 1421 501 1462 δε
531 1423 578 1462 τὸ
612 1421 828 1474 διηνεκὲς
858 1429 947 1462 τῶν
978 1422 1127 1476 λόγων
1160 1418 1276 1476 (ἀλλὰ
1301 1436 1331 1460 τ.
1356 1418 1389 1460 ἶ.
1414 1419 1456 1460 τὸ
1483 1421 1517 1460 δ.
1546 1422 1551 1469 Ι
1579 1416 1704 1475 τουτι)
1735 1420 1862 1460 νενί-

293 1482 437 1534 κηκέν
474 1498 545 1534 με,
582 1481 897 1522 κατεπάλαισέ
934 1497 996 1534 με.
1031 1479 1037 1533 Ι
1117 1484 1168 1520 18
1207 1480 1435 1527 πολλάκις
1468 1480 1473 1529 Ι
1507 1478 1766 1532 ὡρακίασα,
1803 1495 1860 1530 νη

292 1543 375 1582 τὸν
412 1539 634 1593 Απόλλω,
675 1541 964 1594 βαλλόμενος
1005 1541 1156 1592 ὥσπερ
1197 1539 1369 1595 χαλάζῃ
1410 1543 1507 1586 τοῖς
1549 1539 1720 1586 ὕθλοις
1758 1535 1863 1594 (τοῖς

294 1602 386 1641 ύθλ.
409 1598 532 1656 Ιῶσπ.
559 1618 590 1653 χ.
608 1597 716 1674 β..)
790 1602 834 1648 ,Ι
857 1598 1076 1653 Ἀράβιος
1107 1598 1313 1651 αύλητης
1345 1600 1454 1651 (add
1484 1596 1662 1649 πέφυκεν
1693 1600 1758 1638 vel
1788 1598 1862 1652 γάρ

294 1657 415 1715 ἐστιν)
448 1677 473 1712 η
499 1677 640 1714 γυνη,
669 1661 674 1710 Ι
702 1663 880 1712 μᾶλλον
906 1659 953 1699 δὲ
984 1659 1061 1700 καὶ
1091 1659 1445 1713 παρελήλυθεν
1476 1657 1708 1711 τρυγόνος
1733 1661 1862 1697 λαλι-

294 1720 430 1773 στέρα
456 1719 507 1771 (λ.
530 1716 642 1774 Ιτρ.).
695 1723 791 1771 144,
819 1723 842 1758 2
870 1720 914 1759 τί
942 1720 1015 1759 δεῖ
1042 1734 1093 1771 με
1122 1721 1204 1770 ζην
1237 1715 1344 1772 (add.
1367 1714 1439 1772 ε’τι)
1466 1716 1685 1770 ἄνθρωπον
1713 1717 1719 1767 Ι
1746 1715 1862 1770 ’ὑπὲρ

294 1779 563 1820 αλλοκότων
594 1779 744 1831 εὐχῶν
776 1779 1034 1831 προσιόντα
1065 1782 1164 1825 τοῖς
1194 1781 1346 1826 θεοις;
1875 1795 1883 1802 ⁸

412 1841 598 1880 videnbur
637 1840 736 1878 haee
774 1853 794 1877 e
828 1839 1018 1895 Δυσκόλῳ
1061 1840 1143 1878 sive
1177 1838 1403 1883 Menandri,
1444 1850 1545 1888 quae
1583 1839 1644 1876 esi}
1675 1837 1863 1876 Meinekii

296 1900 504 1947 sententia,
537 1900 620 1939 sive
652 1900 755 1937 alius
787 1901 929 1949 poetae
962 1911 1148 1948 expressa
1179 1910 1276 1936 esse.
1331 1899 1380 1936 cf.
1412 1898 1548 1935 Herm.
1579 1897 1673 1935 XXI
1705 1899 1801 1937 393.
1824 1899 1862 1935 4.

412 1973 484 2009 pro
513 1957 683 2010 ἐμβολήν
714 1959 854 2009 utique
886 1959 1139 1998 scribendum
1170 1955 1355 2008 ἐμπολήν.
1412 1957 1594 1995 solebant
1625 1957 1727 1995 enim
1761 1970 1861 2007 quae

295 2020 345 2057 ad
383 2019 597 2058 lavandum
633 2018 856 2058 necessaria
893 2021 1025 2057 essent
1064 2015 1301 2070 (σμήγματα,
1333 2014 1524 2068 ῥύμματα,
1555 2015 1684 2066 κονία,
1715 2015 1862 2068 νίτρον,

294 2084 344 2131 γῆ
377 2074 574 2131 Κιμωλία)
607 2078 648 2116 in
680 2078 833 2116 balneis
865 2078 962 2127 ipsis
994 2091 1139 2117 venum
1171 2076 1269 2115 dari.
1324 2077 1372 2114 cf.
1404 2076 1528 2114 Arist.
1558 2076 1655 2114 Rau.
1679 2078 1862 2125 710.11‚

294 2139 363 2177 ubi
395 2139 515 2177 schol.
553 2142 714 2176 τοιαῦτα
750 2136 985 2189 καθάρματά
1018 2135 1139 2187 ἐστιν,
1175 2131 1234 2182 οἷς
1265 2135 1307 2174 οἵ
1333 2134 1542 2186 λουόμενοι
1573 2140 1739 2187 χρῶνται
1769 2140 1862 2173 τῶν

295 2195 544 2250 βαλανέων
575 2196 872 2236 πωλούντων.

416 2258 462 2295 de
495 2259 646 2295 tibicine
675 2256 826 2296 Arabio
862 2257 910 2295 cf.
943 2269 1043 2307 quae
1070 2255 1314 2294 adnossantur
1345 2255 1395 2293 ad
1426 2254 1630 2293 Menandr.
1664 2255 1729 2293 32.
1765 2255 1863 2293 871.

928 2372 1042 2415 1526
1055 2397 1103 2403 -
1119 2371 1234 2414 1535

416 2449 609 2486 Libanius
646 2447 728 2485 IIII
763 2449 1019 2486 159—180
1066 2444 1272 2497 Φθονερὸς
1313 2450 1383 2484 τοῦ
1426 2444 1598 2496 γείτονος
1637 2442 1759 2483 αύτόῦ
1795 2441 1861 2483 καὶ

297 2508 416 2558 φίλου
447 2506 740 2558 πλουτήσαντος
771 2505 960 2557 ἐξαίφνης
991 2505 1132 2545 ἑαυτὸν
1154 2502 1446 2557 προσαγγέλλει.

420 2569 571 2617 162,1
605 2566 649 2605 τί
676 2562 763 2605 ποτ’
799 2567 873 2605 οὐν
904 2564 956 2617 μὴ
991 2561 1048 2619 (τί
1070 2564 1136 2617 οὐ)
1164 2565 1170 2614 Ι
1198 2566 1278 2619 μιᾷ
1310 2563 1451 2614 φύσει
1483 2559 1597 2618 (add.
1627 2558 1718 2617 καὶ)
1750 2562 1860 2614 μίαν

297 2624 557 2677 ἐπέστησαν
594 2626 757 2677 τύχην;
792 2625 798 2675 Ι
833 2628 857 2664 3
898 2624 952 2664 οὐ
985 2622 1098 2680 (add.
1129 2619 1228 2678 γὰρ)
1267 2621 1384 2662 λέων
1421 2620 1611 2670 λέοντος
1647 2621 1860 2676 ευπορώ-

296 2700 340 2724 τε
379 2701 438 2733 ος.

349 2700 370 2738 ρ
419 2747 514 2795 163,
548 2747 600 2785 27
634 2744 787 2798 γάμου
820 2739 929 2799 (add.
962 2740 1023 2798 δε)
1061 2742 1225 2795 καιρὸς
1255 2736 1388 2793 ἧκεν,
1425 2739 1484 2789 ὡς
1516 2741 1602 2781 ουκ
1632 2739 1828 2793 ὤφελεν·
1853 2735 1857 2795 Ι

297 2803 506 2856 ἐγάμουν
550 2834 559 2843 .
599 2836 606 2843 .
646 2836 655 2844 .
698 2804 904 2855 νομίζων
947 2803 1021 2858 γὰρ
1061 2799 1152 2858 (δ’)
1197 2802 1348 2854 ὥσπερ
1393 2800 1626 2854 ἕτέροισιν
1669 2797 1857 2854 φορὰνΙ

298 2862 492 2915 ἀγαθῶν
519 2863 716 2902 ε’σεσθαί
737 2879 816 2915 μοι
841 2862 888 2903 τὸ
913 2869 1120 2916 πρᾶγμα,
1147 2860 1398 2914 συμφορὰν
1426 2860 1431 2913 Ι
1461 2861 1568 2914 (add.
1586 2857 1690 2912 τάχ’)
1711 2857 1860 2915 ησθό-

299 2938 389 2974 μην
407 2921 747 2975 προσθέμενος.
794 2925 889 2976 164,
906 2926 930 2962 5
951 2923 995 2962 τί
1010 2938 1099 2962 των
1114 2936 1219 2975 περι
1237 2918 1860 2974 τονγαμηλιονεκλελοιπως
