2014 3334
221 233 310 274 462
626 252 629 256 f
868 233 1131 267 ΑΔΕΣΠΟΤΑ

221 344 428 397 περήθραν
469 345 574 383 Plut.
606 343 738 393 Eust]
780 343 1179 396 ρ”ωβοστωμυλήθραν
1218 343 1332 395 Diog.
1371 342 1791 396 ῥομβοστωμυλήθραν

224 405 332 444 Suid.
389 405 437 443 cf.
469 404 637 454 Roeper.
668 404 810 443 Philol.
823 404 945 442 VIIII
975 407 993 442 1
1013 417 1068 455 sq.
1100 417 1179 443 non
1211 403 1432 442 audiendus
1464 406 1525 443 est
1549 404 1793 443 Fritzschius

222 464 346 502 Arist.
379 465 477 502 Ran.
509 478 546 514 p.
580 464 676 503 300.
701 465 737 501 1.
786 463 937 502 scilicet
968 463 1210 502 Plutarchus
1248 476 1327 502 non
1371 466 1556 502 accurate
1600 463 1795 503 comicum

215 523 432 573 excerpsit,
465 523 534 574 qui
559 535 638 561 non
657 522 980 572 Demosthenem,
1012 522 1080 561 sed
1111 522 1376 573 eloquentiam
1409 523 1494 561 eius
1521 523 1794 573 adpellaverat

223 580 296 632 τὴν
328 580 732 634 ῥωποπερπερήθραν.

346 644 381 681 1.
414 641 620 694 κερατίναν
654 641 762 679 haud
793 654 884 679 raro
918 643 1200 680 commemorat
1227 641 1440 692 Lucienus,
1472 641 1599 680 veluti
1628 640 1801 681 Conviw

226 703 293 740 23.
375 704 411 740 2.
443 702 548 740 Plass.
574 700 685 751 Reip.
709 703 746 751 9,
767 701 886 739 586b
918 699 1155 747 λακτίζοντες
1181 698 1247 739 καὶ
1276 700 1574 752 κυρίττοντες
1604 698 1797 751 ἀλλήλους

225 760 400 812 σιδηροῖς
444 758 589 812 κέρασι.
657 760 776 810 Gorg.
818 761 939 799 516a
1004 757 1246 811 παραλαβὼν
1295 758 1348 811 μὴ
1401 759 1647 806 λακτίζοντας
1697 756 1796 810 μηδὲ
1871 796 1873 798 ,

223 819 473 871 κυρίττοντας
493 816 591 870 μηδὲ
611 818 829 866 δάκνοντας
847 813 1031 872 (Herw.).
1076 819 1223 869 corripi
1247 834 1273 858 υ
1298 819 1341 858 in
1360 817 1524 871 κῦρίττω
1543 819 1796 870 cognoscitur

225 892 272 918 ex
303 879 518 929 Hephaest.
548 881 600 918 77
635 878 758 919 Gaisf.
830 880 867 917 3.
899 876 1089 929 ἐπῆλθεν,
1118 891 1211 917 nam
1245 880 1403 928 ayyredi
1433 878 1674 917 Eubulidem
1705 891 1796 917 cum

224 932 505 978 Demosthenis
543 938 729 977 facundia
779 940 1089 977 consenizaneum
1120 940 1198 988 est,
1238 951 1318 976 non
1355 940 1472 977 abire.
1536 937 1633 988 quid
1670 937 1724 976 sih
1753 935 1821 976 τὸ’

226 996 400 1049 ῥωπικόν
431 998 473 1036 in
499 997 727 1048 eloquentia
746 997 889 1036 docent
910 995 1113 1048 [Longin.]
1134 997 1191 1036 De
1212 998 1314 1036 subl.
1336 999 1376 1047 3,
1397 999 1421 1036 4
1455 994 1752 1036 ὅλισθαίνουσι.
1765 1025 1796 1035 ..

226 1054 452 1109 ὀρεγόμενοι
483 1054 554 1108 μὲν
583 1058 862 1108 τοῦ“περιττοῦ
894 1055 959 1095 καὶ
989 1054 1259 1107 πεποιημένου
1284 1055 1350 1095 καὶ
1376 1056 1540 1107 μάλιστα
1570 1061 1640 1095 τοῦ
1665 1053 1796 1106 ἡδέος,

225 1114 487 1164 ἐξοκέλλοντες
508 1113 550 1155 δὲ
582 1116 636 1163 εἰς
656 1114 831 1168 ρωπικὸν
861 1114 927 1154 καὶ
953 1114 1181 1167 κακόζηλον.
1232 1117 1404 1166 Hesych.
1426 1111 1596 1168 (emend.
1617 1109 1795 1168 Ruhnk.)

226 1174 417 1227 ῥωπικόν·
450 1175 491 1215 τὸ
524 1174 728 1227 ἐπίκτητον
759 1174 826 1214 καὶ
857 1172 1113 1227 ὡραϊσμένον.
1168 1173 1359 1227 πέρπερος
1390 1177 1526 1214 autem
1555 1174 1797 1213 inlustzatur

226 1237 272 1274 fr.
297 1237 406 1274 1031
437 1238 477 1274 et
496 1236 637 1286 Polyb
661 1237 729 1283 40,
752 1237 789 1284 6,
811 1237 834 1274 2
869 1234 1069 1286 στωμύλος
1099 1232 1166 1273 καὶ
1196 1234 1311 1281 λάλος
1341 1233 1407 1273 καὶ
1437 1232 1628 1287 πέρπερος
1659 1234 1798 1284 διαφε-

227 1294 383 1347 ρόντως.
420 1294 677 1347 περπερήθρα
696 1296 912 1334 formatum
932 1297 979 1333 ut
998 1293 1276 1346 στωμυλῆθρα,
1302 1292 1539 1346 ἀλινδήθρα,
1564 1292 1798 1344 ἀνακλήθρα

230 1349 462 1408 (Fritzsch.)
495 1355 543 1394 cf.
575 1356 876 1403 tolutiloquemia
906 1354 1027 1393 Novii
1047 1355 1102 1393 38
1136 1353 1180 1393 O.
1199 1354 1389 1394 Ribbeck.
1422 1353 1530 1393 Com.
1550 1354 1595 1393 R.
1612 1348 1679 1392 fr.2
1699 1354 1796 1392 260.

973 1470 1060 1512 295

442 1552 580 1603 εὐθὺς
611 1552 654 1604 ἐξ
687 1552 823 1610 ἀρχῆς
854 1551 1038 1595 ἕκαστον
1071 1550 1449 1608 ἐπικεκλωσμένην
1480 1553 1566 1607 ἔχει

440 1623 522 1677 τὴν
555 1622 787 1679 ἀπόβασιν.

348 1710 548 1749 Lueianus
581 1710 663 1751 Iov.
697 1712 845 1751 confuta.
875 1713 896 1749 1
932 1713 1031 1750 extr.
1063 1732 1120 1737 —-
1153 1711 1254 1749 tales
1293 1710 1513 1749 sententiae
1544 1722 1674 1759 novae
1704 1711 1798 1749 sunt

230 1769 467 1810 comoediae.

910 1851 1008 1893 296.
1040 1851 1125 1893 297

443 1930 549 1989 εἶτα,
577 1932 683 1989 φίλ’,
710 1933 758 1985 ὃς
783 1935 894 1989 ἔχεις
918 1940 1109 1988 γυναῖκα
1135 1934 1345 1989 σχοινίων
1369 1931 1688 1988 πωλουμένων;

444 2006 682 2061 Πάμφιλος
713 2013 860 2061 γαμεῖς
894 2007 1104 2061 γαμείτω·
1135 2003 1208 2047 καὶ
1238 2005 1322 2061 γὰρ
1355 2003 1540 2060 ἠδίκησέ
1566 2020 1631 2059 με.

348 2092 530 2131 Βοῑιειωε
558 2093 715 2131 Terent.
743 2093 910 2142 Adelph.
939 2095 978 2142 1,
1013 2095 1049 2140 1,
1083 2093 1135 2130 18
1169 2092 1340 2130 Romani
1369 2092 1509 2130 scilicet
1533 2092 1599 2139 qui
1623 2092 1798 2129 coelibem

230 2153 343 2199 quasi
372 2153 537 2191 coelitem
568 2153 719 2199 dicunt;
752 2155 786 2190 et
809 2154 898 2191 item
919 2151 1073 2195 Graeci,
1105 2152 1211 2199 apud
1235 2162 1328 2198 quos
1351 2153 1441 2189 sumt
1463 2151 1682 2189 huiusmodi
1711 2162 1797 2188 sen-

230 2212 368 2249 tentiae
399 2220 512 2252 EITA
537 2219 685 2252 ΦΙΛΟΕ
708 2218 954 2252 ΕΧΟΙΟΙωΝ
980 2218 1329 2251 noeAOTMENON
1354 2212 1389 2248 et
1418 2210 1512 2248 alibi
1542 2211 1662 2261 γαμεῖ
1680 2208 1796 2259 Πάμ-

230 2272 358 2320 φιλος,
389 2270 555 2323 γαμείτω
581 2273 657 2309 κτλ.
719 2270 869 2310 emend.
902 2270 1065 2309 Porson.
1096 2270 1261 2308 Miscell.
1295 2270 1392 2308 304.
1457 2270 1493 2306 1.
1525 2263 1605 2307 εἶτα
1636 2264 1717 2318 φίλ’
1752 2264 1796 2314 ὃς

229 2332 276 2368 ut
300 2331 439 2368 natum
467 2344 513 2369 ex
538 2331 666 2380 primo
693 2330 859 2369 alterius
879 2342 1016 2369 versus
1045 2330 1178 2369 verbo
1187 2322 1438 2382 (Πάμφιλος)
1466 2327 1573 2366 delet.
1592 2327 1796 2366 Nauckius

229 2389 367 2428 relicto
395 2390 549 2429 senario
575 2388 625 2441 ε’χ.
645 2405 678 2442 γ.
699 2392 775 2428 κτλ.
828 2391 866 2428 2.
893 2388 1107 2439 Πάμφιλος
1125 2391 1264 2441 γαμεῖν
1289 2383 1402 2426 ἕλοιτ’
1431 2385 1481 2425 ἂν
1507 2386 1690 2438 σχοινίων
1715 2400 1798 2425 πω-

230 2446 677 2499 λουμένων;1)ΖίεΛ-,Ζ](ο
709 2449 810 2487 Mus.
836 2449 959 2487 Rhen.
985 2448 1115 2487 XXXI
1150 2449 1246 2498 373,
1278 2450 1493 2520 utrumque
1526 2448 1798 2497 flagmentum
1863 2473 1866 2477 -

232 2508 373 2606 eidem1
391 2508 551 2548 fabulae
582 2510 623 2547 et
653 2521 846 2559 personae
877 2508 1068 2547 firibuens

354 2570 389 2606 1.
422 2568 471 2606 cf.
491 2567 711 2618 Antiphan,
735 2570 830 2618 100,
850 2569 888 2606 4.
937 2567 1113 2607 Iuvenal.
1136 2567 1159 2605 6
1164 2567 1251 2627 „30
1271 2560 1393 2619 (cont.
1414 2560 1543 2620 Pors.)
1569 2567 1672 2614 ferre
1689 2567 1799 2614 potes

233 2627 430 2666 dominam
459 2628 581 2667 salvis
612 2631 663 2666 tot
692 2629 855 2667 restibus
884 2628 1032 2666 ullam?

977 2742 1063 2785 298

516 2827 675 2881 πόρνοι
706 2807 888 2880 μεγάλοι
925 2824 1224 2881 Τιμαρχώδεις

354 2911 569 2950 Aeschines
593 2914 628 2963 1,
656 2913 736 2951 157
770 2916 958 2951 τοσοῦτον
989 2908 1121 2962 ἀπέχει
1153 2907 1192 2969 (ὃ
1218 2908 1429 2963 ὁμώνυμος
1459 2915 1529 2950 τοῦ
1560 2907 1796 2963 κρινομένου
