2014 3334
290 269 378 313 644
934 269 1195 303 ΑΔΕΣΠΟΤΑ

289 376 435 429 αὖθις
460 380 516 420 ἀν
524 381 697 430 ορύξας
722 378 770 419 τὸ
796 380 1014 432 χρυσίον,
1042 379 1100 432 μή
1126 381 1170 419 τί
1192 395 1242 432 με
1267 375 1431 436 πρώην
1457 379 1690 421 διέλαθεν.
1735 381 1838 427 ἰδου
1850 376 1855 436 Ι

287 441 430 481 πάλιν
463 439 682 491 ἐψόφηκέ
712 455 780 487 τις
812 436 893 492 (τις
926 435 1023 493 έψ.),
1056 436 1121 479 ἐπ’
1161 438 1236 491 ἐμὲ
1275 439 1466 513 ffvldffi·
1501 436 1550 492 Ι.
1611 470 1621 480 .
1658 446 1749 481 ποῦ
1781 456 1859 493 μοι

288 500 336 540 τὸ
369 500 604 551 ξιφίδιονς
638 497 694 538 ἂν
725 498 850 551 λάβω
882 498 999 538 τινά.
1026 499 1316 551 Ιθάπτωμεν
1349 493 1494 547 αυθις
1525 499 1572 539 τὸ
1604 501 1810 552 χρυσίον.

410 555 520 599 οὗτοι
545 562 731 598 σπαθῶσι
755 561 832 598 κτλ.
883 559 1022 598 comici
1048 559 1249 598 senarium
1275 571 1358 598 esse
1383 559 1576 599 indicavit
1600 560 1859 600 Valckenaer.

289 619 444 659 Gallim.
467 633 505 670 p.
529 620 623 658 159.
661 616 798 658 πολλοὶ
818 622 1023 668 φθονοῦσι
1042 621 1117 657 κτλ.
1140 619 1334 658 Klotzius.
1367 631 1434 657 sex
1452 621 1661 669 praeterea
1680 620 1862 659 restituit

291 679 548 727 Fritzschius,
580 678 644 717 hic
669 679 829 728 quidem
856 691 934 716 non
965 680 1072 717 recte
1100 678 1147 716 de
1174 678 1326 729 origine
1353 678 1551 718 dubitans.
1605 682 1693 718 tota
1718 692 1860 718 scaena.

293 751 370 789 quo
402 739 518 777 modo
550 737 817 788 redinteglari
842 737 969 788 possit
1000 750 1047 776 ex
1073 739 1130 776 eis
1156 738 1410 788 cognoscitur
1435 750 1536 788 quae
1563 738 1733 777 diximus
1757 739 1859 778 Mus.

289 798 413 837 Rhen.
439 798 574 836 XLIII
601 799 669 836 44.
691 799 729 837 5.
758 818 809 823 —
840 797 1193 847 P1a11t.Au1u1.1‚
1229 800 1248 836 1
1279 800 1319 836 et
1351 799 1388 846 2,
1420 797 1558 836 Hmat.
1585 798 1710 848 Epod.
1739 800 1775 849 1,
1801 799 1856 838 33

289 857 462 896 contulit
492 857 747 896 Fritzsehius.

1023 948 1135 991 1395

408 1034 609 1073 Lucianus
641 1034 896 1085 Philopseud.
931 1035 983 1073 15
1018 1032 1272 1072 ἐπίστευον
1308 1032 1394 1086 γὰρ
1432 1031 1509 1084 ἅν,
1543 1031 1548 1085 Ι
1583 1034 1628 1073 εἶ’
1657 1030 1692 1087 γ’
1727 1030 1859 1075 εἶδον

280 1092 432 1142 αὐτά,
464 1099 553 1133 νῦν
586 1091 634 1132 δὲ
665 1092 939 1147 συγγνώμη,
975 1089 1085 1144 οἶμαι
1116 1089 1306 1145 (fortasse
1338 1088 1461 1147 φίλε),
1489 1093 1495 1143 Ι
1523 1093 1559 1132 εἰ
1587 1092 1640 1144 μὴ
1672 1092 1718 1133 τὰ
1750 1093 1866 1146 ὅμοια

290 1152 385 1205 ὑμῖν
411 1150 641 1205 ὀξυδορκεῖν
674 1152 758 1205 ἔχω.
787 1153 792 1201 Ι
820 1151 943 1204 πλὴν
974 1149 1057 1192 ἀλλ’
1093 1148 1200 1192 οἶδα
1225 1151 1299 1206 γὰρ
1330 1151 1402 1203 τὴν
1434 1153 1670 1205 Χρυσίδα,
1700 1150 1759 1205 ἣν
1796 1151 1866 1193 λέ-

287 1227 406 1266 γεις,
438 1211 689 1265 ἐράστριαν
722 1208 798 1259 (sic
831 1213 1022 1252 Fritzsch.
1053 1225 1125 1263 pro
1157 1208 1340 1265 ἐραστὴν)
1369 1212 1374 1260 Ι
1402 1215 1608 1266 γυναῖκα
1639 1210 1719 1252 καὶ
1747 1211 1866 1265 πρό-

288 1286 467 1325 χειρον,
506 1271 589 1324 οὐχ
626 1269 716 1322 ὁρῶ
756 1269 803 1311 δὲ
842 1267 948 1324 (add.
988 1270 1098 1326 ἐγώ),
1132 1270 1139 1322 Ι
1170 1271 1300 1318 τίνος
1341 1268 1479 1311 ἕνεκα
1523 1268 1692 1326 (εἵνεκ’)
1731 1271 1866 1323 ἐδεή-

288 1336 404 1383 θητε
449 1328 514 1370 ἐπ’
562 1330 713 1382 αὐτὴν
755 1337 839 1371 τοῦ
882 1331 1052 1383 πηλίνου
1095 1332 1340 1383 πρεσβευτοῦ
1383 1329 1450 1370 καὶ
1490 1331 1643 1384 μάγου
1679 1329 1684 1384 Ι
1718 1337 1788 1371 τοῦ
1827 1331 1866 1380 ἐξ

281 1388 556 1445 ’Τπερβορέων
593 1389 672 1430 καὶ
716 1390 918 1442 σελήνης
962 1389 1107 1442 αὐτῆς
1145 1386 1278 1444 (καῦτ.
1310 1386 1387 1443 6.),
1423 1387 1475 1441 ἣν
1523 1390 1642 1430 εἴκοσι
1683 1391 1866 1443 δραχμῶν

289 1450 450 1504 ἀγαγεῖν
488 1449 527 1498 ἐς
559 1446 846 1503 Ὑπερβορέους
884 1449 1054 1490 δυνατὸν
1092 1445 1154 1502 ἦν.
1218 1449 1325 1489 πάνυ
1363 1448 1437 1502 γὰρ
1481 1448 1707 1489 ἐνδίδωσι
1748 1449 1865 1502 πρὸς

290 1509 436 1561 ταύτην
473 1509 558 1560 τὴν
595 1508 784 1564 ἐπῳδὴν
820 1506 845 1560 ἡ
877 1509 1009 1562 γυνή.
1064 1507 1131 1548 καὶ
1166 1507 1214 1547 τὸ
1252 1508 1473 1549 ἐναντίον
1509 1513 1608 1556 τοῖς
1652 1509 1865 1561 φάσμασι

293 1568 558 1610 πέπονθεν·
599 1569 604 1618 Ι
645 1568 804 1608 ἐκεῖνα
847 1567 931 1620 μὲν
973 1569 1080 1621 γάρ,
1123 1566 1181 1620 ἢν
1224 1567 1388 1619 ψόφον
1431 1567 1613 1624 ἀκούσῃ
1656 1571 1801 1620 χαλκοῦ
1838 1567 1864 1620 ἢ

292 1628 478 1682 σιδήρου,
512 1625 518 1680 Ι
553 1627 792 1681 πέφευγεν
823 1658 833 1667 .
865 1658 874 1667 .
907 1660 914 1667 .
948 1627 1063 1679 αὕτη
1103 1623 1183 1680 (sic
1214 1627 1404 1667 Frisszsch.
1442 1641 1513 1678 pro
1551 1624 1676 1681 αὐτὴ)
1716 1625 1770 1679 δ’,
1809 1627 1865 1667 ἂν

291 1687 521 1742 ἀργύριόν
551 1702 642 1727 που
675 1693 831 1742 ψοφῇ,
860 1688 865 1738 Ι
893 1686 1038 1740 ἔρχεται
1069 1685 1167 1739 πρὸς
1198 1685 1264 1726 τὸν
1295 1681 1404 1738 ἦχον.

408 1748 450 1786 in
485 1748 548 1787 his
586 1748 829 1786 Fritzschius
873 1748 945 1786 hos
984 1747 1191 1786 trimetros
1224 1742 1525 1800 ⁸(personarum
1566 1746 1863 1797 discripssionem

290 1821 370 1847 non
395 1802 541 1861 probo)
569 1808 751 1859 agnovit:
782 1805 880 1859 πρὸς
904 1805 977 1857 τὴν
1003 1804 1162 1862 ἐπῳδὴν
1189 1804 1395 1845 ἐνδίδωσιν
1420 1803 1445 1856 ἡ
1471 1804 1586 1858 γυνή.
1628 1804 1861 1846 τούναντίον

291 1865 470 1906 πέπονθε
506 1869 605 1906 τοῖσι
643 1866 863 1917 φάσμασιν·
904 1865 1034 1905 ἐκεῖνα
1070 1863 1141 1916 μὲν
1177 1864 1271 1918 γάρ,
1310 1862 1362 1916 ἢν
1399 1863 1551 1920 ἀκούσῃ
1589 1878 1668 1906 που
1708 1864 1863 1917 ψόφον,

292 1925 503 1978 πέφευγεν,
535 1925 633 1977 αὕτη
661 1922 697 1965 δ’
726 1924 915 1978 ἀργύριον
939 1922 992 1976 ἥν
1017 1939 1096 1965 που
1121 1929 1254 1979 ψοφῇ,
1286 1921 1480 1964 ἁλίσκεται
1506 1923 1667 1977 (melius
1693 1926 1861 1965 fortasse

273 1981 560 2038 προσέλκεται)
599 1984 665 2024 καὶ
701 1983 800 2037 πρὸς
836 1983 904 2024 τὸν
940 1979 1039 2036 ἦχον
1077 1983 1233 2036 ἔρχεται.
1277 2006 1336 2011 —
1379 1984 1589 2034 desumpta
1630 1985 1727 2024 haec
1771 1987 1866 2023 sunt

293 2059 341 2084 ex
378 2047 584 2084 Phasmate
628 2046 783 2096 aliqua,
846 2045 913 2084 sed
959 2047 1008 2083 ut
1052 2044 1236 2084 videntur
1278 2057 1406 2095 neque
1452 2044 1693 2083 Philemonis
1736 2057 1864 2094 neque

293 2105 546 2144 Menandrea.

945 2207 1218 2250 1396.1397

413 2295 614 2334 Lucianus
636 2294 893 2345 Philopseud.
914 2297 968 2334 19
1001 2292 1187 2333 ἐπειδὰν
1219 2288 1356 2346 (ἐπὰν)
1388 2292 1580 2344 τάχιστα
1611 2291 1695 2340 νυξ
1725 2290 1863 2345 γένη-

294 2370 388 2405 ται,
428 2349 540 2407 (add
579 2349 792 2407 Πέλλιχος)
833 2355 838 2402 Ι
877 2352 1085 2405 καταβὰς
1128 2351 1206 2392 ἀπὸ
1249 2357 1317 2404 τῆς
1360 2351 1511 2404 βάσεως
1554 2348 1617 2402 ἐφ’
1664 2368 1689 2425 η
1731 2349 1864 2403 ἕστηκε

294 2414 530 2466 περίεισιν
562 2412 611 2452 ἐν
642 2412 796 2468 κύκλῳ
834 2411 918 2463 τὴν
951 2412 1110 2452 οἰκίαν
1137 2409 1143 2466 Ι
1171 2410 1249 2451 καὶ
1285 2410 1457 2458 πάντες
1489 2410 1863 2464 ἐντυγχάνουσιν

296 2472 419 2513 αὐτῶ
457 2469 605 2544 (αὐτῷ
621 2454 791 2525 ’.ντυγχὸ
835 2471 986 2511 ἐνίοτε
1026 2472 1031 2521 Ι
1065 2470 1130 2510 καὶ
1160 2468 1297 2511 άδοντι
1335 2467 1411 2524 (sic
1449 2466 1574 2524 libri).
1613 2468 1619 2522 Ι
1658 2469 1735 2509 καὶ
1777 2469 1864 2510 ουκ

296 2532 422 2572 ἔστιν
459 2527 605 2571 ὅντιν’
646 2529 874 2583 ηδίκησεν
918 2527 1029 2584 (ἠδμ
1043 2512 1230 2584 πώποτε).
1263 2528 1268 2581 Ι
1303 2527 1614 2581 ἐκτρέπεσθαι
1654 2528 1741 2582 γὰρ
1778 2528 1861 2603 χρὴ

295 2591 444 2644 μόνον
464 2587 521 2644 (μ.
541 2589 638 2643 ἐκτρ.
659 2606 714 2643 χρ.
734 2587 805 2645 γ.·)
837 2589 858 2630 ὁ
879 2588 927 2630 δὲ
957 2588 1238 2642 παρέρχεται
1265 2590 1271 2639 Ι
1302 2587 1444 2629 ουδὲν
1468 2587 1726 2641 ἐνοχλήσας
1752 2587 1862 2636 τους

296 2651 498 2698 ἰδόντας.

416 2713 472 2750 20
503 2707 670 2749 πολλοὶ
701 2706 737 2748 δ’
773 2707 952 2748 ἔκειντο
985 2706 1147 2760 ὀβολοὶ
1176 2706 1292 2760 πρὸς
1316 2710 1418 2747 τοῖν
1449 2707 1622 2747 ποδοῖν
1653 2705 1777 2746 αὐτοῦ
1802 2702 1861 2759 (π.

297 2767 430 2822 δ’ὄβ.
460 2783 524 2821 πρ.
549 2783 581 2808 τ.
606 2769 696 2808 ποδ.
728 2763 801 2822 ἔκ.)
840 2767 918 2807 καὶ
956 2765 962 2820 Ι
1002 2765 1118 2807 άλλα
1153 2766 1442 2818 νομισμάτια
1479 2763 1592 2818 (νομ.
1630 2762 1712 2806 ἄλλ’
1753 2761 1860 2818 ἅττ’)

296 2828 477 2882 ἀργυρᾶ
514 2857 524 2867 .
556 2857 565 2866 .
598 2860 605 2867 .
643 2826 720 2867 καὶ
750 2825 923 2867 πέταλα
954 2826 998 2874 ἐξ
1037 2825 1248 2880 ἀργύρου
1280 2822 1370 2879 (κάξ
1401 2824 1485 2878 ἀργ.
1521 2826 1527 2874 Ι
1560 2821 1699 2878 πέμ).
1802 2819 1862 2876 ἦν

298 2886 346 2927 δὲ
385 2884 483 2939 ημῖν
514 2887 669 2939 Λίβυς
705 2902 772 2934 τις
811 2878 996 2938 οἰκέτης
1033 2886 1293 2938 κατάρατος
1330 2881 1403 2939 (A.
1431 2881 1466 2923 δ’
1501 2900 1552 2936 ην
1578 2899 1634 2931 τις
1664 2898 1698 2922 κ.
1730 2898 1802 2923 οικ

297 2946 581 2998 ἱπποκόμος·
632 2941 782 2993 οὗτος
825 2945 1095 2998 ἐπεχείρησε
1148 2944 1283 2992 νυκτὸς
1327 2940 1448 2996 (δὴ’
1453 2943 1594 2995 πεχείρ.
1637 2855 1838 2996 σκότουςὲ
