<?xml version="1.0" encoding="UTF-8"?>
<!DOCTYPE html PUBLIC "-//W3C//DTD XHTML 1.0 Transitional//EN"
    "http://www.w3.org/TR/xhtml1/DTD/xhtml1-transitional.dtd">
<html xmlns="http://www.w3.org/1999/xhtml" xml:lang="en" lang="en">
 <head>
  <title>
</title>
<meta http-equiv="Content-Type" content="text/html;charset=utf-8" />
  <meta name='ocr-system' content='tesseract 3.04.00' />
  <meta name='ocr-capabilities' content='ocr_page ocr_carea ocr_par ocr_line ocrx_word'/>
</head>
<body>
  <div class='ocr_page' id='page_1' title='image "./comicorumatticor03kockuoft_0424.png"; bbox 0 0 2014 3334; ppageno 0'>
   <div class='ocr_carea' id='block_1_1' title="bbox 255 228 1171 274">
    <p class='ocr_par' dir='ltr' id='par_1_1' title="bbox 255 228 1171 274">
     <span class='ocr_line' id='line_1_1' title="bbox 255 228 1171 274; baseline -0.005 -2"><span class='ocrx_word' id='word_1_1' title='bbox 255 228 343 274; x_wconf 88' lang='lat'><strong><em>404</em></strong></span> <span class='ocrx_word' id='word_1_2' title='bbox 630 249 633 254; x_wconf 33' lang='grc' dir='ltr'><strong><em>ι</em></strong></span> <span class='ocrx_word' id='word_1_3' title='bbox 908 232 1171 268; x_wconf 77' lang='grc' dir='ltr'><strong>ΑΔΕΣΠΟΤΑ</strong></span> 
     </span>
    </p>
   </div>
   <div class='ocr_carea' id='block_1_2' title="bbox 253 341 1824 809">
    <p class='ocr_par' dir='ltr' id='par_1_2' title="bbox 253 341 1824 809">
     <span class='ocr_line' id='line_1_2' title="bbox 253 341 1822 418; baseline 0.003 -35"><span class='ocrx_word' id='word_1_4' title='bbox 253 343 294 384; x_wconf 85' lang='grc' dir='ltr'><strong><em>τὸ</em></strong></span> <span class='ocrx_word' id='word_1_5' title='bbox 321 343 389 397; x_wconf 80' lang='grc' dir='ltr'><strong><em>ἐάρ</em></strong></span> <span class='ocrx_word' id='word_1_6' title='bbox 416 343 568 418; x_wconf 83' lang='grc' dir='ltr'><strong><em>φόρους</em></strong></span> <span class='ocrx_word' id='word_1_7' title='bbox 587 344 640 383; x_wconf 91' lang='grc' dir='ltr'><strong><em>Μ.</em></strong></span> <span class='ocrx_word' id='word_1_8' title='bbox 661 341 858 397; x_wconf 80' lang='lat' dir='ltr'><strong>Schmidt]</strong></span> <span class='ocrx_word' id='word_1_9' title='bbox 891 344 1159 396; x_wconf 88' lang='grc' dir='ltr'><strong><em>κατεοφόρους</em></strong></span> <span class='ocrx_word' id='word_1_10' title='bbox 1184 346 1268 386; x_wconf 85' lang='lat' dir='ltr'>cod.</span> <span class='ocrx_word' id='word_1_11' title='bbox 1295 343 1378 386; x_wconf 89' lang='grc' dir='ltr'><strong><em>κατ’</em></strong></span> <span class='ocrx_word' id='word_1_12' title='bbox 1409 345 1476 399; x_wconf 77' lang='grc' dir='ltr'><strong><em>ἔαρ</em></strong></span> <span class='ocrx_word' id='word_1_13' title='bbox 1503 345 1654 399; x_wconf 85' lang='grc' dir='ltr'><strong><em>φόρους</em></strong></span> <span class='ocrx_word' id='word_1_14' title='bbox 1672 346 1822 389; x_wconf 86' lang='lat' dir='ltr'>Musur.</span> 
     </span>
     <span class='ocr_line' id='line_1_3' title="bbox 253 400 1822 460; baseline 0.002 -17"><span class='ocrx_word' id='word_1_15' title='bbox 253 409 330 443; x_wconf 86' lang='grc' dir='ltr'><strong><em>τῶν</em></strong></span> <span class='ocrx_word' id='word_1_16' title='bbox 363 403 578 455; x_wconf 88' lang='grc' dir='ltr'><strong><em>συμμάχων</em></strong></span> <span class='ocrx_word' id='word_1_17' title='bbox 615 400 698 443; x_wconf 84' lang='grc' dir='ltr'><strong><em>κατ’</em></strong></span> <span class='ocrx_word' id='word_1_18' title='bbox 739 403 824 451; x_wconf 73' lang='grc' dir='ltr'><strong><em>ἔτος</em></strong></span> <span class='ocrx_word' id='word_1_19' title='bbox 861 403 988 456; x_wconf 91' lang='grc' dir='ltr'><strong><em>φόρον</em></strong></span> <span class='ocrx_word' id='word_1_20' title='bbox 1029 404 1244 444; x_wconf 83' lang='grc' dir='ltr'><strong><em>τελούντων</em></strong></span> <span class='ocrx_word' id='word_1_21' title='bbox 1275 404 1360 459; x_wconf 73' lang='grc' dir='ltr'><strong><em>ἔαρι</em></strong></span> <span class='ocrx_word' id='word_1_22' title='bbox 1389 407 1507 446; x_wconf 89' lang='lat' dir='ltr'>Mein.</span> <span class='ocrx_word' id='word_1_23' title='bbox 1539 407 1706 447; x_wconf 72' lang='lat' dir='ltr'>Photius</span> <span class='ocrx_word' id='word_1_24' title='bbox 1737 405 1822 460; x_wconf 77' lang='grc' dir='ltr'><strong><em>ἠρι-</em></strong></span> 
     </span>
     <span class='ocr_line' id='line_1_4' title="bbox 253 459 1824 519; baseline 0.003 -17"><span class='ocrx_word' id='word_1_25' title='bbox 253 462 419 503; x_wconf 89' lang='grc' dir='ltr'><strong><em>νοτόκου</em></strong></span> <span class='ocrx_word' id='word_1_26' title='bbox 465 459 627 516; x_wconf 77' lang='grc' dir='ltr'><strong><em>(ἠρινοῦ</em></strong></span> <span class='ocrx_word' id='word_1_27' title='bbox 658 462 775 503; x_wconf 90' lang='grc' dir='ltr'><strong><em>τόκου</em></strong></span> <span class='ocrx_word' id='word_1_28' title='bbox 807 464 936 514; x_wconf 67' lang='lat' dir='ltr'>Pors,</span> <span class='ocrx_word' id='word_1_29' title='bbox 973 463 1100 504; x_wconf 82' lang='grc' dir='ltr'><strong><em>πόκου</em></strong></span> <span class='ocrx_word' id='word_1_30' title='bbox 1133 461 1292 519; x_wconf 90' lang='lat' dir='ltr'>Dobr.,)</span> <span class='ocrx_word' id='word_1_31' title='bbox 1337 464 1421 505; x_wconf 77' lang='grc' dir='ltr'><strong><em>ἔπει</em></strong></span> <span class='ocrx_word' id='word_1_32' title='bbox 1463 465 1577 518; x_wconf 77' lang='grc' dir='ltr'><strong><em>ἔαρος</em></strong></span> <span class='ocrx_word' id='word_1_33' title='bbox 1622 465 1664 506; x_wconf 83' lang='grc' dir='ltr'><strong><em>οἵ</em></strong></span> <span class='ocrx_word' id='word_1_34' title='bbox 1705 465 1824 518; x_wconf 80' lang='grc' dir='ltr'><strong><em>φόροι</em></strong></span> 
     </span>
     <span class='ocr_line' id='line_1_5' title="bbox 254 495 1824 576; baseline 0.003 -14"><span class='ocrx_word' id='word_1_35' title='bbox 254 521 454 575; x_wconf 83' lang='grc' dir='ltr'><strong><em>ἐφέροντο.</em></strong></span> <span class='ocrx_word' id='word_1_36' title='bbox 511 537 557 562; x_wconf 87' lang='lat' dir='ltr'><strong><em>ex</em></strong></span> <span class='ocrx_word' id='word_1_37' title='bbox 584 524 751 574; x_wconf 71' lang='lat' dir='ltr'>antiqua</span> <span class='ocrx_word' id='word_1_38' title='bbox 775 495 979 563; x_wconf 84' lang='lat' dir='ltr'>comoedia</span> <span class='ocrx_word' id='word_1_39' title='bbox 1003 526 1191 575; x_wconf 73' lang='lat' dir='ltr'>excerpta</span> <span class='ocrx_word' id='word_1_40' title='bbox 1208 525 1306 564; x_wconf 85' lang='lat' dir='ltr'>haec</span> <span class='ocrx_word' id='word_1_41' title='bbox 1331 538 1416 565; x_wconf 84' lang='lat' dir='ltr'>esse</span> <span class='ocrx_word' id='word_1_42' title='bbox 1437 526 1615 576; x_wconf 71' lang='lat' dir='ltr'><strong><em>adparet.</em></strong></span> <span class='ocrx_word' id='word_1_43' title='bbox 1654 529 1824 576; x_wconf 78' lang='lat' dir='ltr'>possunt</span> 
     </span>
     <span class='ocr_line' id='line_1_6' title="bbox 253 583 1822 638; baseline 0.002 -17"><span class='ocrx_word' id='word_1_44' title='bbox 253 585 390 621; x_wconf 75' lang='lat' dir='ltr'>tamen</span> <span class='ocrx_word' id='word_1_45' title='bbox 426 583 549 622; x_wconf 75' lang='lat' dir='ltr'>etiam</span> <span class='ocrx_word' id='word_1_46' title='bbox 587 584 638 622; x_wconf 88' lang='lat' dir='ltr'><strong><em>ad</em></strong></span> <span class='ocrx_word' id='word_1_47' title='bbox 676 583 966 622; x_wconf 79' lang='lat' dir='ltr'>causidicorum</span> <span class='ocrx_word' id='word_1_48' title='bbox 1004 585 1274 623; x_wconf 63' lang='lat' dir='ltr'>emolumenssa</span> <span class='ocrx_word' id='word_1_49' title='bbox 1310 585 1466 637; x_wconf 85' lang='lat' dir='ltr'>referri,</span> <span class='ocrx_word' id='word_1_50' title='bbox 1508 585 1700 638; x_wconf 87' lang='lat' dir='ltr'>quoniam</span> <span class='ocrx_word' id='word_1_51' title='bbox 1729 585 1822 624; x_wconf 75' lang='lat' dir='ltr'>lites</span> 
     </span>
     <span class='ocr_line' id='line_1_7' title="bbox 256 642 1823 700; baseline 0.002 -19"><span class='ocrx_word' id='word_1_52' title='bbox 256 643 454 681; x_wconf 87' lang='lat' dir='ltr'>sociorum</span> <span class='ocrx_word' id='word_1_53' title='bbox 491 655 583 683; x_wconf 86' lang='lat' dir='ltr'>vere</span> <span class='ocrx_word' id='word_1_54' title='bbox 615 642 786 682; x_wconf 73' lang='lat' dir='ltr'>Athenis</span> <span class='ocrx_word' id='word_1_55' title='bbox 825 643 1130 682; x_wconf 74' lang='lat' dir='ltr'>dirimebantur.</span> <span class='ocrx_word' id='word_1_56' title='bbox 1193 643 1728 684; x_wconf 75' lang='lat' dir='ltr'>Schol.Aris’t.Av.1478</span> <span class='ocrx_word' id='word_1_57' title='bbox 1770 646 1823 700; x_wconf 79' lang='grc' dir='ltr'><strong><em>τῷ</em></strong></span> 
     </span>
     <span class='ocr_line' id='line_1_8' title="bbox 254 698 1823 756; baseline 0.001 -16"><span class='ocrx_word' id='word_1_58' title='bbox 254 707 486 753; x_wconf 80' lang='grc' dir='ltr'><strong><em>μουνιχιῶνι</em></strong></span> <span class='ocrx_word' id='word_1_59' title='bbox 529 700 625 754; x_wconf 82' lang='grc' dir='ltr'><strong><em>μηνὶ</em></strong></span> <span class='ocrx_word' id='word_1_60' title='bbox 668 707 738 742; x_wconf 82' lang='grc' dir='ltr'><strong><em>τοῦ</em></strong></span> <span class='ocrx_word' id='word_1_61' title='bbox 783 700 898 755; x_wconf 76' lang='grc' dir='ltr'><strong><em>ἔαρος</em></strong></span> <span class='ocrx_word' id='word_1_62' title='bbox 941 702 1164 750; x_wconf 81' lang='grc' dir='ltr'><strong><em>δικάζονται</em></strong></span> <span class='ocrx_word' id='word_1_63' title='bbox 1201 698 1485 756; x_wconf 82' lang='grc' dir='ltr'><strong><em>(γυμνάζονται</em></strong></span> <span class='ocrx_word' id='word_1_64' title='bbox 1515 700 1608 756; x_wconf 85' lang='lat' dir='ltr'><strong><em>RV)</em></strong></span> <span class='ocrx_word' id='word_1_65' title='bbox 1647 719 1688 742; x_wconf 95' lang='grc' dir='ltr'><strong><em>αι</em></strong></span> <span class='ocrx_word' id='word_1_66' title='bbox 1726 701 1823 755; x_wconf 88' lang='grc' dir='ltr'><strong><em>πρὸς</em></strong></span> 
     </span>
     <span class='ocr_line' id='line_1_9' title="bbox 254 759 665 809; baseline 0.003 -9"><span class='ocrx_word' id='word_1_67' title='bbox 254 760 346 808; x_wconf 83' lang='grc' dir='ltr'><strong><em>τοὺς</em></strong></span> <span class='ocrx_word' id='word_1_68' title='bbox 378 759 516 809; x_wconf 78' lang='grc' dir='ltr'><strong><em>ξένους</em></strong></span> <span class='ocrx_word' id='word_1_69' title='bbox 548 761 665 803; x_wconf 90' lang='grc' dir='ltr'><strong><em>δίκαι.</em></strong></span> 
     </span>
    </p>
   </div>
   <div class='ocr_carea' id='block_1_3' title="bbox 253 843 1824 1218">
    <p class='ocr_par' dir='ltr' id='par_1_3' title="bbox 253 843 1824 1218">
     <span class='ocr_line' id='line_1_10' title="bbox 537 843 1068 958; baseline 0 -14"><span class='ocrx_word' id='word_1_70' title='bbox 537 902 748 958; x_wconf 80' lang='grc' dir='ltr'><strong><em>κεραμικὴ</em></strong></span> <span class='ocrx_word' id='word_1_71' title='bbox 782 901 937 957; x_wconf 79' lang='grc' dir='ltr'><strong><em>μάστιξ</em></strong></span> <span class='ocrx_word' id='word_1_72' title='bbox 1011 843 1068 885; x_wconf 72' lang='lat'><strong><em>33</em></strong></span> 
     </span>
     <span class='ocr_line' id='line_1_11' title="bbox 370 985 1824 1041; baseline 0.001 -14"><span class='ocrx_word' id='word_1_73' title='bbox 370 986 439 1027; x_wconf 88' lang='grc' dir='ltr'><strong><em>τὸν</em></strong></span> <span class='ocrx_word' id='word_1_74' title='bbox 476 985 735 1040; x_wconf 84' lang='grc' dir='ltr'><strong><em>ὀστρακισμὸν</em></strong></span> <span class='ocrx_word' id='word_1_75' title='bbox 773 985 947 1040; x_wconf 86' lang='grc' dir='ltr'><strong><em>λέγουσι,</em></strong></span> <span class='ocrx_word' id='word_1_76' title='bbox 984 986 1149 1041; x_wconf 75' lang='grc' dir='ltr'><strong><em>μάστιγα</em></strong></span> <span class='ocrx_word' id='word_1_77' title='bbox 1187 985 1258 1039; x_wconf 83' lang='grc' dir='ltr'><strong><em>μὲν</em></strong></span> <span class='ocrx_word' id='word_1_78' title='bbox 1297 987 1362 1027; x_wconf 82' lang='grc' dir='ltr'><strong><em>διὰ</em></strong></span> <span class='ocrx_word' id='word_1_79' title='bbox 1403 988 1445 1028; x_wconf 87' lang='grc' dir='ltr'><strong><em>τὸ</em></strong></span> <span class='ocrx_word' id='word_1_80' title='bbox 1477 989 1702 1041; x_wconf 78' lang='grc' dir='ltr'><strong><em>βασανίζειν</em></strong></span> <span class='ocrx_word' id='word_1_81' title='bbox 1731 987 1824 1036; x_wconf 78' lang='grc' dir='ltr'><strong><em>τοὺς</em></strong></span> 
     </span>
     <span class='ocr_line' id='line_1_12' title="bbox 253 1045 1822 1100; baseline 0 -13"><span class='ocrx_word' id='word_1_82' title='bbox 253 1045 602 1099; x_wconf 83' lang='grc' dir='ltr'><strong><em>ὅστρακιζομένους</em></strong></span> <span class='ocrx_word' id='word_1_83' title='bbox 632 1046 699 1086; x_wconf 85' lang='grc' dir='ltr'><strong><em>καὶ</em></strong></span> <span class='ocrx_word' id='word_1_84' title='bbox 722 1047 915 1098; x_wconf 80' lang='grc' dir='ltr'><strong><em>κολάζειν,</em></strong></span> <span class='ocrx_word' id='word_1_85' title='bbox 946 1045 1221 1099; x_wconf 70' lang='grc' dir='ltr'><strong><em>κεραμ[ε]ικ’ὴν</em></strong></span> <span class='ocrx_word' id='word_1_86' title='bbox 1253 1045 1296 1086; x_wconf 83' lang='grc' dir='ltr'><strong><em>δὲ</em></strong></span> <span class='ocrx_word' id='word_1_87' title='bbox 1328 1046 1393 1087; x_wconf 81' lang='grc' dir='ltr'><strong><em>διὰ</em></strong></span> <span class='ocrx_word' id='word_1_88' title='bbox 1423 1047 1466 1087; x_wconf 91' lang='grc' dir='ltr'><strong><em>τὸ</em></strong></span> <span class='ocrx_word' id='word_1_89' title='bbox 1499 1047 1541 1087; x_wconf 81' lang='grc' dir='ltr'><strong><em>έκ</em></strong></span> <span class='ocrx_word' id='word_1_90' title='bbox 1571 1047 1744 1100; x_wconf 82' lang='grc' dir='ltr'><strong><em>κεράμου</em></strong></span> <span class='ocrx_word' id='word_1_91' title='bbox 1775 1046 1822 1087; x_wconf 82' lang='grc' dir='ltr'><strong><em>τὰ</em></strong></span> 
     </span>
     <span class='ocr_line' id='line_1_13' title="bbox 254 1103 1822 1159; baseline 0.001 -13"><span class='ocrx_word' id='word_1_92' title='bbox 254 1105 422 1158; x_wconf 80' lang='grc' dir='ltr'><strong><em>ὄστρακα</em></strong></span> <span class='ocrx_word' id='word_1_93' title='bbox 454 1103 567 1147; x_wconf 83' lang='grc' dir='ltr'><strong><em>εἶναι.</em></strong></span> <span class='ocrx_word' id='word_1_94' title='bbox 616 1108 853 1159; x_wconf 75' lang='lat' dir='ltr'>Hesychius,</span> <span class='ocrx_word' id='word_1_95' title='bbox 903 1105 1091 1158; x_wconf 79' lang='grc' dir='ltr'><strong><em>κεραμικὴ</em></strong></span> <span class='ocrx_word' id='word_1_96' title='bbox 1117 1106 1253 1157; x_wconf 64' lang='lat' dir='ltr'>Mein]</span> <span class='ocrx_word' id='word_1_97' title='bbox 1286 1106 1494 1159; x_wconf 79' lang='grc' dir='ltr'><strong><em>κεραμεικὴ</em></strong></span> <span class='ocrx_word' id='word_1_98' title='bbox 1527 1108 1612 1147; x_wconf 86' lang='lat' dir='ltr'>cod.</span> <span class='ocrx_word' id='word_1_99' title='bbox 1638 1120 1683 1146; x_wconf 90' lang='lat' dir='ltr'><strong><em>ac</em></strong></span> <span class='ocrx_word' id='word_1_100' title='bbox 1713 1109 1822 1147; x_wconf 71' lang='lat' dir='ltr'><strong><em>recte</em></strong></span> 
     </span>
     <span class='ocr_line' id='line_1_14' title="bbox 253 1163 1823 1218; baseline 0.001 -13"><span class='ocrx_word' id='word_1_101' title='bbox 253 1167 420 1206; x_wconf 74' lang='lat' dir='ltr'>Photius</span> <span class='ocrx_word' id='word_1_102' title='bbox 443 1169 539 1215; x_wconf 89' lang='lat'><strong><em>155,</em></strong></span> <span class='ocrx_word' id='word_1_103' title='bbox 573 1169 629 1206; x_wconf 89' lang='grc'><strong><em>24</em></strong></span> <span class='ocrx_word' id='word_1_104' title='bbox 660 1164 850 1218; x_wconf 80' lang='grc' dir='ltr'><strong><em>κεραμικὴ</em></strong></span> <span class='ocrx_word' id='word_1_105' title='bbox 877 1166 1032 1217; x_wconf 80' lang='grc' dir='ltr'><strong><em>μάστιξ·</em></strong></span> <span class='ocrx_word' id='word_1_106' title='bbox 1064 1163 1327 1218; x_wconf 87' lang='grc' dir='ltr'><strong><em>ὄστρακισμός.</em></strong></span> <span class='ocrx_word' id='word_1_107' title='bbox 1377 1168 1424 1206; x_wconf 83' lang='lat' dir='ltr'><strong><em>cf.</em></strong></span> <span class='ocrx_word' id='word_1_108' title='bbox 1445 1168 1597 1206; x_wconf 85' lang='lat' dir='ltr'>Nauck.</span> <span class='ocrx_word' id='word_1_109' title='bbox 1616 1167 1823 1218; x_wconf 74' lang='lat' dir='ltr'>Aristoph.</span> 
     </span>
    </p>
   </div>
   <div class='ocr_carea' id='block_1_4' title="bbox 251 1226 1822 1336">
    <p class='ocr_par' dir='ltr' id='par_1_4' title="bbox 251 1226 1822 1336">
     <span class='ocr_line' id='line_1_15' title="bbox 251 1226 1822 1277; baseline 0.001 -13"><span class='ocrx_word' id='word_1_110' title='bbox 251 1227 345 1277; x_wconf 82' lang='lat' dir='ltr'><strong>Byz.</strong></span> <span class='ocrx_word' id='word_1_111' title='bbox 368 1228 462 1266; x_wconf 84' lang='lat'><strong>239.</strong></span> <span class='ocrx_word' id='word_1_112' title='bbox 513 1227 556 1265; x_wconf 91' lang='lat' dir='ltr'><strong><em>in</em></strong></span> <span class='ocrx_word' id='word_1_113' title='bbox 587 1227 791 1266; x_wconf 85' lang='lat' dir='ltr'>comoedia</span> <span class='ocrx_word' id='word_1_114' title='bbox 822 1226 959 1277; x_wconf 88' lang='lat' dir='ltr'>aliqua</span> <span class='ocrx_word' id='word_1_115' title='bbox 989 1227 1270 1266; x_wconf 71' lang='lat' dir='ltr'>ostracismum</span> <span class='ocrx_word' id='word_1_116' title='bbox 1296 1239 1342 1265; x_wconf 92' lang='lat' dir='ltr'><strong><em>eo</em></strong></span> <span class='ocrx_word' id='word_1_117' title='bbox 1366 1227 1527 1266; x_wconf 87' lang='lat' dir='ltr'>nomine</span> <span class='ocrx_word' id='word_1_118' title='bbox 1554 1227 1822 1277; x_wconf 74' lang='lat' dir='ltr'>significatum</span> 
     </span>
     <span class='ocr_line' id='line_1_16' title="bbox 252 1287 586 1336; baseline 0.003 -12"><span class='ocrx_word' id='word_1_119' title='bbox 252 1287 377 1325; x_wconf 85' lang='lat' dir='ltr'>fuisse</span> <span class='ocrx_word' id='word_1_120' title='bbox 409 1287 586 1336; x_wconf 72' lang='lat' dir='ltr'>adparet.</span> 
     </span>
    </p>
   </div>
   <div class='ocr_carea' id='block_1_5' title="bbox 537 1367 1125 1505">
    <p class='ocr_par' dir='ltr' id='par_1_5' title="bbox 537 1367 1125 1505">
     <span class='ocr_line' id='line_1_17' title="bbox 1011 1367 1069 1409; baseline -0.017 0"><span class='ocrx_word' id='word_1_121' title='bbox 1011 1367 1069 1409; x_wconf 87' lang='lat'><strong><em>34</em></strong></span> 
     </span>
     <span class='ocr_line' id='line_1_18' title="bbox 537 1448 1125 1505; baseline 0 -14"><span class='ocrx_word' id='word_1_122' title='bbox 537 1449 648 1491; x_wconf 78' lang='grc' dir='ltr'><strong><em>ἀλλὰ</em></strong></span> <span class='ocrx_word' id='word_1_123' title='bbox 679 1453 765 1491; x_wconf 82' lang='grc' dir='ltr'><strong><em>θῦε</em></strong></span> <span class='ocrx_word' id='word_1_124' title='bbox 796 1450 900 1499; x_wconf 85' lang='grc' dir='ltr'><strong><em>τοὺς</em></strong></span> <span class='ocrx_word' id='word_1_125' title='bbox 930 1448 1125 1505; x_wconf 81' lang='grc' dir='ltr'><strong><em>κέδρους.</em></strong></span> 
     </span>
    </p>
   </div>
   <div class='ocr_carea' id='block_1_6' title="bbox 251 1532 1822 2007">
    <p class='ocr_par' dir='ltr' id='par_1_6' title="bbox 251 1532 1822 2006">
     <span class='ocr_line' id='line_1_19' title="bbox 370 1532 1822 1586; baseline -0.001 -11"><span class='ocrx_word' id='word_1_126' title='bbox 370 1536 608 1575; x_wconf 87' lang='lat' dir='ltr'>Ammonius</span> <span class='ocrx_word' id='word_1_127' title='bbox 629 1537 681 1575; x_wconf 83' lang='lat'><strong><em>81</em></strong></span> <span class='ocrx_word' id='word_1_128' title='bbox 704 1538 745 1574; x_wconf 72' lang='lat' dir='ltr'><strong><em>eb</em></strong></span> <span class='ocrx_word' id='word_1_129' title='bbox 763 1536 1005 1574; x_wconf 85' lang='lat' dir='ltr'>Bachmann.</span> <span class='ocrx_word' id='word_1_130' title='bbox 1024 1535 1174 1574; x_wconf 86' lang='lat' dir='ltr'>Anecd.</span> <span class='ocrx_word' id='word_1_131' title='bbox 1194 1535 1233 1573; x_wconf 90' lang='lat' dir='ltr'><strong><em>II</em></strong></span> <span class='ocrx_word' id='word_1_132' title='bbox 1254 1537 1352 1586; x_wconf 84' lang='lat'>378,</span> <span class='ocrx_word' id='word_1_133' title='bbox 1374 1537 1428 1573; x_wconf 84' lang='lat'><strong><em>20</em></strong></span> <span class='ocrx_word' id='word_1_134' title='bbox 1471 1532 1609 1586; x_wconf 80' lang='grc' dir='ltr'><strong><em>κέδρος</em></strong></span> <span class='ocrx_word' id='word_1_135' title='bbox 1635 1537 1822 1585; x_wconf 79' lang='grc' dir='ltr'><strong><em>θηλυκῶς</em></strong></span> 
     </span>
     <span class='ocr_line' id='line_1_20' title="bbox 252 1591 1821 1647; baseline -0.002 -12"><span class='ocrx_word' id='word_1_136' title='bbox 252 1593 324 1647; x_wconf 79' lang='grc' dir='ltr'><strong><em>μὲν</em></strong></span> <span class='ocrx_word' id='word_1_137' title='bbox 354 1594 396 1634; x_wconf 90' lang='grc' dir='ltr'><strong><em>τὸ</em></strong></span> <span class='ocrx_word' id='word_1_138' title='bbox 438 1593 622 1647; x_wconf 81' lang='grc' dir='ltr'><strong><em>δένδρον,</em></strong></span> <span class='ocrx_word' id='word_1_139' title='bbox 651 1593 873 1647; x_wconf 62' lang='grc' dir='ltr'><strong><em>’ἀρσενικῶς</em></strong></span> <span class='ocrx_word' id='word_1_140' title='bbox 911 1591 953 1633; x_wconf 78' lang='grc' dir='ltr'><strong><em>δὲ</em></strong></span> <span class='ocrx_word' id='word_1_141' title='bbox 984 1592 1005 1634; x_wconf 80' lang='grc' dir='ltr'><em>ὅ</em></span> <span class='ocrx_word' id='word_1_142' title='bbox 1037 1593 1195 1646; x_wconf 87' lang='grc' dir='ltr'><strong><em>καρπός.</em></strong></span> <span class='ocrx_word' id='word_1_143' title='bbox 1251 1592 1348 1633; x_wconf 80' lang='grc' dir='ltr'><strong><em>ἀλλὰ</em></strong></span> <span class='ocrx_word' id='word_1_144' title='bbox 1378 1597 1454 1633; x_wconf 90' lang='grc' dir='ltr'><strong><em>κτλ.</em></strong></span> <span class='ocrx_word' id='word_1_145' title='bbox 1506 1594 1693 1633; x_wconf 72' lang='lat' dir='ltr'>similiter</span> <span class='ocrx_word' id='word_1_146' title='bbox 1723 1594 1821 1645; x_wconf 75' lang='lat' dir='ltr'><strong>Ety-</strong></span> 
     </span>
     <span class='ocr_line' id='line_1_21' title="bbox 253 1649 1822 1707; baseline -0.001 -13"><span class='ocrx_word' id='word_1_147' title='bbox 253 1656 397 1707; x_wconf 85' lang='lat' dir='ltr'>molog.</span> <span class='ocrx_word' id='word_1_148' title='bbox 429 1670 478 1694; x_wconf 88' lang='lat' dir='ltr'><strong><em>m.</em></strong></span> <span class='ocrx_word' id='word_1_149' title='bbox 512 1656 611 1704; x_wconf 85' lang='lat'>498,</span> <span class='ocrx_word' id='word_1_150' title='bbox 644 1656 698 1693; x_wconf 84' lang='lat'><strong><em>42</em></strong></span> <span class='ocrx_word' id='word_1_151' title='bbox 733 1649 965 1707; x_wconf 76' lang='grc' dir='ltr'><strong><em>(οὐδετέρως</em></strong></span> <span class='ocrx_word' id='word_1_152' title='bbox 1003 1651 1045 1693; x_wconf 86' lang='grc' dir='ltr'><strong><em>δὲ</em></strong></span> <span class='ocrx_word' id='word_1_153' title='bbox 1083 1651 1103 1692; x_wconf 88' lang='grc' dir='ltr'><em>ὃ</em></span> <span class='ocrx_word' id='word_1_154' title='bbox 1134 1652 1303 1705; x_wconf 87' lang='grc' dir='ltr'><strong><em>καρπός,</em></strong></span> <span class='ocrx_word' id='word_1_155' title='bbox 1341 1656 1382 1693; x_wconf 72' lang='lat' dir='ltr'><strong><em>eb</em></strong></span> <span class='ocrx_word' id='word_1_156' title='bbox 1417 1652 1485 1701; x_wconf 82' lang='grc' dir='ltr'><strong><em>τὰς</em></strong></span> <span class='ocrx_word' id='word_1_157' title='bbox 1521 1651 1706 1707; x_wconf 88' lang='grc' dir='ltr'><strong><em>κέδρους,</em></strong></span> <span class='ocrx_word' id='word_1_158' title='bbox 1750 1653 1822 1692; x_wconf 86' lang='lat' dir='ltr'><strong><em>ubi</em></strong></span> 
     </span>
     <span class='ocr_line' id='line_1_22' title="bbox 251 1709 1821 1767; baseline -0.001 -13"><span class='ocrx_word' id='word_1_159' title='bbox 251 1718 388 1754; x_wconf 68' lang='lat' dir='ltr'>tamen</span> <span class='ocrx_word' id='word_1_160' title='bbox 418 1713 510 1761; x_wconf 76' lang='grc' dir='ltr'><strong><em>τοὺς</em></strong></span> <span class='ocrx_word' id='word_1_161' title='bbox 540 1712 705 1766; x_wconf 84' lang='grc' dir='ltr'><strong><em>κέδρους</em></strong></span> <span class='ocrx_word' id='word_1_162' title='bbox 723 1709 834 1767; x_wconf 87' lang='lat' dir='ltr'>DM).</span> <span class='ocrx_word' id='word_1_163' title='bbox 873 1714 935 1752; x_wconf 90' lang='lat' dir='ltr'><strong><em>his</em></strong></span> <span class='ocrx_word' id='word_1_164' title='bbox 960 1714 1067 1753; x_wconf 69' lang='lat' dir='ltr'>inter</span> <span class='ocrx_word' id='word_1_165' title='bbox 1092 1726 1133 1752; x_wconf 83' lang='lat' dir='ltr'><strong><em>se</em></strong></span> <span class='ocrx_word' id='word_1_166' title='bbox 1164 1713 1404 1763; x_wconf 71' lang='lat' dir='ltr'>comparatis</span> <span class='ocrx_word' id='word_1_167' title='bbox 1428 1726 1558 1764; x_wconf 87' lang='lat' dir='ltr'>neque</span> <span class='ocrx_word' id='word_1_168' title='bbox 1577 1711 1670 1760; x_wconf 81' lang='grc' dir='ltr'><strong><em>τοὺς</em></strong></span> <span class='ocrx_word' id='word_1_169' title='bbox 1693 1726 1821 1764; x_wconf 87' lang='lat' dir='ltr'>neque</span> 
     </span>
     <span class='ocr_line' id='line_1_23' title="bbox 252 1769 1821 1826; baseline -0.001 -13"><span class='ocrx_word' id='word_1_170' title='bbox 252 1774 320 1822; x_wconf 84' lang='grc' dir='ltr'><strong><em>τὰς</em></strong></span> <span class='ocrx_word' id='word_1_171' title='bbox 350 1772 515 1826; x_wconf 84' lang='grc' dir='ltr'><strong><em>κέδρους</em></strong></span> <span class='ocrx_word' id='word_1_172' title='bbox 546 1774 707 1813; x_wconf 72' lang='lat' dir='ltr'>videtur</span> <span class='ocrx_word' id='word_1_173' title='bbox 738 1774 932 1824; x_wconf 73' lang='lat' dir='ltr'>scriptum</span> <span class='ocrx_word' id='word_1_174' title='bbox 962 1773 1102 1822; x_wconf 87' lang='lat' dir='ltr'>fuisse,</span> <span class='ocrx_word' id='word_1_175' title='bbox 1136 1773 1204 1812; x_wconf 88' lang='lat' dir='ltr'><strong><em>sed</em></strong></span> <span class='ocrx_word' id='word_1_176' title='bbox 1242 1777 1327 1812; x_wconf 83' lang='grc' dir='ltr'><strong><em>τοῦ</em></strong></span> <span class='ocrx_word' id='word_1_177' title='bbox 1358 1769 1551 1824; x_wconf 83' lang='grc' dir='ltr'><strong><em>κέδρου,</em></strong></span> <span class='ocrx_word' id='word_1_178' title='bbox 1587 1772 1692 1823; x_wconf 86' lang='lat' dir='ltr'>quod</span> <span class='ocrx_word' id='word_1_179' title='bbox 1725 1773 1821 1811; x_wconf 90' lang='lat' dir='ltr'><strong><em>Am—</em></strong></span> 
     </span>
     <span class='ocr_line' id='line_1_24' title="bbox 252 1831 1820 1884; baseline -0.003 -10"><span class='ocrx_word' id='word_1_180' title='bbox 252 1835 409 1874; x_wconf 88' lang='lat' dir='ltr'>monius</span> <span class='ocrx_word' id='word_1_181' title='bbox 453 1846 523 1883; x_wconf 88' lang='lat' dir='ltr'><strong><em>pro</em></strong></span> <span class='ocrx_word' id='word_1_182' title='bbox 567 1833 810 1884; x_wconf 86' lang='lat' dir='ltr'>masculino,</span> <span class='ocrx_word' id='word_1_183' title='bbox 859 1833 1130 1884; x_wconf 67' lang='lat' dir='ltr'>Ebymologici</span> <span class='ocrx_word' id='word_1_184' title='bbox 1180 1836 1318 1871; x_wconf 78' lang='lat' dir='ltr'>auctor</span> <span class='ocrx_word' id='word_1_185' title='bbox 1360 1845 1433 1882; x_wconf 88' lang='lat' dir='ltr'><strong><em>pro</em></strong></span> <span class='ocrx_word' id='word_1_186' title='bbox 1476 1833 1619 1871; x_wconf 76' lang='lat' dir='ltr'>neutro</span> <span class='ocrx_word' id='word_1_187' title='bbox 1669 1831 1820 1870; x_wconf 73' lang='lat' dir='ltr'>habuit.</span> 
     </span>
     <span class='ocr_line' id='line_1_25' title="bbox 253 1891 1821 1944; baseline -0.003 -11"><span class='ocrx_word' id='word_1_188' title='bbox 253 1895 439 1944; x_wconf 70' lang='lat' dir='ltr'>anhiquae</span> <span class='ocrx_word' id='word_1_189' title='bbox 459 1893 686 1932; x_wconf 87' lang='lat' dir='ltr'>comoediae</span> <span class='ocrx_word' id='word_1_190' title='bbox 706 1893 1048 1932; x_wconf 82' lang='lat' dir='ltr'>adnumerandum</span> <span class='ocrx_word' id='word_1_191' title='bbox 1065 1892 1226 1932; x_wconf 80' lang='lat' dir='ltr'><strong><em>videtur</em></strong></span> <span class='ocrx_word' id='word_1_192' title='bbox 1245 1893 1516 1942; x_wconf 66' lang='lat' dir='ltr'>fragmenssum</span> <span class='ocrx_word' id='word_1_193' title='bbox 1535 1891 1636 1930; x_wconf 86' lang='lat' dir='ltr'>conl.</span> <span class='ocrx_word' id='word_1_194' title='bbox 1649 1891 1821 1930; x_wconf 86' lang='lat' dir='ltr'>Bekker.</span> 
     </span>
     <span class='ocr_line' id='line_1_26' title="bbox 253 1949 1821 2007; baseline -0.002 -15"><span class='ocrx_word' id='word_1_195' title='bbox 253 1954 492 2003; x_wconf 83' lang='lat' dir='ltr'>Anecd.42,</span> <span class='ocrx_word' id='word_1_196' title='bbox 528 1955 579 1992; x_wconf 88' lang='grc'><strong><em>19</em></strong></span> <span class='ocrx_word' id='word_1_197' title='bbox 602 1950 644 1991; x_wconf 82' lang='grc' dir='ltr'><strong><em>έν</em></strong></span> <span class='ocrx_word' id='word_1_198' title='bbox 663 1957 708 2006; x_wconf 77' lang='grc' dir='ltr'><strong><em>τῇ</em></strong></span> <span class='ocrx_word' id='word_1_199' title='bbox 740 1950 911 2007; x_wconf 78' lang='grc' dir='ltr'><strong><em>ἀρχαία</em></strong></span> <span class='ocrx_word' id='word_1_200' title='bbox 942 1950 1165 2007; x_wconf 79' lang='grc' dir='ltr'><strong><em>κωμῳδία</em></strong></span> <span class='ocrx_word' id='word_1_201' title='bbox 1196 1949 1238 1990; x_wconf 89' lang='grc' dir='ltr'><strong><em>τὸ</em></strong></span> <span class='ocrx_word' id='word_1_202' title='bbox 1270 1955 1395 1990; x_wconf 83' lang='grc' dir='ltr'><strong><em>θῦσαι</em></strong></span> <span class='ocrx_word' id='word_1_203' title='bbox 1416 1949 1502 1990; x_wconf 80' lang='grc' dir='ltr'><strong><em>ἀντὶ</em></strong></span> <span class='ocrx_word' id='word_1_204' title='bbox 1523 1955 1593 1990; x_wconf 80' lang='grc' dir='ltr'><strong><em>τοῦ</em></strong></span> <span class='ocrx_word' id='word_1_205' title='bbox 1614 1953 1821 2001; x_wconf 82' lang='grc' dir='ltr'><strong><em>θυμιᾶσαι.</em></strong></span> 
     </span>
    </p>
   </div>
   <div class='ocr_carea' id='block_1_7' title="bbox 253 1992 1820 2125">
    <p class='ocr_par' dir='ltr' id='par_1_7' title="bbox 253 1992 1820 2125">
     <span class='ocr_line' id='line_1_27' title="bbox 253 1992 1820 2064; baseline -0.003 -12"><span class='ocrx_word' id='word_1_206' title='bbox 253 2014 302 2052; x_wconf 89' lang='lat' dir='ltr'><strong><em>cf.</em></strong></span> <span class='ocrx_word' id='word_1_207' title='bbox 333 2014 530 2064; x_wconf 86' lang='lat' dir='ltr'>Porphyr.</span> <span class='ocrx_word' id='word_1_208' title='bbox 561 2012 620 2050; x_wconf 87' lang='lat' dir='ltr'><strong><em>De</em></strong></span> <span class='ocrx_word' id='word_1_209' title='bbox 652 2012 752 2051; x_wconf 72' lang='lat' dir='ltr'>abst.</span> <span class='ocrx_word' id='word_1_210' title='bbox 776 2014 812 2063; x_wconf 85' lang='lat'><strong><em>2,</em></strong></span> <span class='ocrx_word' id='word_1_211' title='bbox 835 2013 888 2051; x_wconf 88' lang='lat'>59</span> <span class='ocrx_word' id='word_1_212' title='bbox 923 2007 1115 2064; x_wconf 82' lang='lat'>(120,17</span> <span class='ocrx_word' id='word_1_213' title='bbox 1136 1992 1310 2062; x_wconf 85' lang='lat' dir='ltr'>Nauck.)</span> <span class='ocrx_word' id='word_1_214' title='bbox 1341 2009 1383 2049; x_wconf 87' lang='grc' dir='ltr'><strong><em>τὸ</em></strong></span> <span class='ocrx_word' id='word_1_215' title='bbox 1414 2009 1533 2049; x_wconf 87' lang='grc' dir='ltr'><strong><em>θύειν</em></strong></span> <span class='ocrx_word' id='word_1_216' title='bbox 1563 2014 1634 2049; x_wconf 80' lang='grc' dir='ltr'><strong><em>τοῦ</em></strong></span> <span class='ocrx_word' id='word_1_217' title='bbox 1665 2013 1820 2061; x_wconf 81' lang='grc' dir='ltr'><strong><em>θυμιᾶν</em></strong></span> 
     </span>
     <span class='ocr_line' id='line_1_28' title="bbox 253 2067 1398 2125; baseline -0.004 -12"><span class='ocrx_word' id='word_1_218' title='bbox 253 2073 371 2125; x_wconf 74' lang='grc' dir='ltr'><strong><em>είχετο</em></strong></span> <span class='ocrx_word' id='word_1_219' title='bbox 401 2071 466 2112; x_wconf 86' lang='grc' dir='ltr'><strong><em>καὶ</em></strong></span> <span class='ocrx_word' id='word_1_220' title='bbox 497 2076 567 2111; x_wconf 85' lang='grc' dir='ltr'><strong><em>τοῦ</em></strong></span> <span class='ocrx_word' id='word_1_221' title='bbox 600 2076 675 2110; x_wconf 82' lang='grc' dir='ltr'><strong><em>νῦν</em></strong></span> <span class='ocrx_word' id='word_1_222' title='bbox 705 2067 799 2125; x_wconf 78' lang='grc' dir='ltr'><strong><em>παρ’</em></strong></span> <span class='ocrx_word' id='word_1_223' title='bbox 833 2067 930 2122; x_wconf 77' lang='grc' dir='ltr'><strong><em>ἡμῖν</em></strong></span> <span class='ocrx_word' id='word_1_224' title='bbox 961 2067 1172 2123; x_wconf 81' lang='grc' dir='ltr'><strong><em>λεγομένου</em></strong></span> <span class='ocrx_word' id='word_1_225' title='bbox 1206 2068 1398 2109; x_wconf 81' lang='grc' dir='ltr'><strong><em>ἐπιθύειν.</em></strong></span> 
     </span>
    </p>
   </div>
   <div class='ocr_carea' id='block_1_8' title="bbox 253 2186 1821 2540">
    <p class='ocr_par' dir='ltr' id='par_1_8' title="bbox 253 2186 1821 2540">
     <span class='ocr_line' id='line_1_29' title="bbox 1010 2186 1067 2228; baseline 0 0"><span class='ocrx_word' id='word_1_226' title='bbox 1010 2186 1067 2228; x_wconf 83' lang='lat'><strong><em>35</em></strong></span> 
     </span>
     <span class='ocr_line' id='line_1_30' title="bbox 434 2266 1774 2326; baseline -0.004 -12"><span class='ocrx_word' id='word_1_227' title='bbox 434 2273 534 2324; x_wconf 80' lang='grc' dir='ltr'><strong><em>[κᾶν</em></strong></span> <span class='ocrx_word' id='word_1_228' title='bbox 558 2286 623 2321; x_wconf 82' lang='grc' dir='ltr'><strong><em>τις</em></strong></span> <span class='ocrx_word' id='word_1_229' title='bbox 647 2270 757 2326; x_wconf 82' lang='grc' dir='ltr'><strong><em>τύχῃ</em></strong></span> <span class='ocrx_word' id='word_1_230' title='bbox 782 2276 953 2326; x_wconf 82' lang='grc' dir='ltr'><strong><em>πρῶτος</em></strong></span> <span class='ocrx_word' id='word_1_231' title='bbox 978 2268 1260 2324; x_wconf 85' lang='grc' dir='ltr'><strong><em>παραβαλών,</em></strong></span> <span class='ocrx_word' id='word_1_232' title='bbox 1287 2270 1441 2322; x_wconf 77' lang='grc' dir='ltr'><strong><em>εἴληφε</em></strong></span> <span class='ocrx_word' id='word_1_233' title='bbox 1465 2266 1774 2323; x_wconf 86' lang='grc' dir='ltr'><strong><em>ποδάνιπτρα,]</em></strong></span> 
     </span>
     <span class='ocr_line' id='line_1_31' title="bbox 433 2338 1660 2395; baseline -0.004 -11"><span class='ocrx_word' id='word_1_234' title='bbox 433 2341 560 2393; x_wconf 83' lang='grc' dir='ltr'><strong><em>ἐξιὼν</em></strong></span> <span class='ocrx_word' id='word_1_235' title='bbox 592 2339 631 2383; x_wconf 81' lang='grc' dir='ltr'><strong><em>δ’</em></strong></span> <span class='ocrx_word' id='word_1_236' title='bbox 669 2343 731 2383; x_wconf 83' lang='grc' dir='ltr'><strong><em>ἔτι</em></strong></span> <span class='ocrx_word' id='word_1_237' title='bbox 761 2338 955 2395; x_wconf 80' lang='grc' dir='ltr'><strong><em>κνέφους</em></strong></span> <span class='ocrx_word' id='word_1_238' title='bbox 984 2340 1033 2382; x_wconf 90' lang='grc' dir='ltr'><strong><em>τὸ</em></strong></span> <span class='ocrx_word' id='word_1_239' title='bbox 1064 2340 1372 2395; x_wconf 85' lang='grc' dir='ltr'><strong><em>χειρόνιπτρον</em></strong></span> <span class='ocrx_word' id='word_1_240' title='bbox 1403 2338 1543 2380; x_wconf 82' lang='grc' dir='ltr'><strong><em>εἵλετό</em></strong></span> <span class='ocrx_word' id='word_1_241' title='bbox 1574 2353 1660 2393; x_wconf 92' lang='grc' dir='ltr'><strong><em>μοι.</em></strong></span> 
     </span>
     <span class='ocr_line' id='line_1_32' title="bbox 373 2419 1821 2482; baseline -0.004 -14"><span class='ocrx_word' id='word_1_242' title='bbox 373 2428 640 2479; x_wconf 75' lang='lat' dir='ltr'>Etymologic.</span> <span class='ocrx_word' id='word_1_243' title='bbox 660 2427 810 2466; x_wconf 88' lang='lat' dir='ltr'>Milleri</span> <span class='ocrx_word' id='word_1_244' title='bbox 830 2421 1052 2482; x_wconf 76' lang='lat' dir='ltr'>(Melanges</span> <span class='ocrx_word' id='word_1_245' title='bbox 1073 2419 1178 2478; x_wconf 85' lang='lat'>309)</span> <span class='ocrx_word' id='word_1_246' title='bbox 1210 2423 1472 2477; x_wconf 80' lang='grc' dir='ltr'><strong><em>χειρόνιπτρα·</em></strong></span> <span class='ocrx_word' id='word_1_247' title='bbox 1502 2423 1544 2463; x_wconf 83' lang='grc' dir='ltr'><strong><em>τὸ</em></strong></span> <span class='ocrx_word' id='word_1_248' title='bbox 1576 2422 1674 2463; x_wconf 85' lang='grc' dir='ltr'><strong><em>κατὰ</em></strong></span> <span class='ocrx_word' id='word_1_249' title='bbox 1695 2422 1821 2476; x_wconf 81' lang='grc' dir='ltr'><strong><em>χειρὸς</em></strong></span> 
     </span>
     <span class='ocr_line' id='line_1_33' title="bbox 253 2484 1820 2540; baseline -0.004 -12"><span class='ocrx_word' id='word_1_250' title='bbox 253 2489 363 2540; x_wconf 71' lang='grc' dir='ltr'><strong><em>ὕδωρ</em></strong></span> <span class='ocrx_word' id='word_1_251' title='bbox 396 2490 473 2527; x_wconf 87' lang='grc' dir='ltr'><strong><em>κτλ.</em></strong></span> <span class='ocrx_word' id='word_1_252' title='bbox 521 2488 632 2539; x_wconf 87' lang='lat' dir='ltr'>prior</span> <span class='ocrx_word' id='word_1_253' title='bbox 668 2500 807 2527; x_wconf 87' lang='lat' dir='ltr'>versus</span> <span class='ocrx_word' id='word_1_254' title='bbox 846 2488 907 2525; x_wconf 74' lang='lat' dir='ltr'><strong><em>est</em></strong></span> <span class='ocrx_word' id='word_1_255' title='bbox 938 2485 1147 2535; x_wconf 86' lang='lat' dir='ltr'>Eupolidis</span> <span class='ocrx_word' id='word_1_256' title='bbox 1181 2486 1278 2535; x_wconf 88' lang='lat'>118,</span> <span class='ocrx_word' id='word_1_257' title='bbox 1312 2486 1333 2522; x_wconf 91' lang='lat'>1</span> <span class='ocrx_word' id='word_1_258' title='bbox 1377 2484 1558 2534; x_wconf 84' lang='lat' dir='ltr'>quamvis</span> <span class='ocrx_word' id='word_1_259' title='bbox 1590 2486 1820 2535; x_wconf 76' lang='lat' dir='ltr'>corruptus3</span> 
     </span>
    </p>
   </div>
   <div class='ocr_carea' id='block_1_9' title="bbox 254 2543 1818 2654">
    <p class='ocr_par' dir='ltr' id='par_1_9' title="bbox 254 2543 1818 2654">
     <span class='ocr_line' id='line_1_34' title="bbox 254 2543 1818 2599; baseline -0.004 -11"><span class='ocrx_word' id='word_1_260' title='bbox 254 2550 380 2588; x_wconf 73' lang='lat' dir='ltr'>altero</span> <span class='ocrx_word' id='word_1_261' title='bbox 413 2547 509 2599; x_wconf 87' lang='lat' dir='ltr'>quid</span> <span class='ocrx_word' id='word_1_262' title='bbox 539 2548 685 2588; x_wconf 83' lang='lat' dir='ltr'>faciam</span> <span class='ocrx_word' id='word_1_263' title='bbox 715 2546 860 2586; x_wconf 87' lang='lat' dir='ltr'>nescio.</span> <span class='ocrx_word' id='word_1_264' title='bbox 914 2546 962 2584; x_wconf 91' lang='lat' dir='ltr'><strong><em>cf.</em></strong></span> <span class='ocrx_word' id='word_1_265' title='bbox 988 2548 1123 2584; x_wconf 75' lang='lat' dir='ltr'>tamen</span> <span class='ocrx_word' id='word_1_266' title='bbox 1152 2556 1253 2594; x_wconf 80' lang='lat' dir='ltr'>quae</span> <span class='ocrx_word' id='word_1_267' title='bbox 1285 2544 1563 2584; x_wconf 75' lang='lat' dir='ltr'>adnotavimus</span> <span class='ocrx_word' id='word_1_268' title='bbox 1596 2544 1646 2582; x_wconf 87' lang='lat' dir='ltr'><strong><em>ad</em></strong></span> <span class='ocrx_word' id='word_1_269' title='bbox 1677 2543 1818 2593; x_wconf 86' lang='lat' dir='ltr'>Eupol.</span> 
     </span>
     <span class='ocr_line' id='line_1_35' title="bbox 256 2599 1818 2654; baseline -0.004 -7"><span class='ocrx_word' id='word_1_270' title='bbox 256 2610 352 2648; x_wconf 82' lang='lat'>168.</span> <span class='ocrx_word' id='word_1_271' title='bbox 401 2607 623 2646; x_wconf 80' lang='lat' dir='ltr'>Meinekius</span> <span class='ocrx_word' id='word_1_272' title='bbox 650 2607 784 2645; x_wconf 83' lang='lat' dir='ltr'>Herm.</span> <span class='ocrx_word' id='word_1_273' title='bbox 810 2605 872 2644; x_wconf 85' lang='grc' dir='ltr'><strong><em>ΠΙ</em></strong></span> <span class='ocrx_word' id='word_1_274' title='bbox 898 2606 983 2644; x_wconf 88' lang='lat'><strong><em>455</em></strong></span> <span class='ocrx_word' id='word_1_275' title='bbox 1016 2601 1130 2652; x_wconf 79' lang='grc' dir='ltr'><strong><em>ἐξιὼν</em></strong></span> <span class='ocrx_word' id='word_1_276' title='bbox 1162 2599 1199 2642; x_wconf 54' lang='grc' dir='ltr'>δῖ</span> <span class='ocrx_word' id='word_1_277' title='bbox 1234 2601 1289 2642; x_wconf 75' lang='grc' dir='ltr'><strong><em>ἔτι</em></strong></span> <span class='ocrx_word' id='word_1_278' title='bbox 1322 2603 1327 2653; x_wconf 89' lang='grc' dir='ltr'>Ι</span> <span class='ocrx_word' id='word_1_279' title='bbox 1359 2601 1536 2654; x_wconf 85' lang='grc' dir='ltr'><strong><em>κνέφους</em></strong></span> <span class='ocrx_word' id='word_1_280' title='bbox 1573 2600 1615 2642; x_wconf 89' lang='grc' dir='ltr'><strong><em>τὸ</em></strong></span> <span class='ocrx_word' id='word_1_281' title='bbox 1641 2617 1674 2654; x_wconf 83' lang='grc' dir='ltr'><strong><em>χ.</em></strong></span> <span class='ocrx_word' id='word_1_282' title='bbox 1699 2600 1818 2641; x_wconf 79' lang='grc' dir='ltr'><strong><em>εἵλετό</em></strong></span> 
     </span>
    </p>
   </div>
   <div class='ocr_carea' id='block_1_10' title="bbox 254 2683 443 2718">
    <p class='ocr_par' dir='ltr' id='par_1_10' title="bbox 254 2683 443 2718">
     <span class='ocr_line' id='line_1_36' title="bbox 254 2683 443 2718; baseline 0.016 -12"><span class='ocrx_word' id='word_1_283' title='bbox 254 2683 331 2718; x_wconf 81' lang='grc' dir='ltr'><strong><em>μου</em></strong></span> <span class='ocrx_word' id='word_1_284' title='bbox 364 2692 443 2708; x_wconf 63' lang='lat' dir='ltr'><strong><em>u--</em></strong></span> 
     </span>
    </p>
   </div>
   <div class='ocr_carea' id='block_1_11' title="bbox 373 2743 1816 2965">
    <p class='ocr_par' dir='ltr' id='par_1_11' title="bbox 373 2743 1816 2965">
     <span class='ocr_line' id='line_1_37' title="bbox 1009 2743 1066 2786; baseline 0 0"><span class='ocrx_word' id='word_1_285' title='bbox 1009 2743 1066 2786; x_wconf 84' lang='grc'><strong><em>36</em></strong></span> 
     </span>
     <span class='ocr_line' id='line_1_38' title="bbox 540 2807 1028 2885; baseline -0.004 -15"><span class='ocrx_word' id='word_1_286' title='bbox 540 2807 694 2885; x_wconf 76' lang='grc' dir='ltr'><strong><em>ἄριστα</em></strong></span> <span class='ocrx_word' id='word_1_287' title='bbox 727 2829 867 2883; x_wconf 81' lang='grc' dir='ltr'><strong><em>χωλὸς</em></strong></span> <span class='ocrx_word' id='word_1_288' title='bbox 898 2828 1028 2882; x_wconf 81' lang='grc' dir='ltr'><strong><em>οἰφεῖ.</em></strong></span> 
     </span>
     <span class='ocr_line' id='line_1_39' title="bbox 373 2908 1816 2965; baseline -0.003 -11"><span class='ocrx_word' id='word_1_289' title='bbox 373 2916 606 2954; x_wconf 76' lang='lat' dir='ltr'>Athenaeus</span> <span class='ocrx_word' id='word_1_290' title='bbox 648 2916 719 2964; x_wconf 88' lang='lat'><strong><em>13,</em></strong></span> <span class='ocrx_word' id='word_1_291' title='bbox 758 2915 878 2953; x_wconf 73' lang='lat'>5680</span> <span class='ocrx_word' id='word_1_292' title='bbox 927 2910 1049 2959; x_wconf 76' lang='grc' dir='ltr'><strong><em>ὅντως</em></strong></span> <span class='ocrx_word' id='word_1_293' title='bbox 1095 2910 1176 2965; x_wconf 26' lang='grc' dir='ltr'><strong><em>γὰρ.</em></strong></span> <span class='ocrx_word' id='word_1_294' title='bbox 1211 2908 1346 2963; x_wconf 75' lang='grc' dir='ltr'><strong><em>ἄριστα</em></strong></span> <span class='ocrx_word' id='word_1_295' title='bbox 1389 2909 1511 2963; x_wconf 86' lang='grc' dir='ltr'><strong><em>χωλὸς</em></strong></span> <span class='ocrx_word' id='word_1_296' title='bbox 1551 2909 1698 2961; x_wconf 78' lang='grc' dir='ltr'><strong><em>οἰφεῖς,</em></strong></span> <span class='ocrx_word' id='word_1_297' title='bbox 1747 2914 1816 2950; x_wconf 81' lang='grc' dir='ltr'><strong><em>τοῦ</em></strong></span> 
     </span>
    </p>
   </div>
   <div class='ocr_carea' id='block_1_12' title="bbox 1863 0 2014 57">
    <p class='ocr_par' dir='ltr' id='par_1_12' title="bbox 1863 0 2014 57">
     <span class='ocr_line' id='line_1_40' title="bbox 1863 0 2014 57; baseline 0 3277"><span class='ocrx_word' id='word_1_298' title='bbox 1863 0 2014 57; x_wconf 95' lang='lat' dir='ltr'><strong><em> </em></strong></span> 
     </span>
    </p>
   </div>
  </div>
 </body>
</html>
