2014 3334
286 285 372 331 626
938 288 1198 321 ΑΔΕΣΠΟΤΑ

287 411 390 444 πους
430 396 558 449 ὥσπερ
590 411 630 436 π.
662 396 800 449 ἔχεται·
843 396 906 437 ἐπὶ
945 403 1022 438 τῶν
1063 401 1236 450 λιπαρῶς
1276 412 1353 436 τινι
1391 395 1749 449 προσκαθημένων.
1798 409 1858 448 vex

289 457 495 496 comoedia
518 457 649 508 petita
673 470 758 496 esse
784 458 972 506 arbitror,
1003 471 1075 509 pro
1101 461 1209 497 certo
1235 470 1315 496 non
1349 457 1655 497 adfirmaverim.
1696 457 1745 496 cf.
1772 457 1856 496 728

289 518 330 555 et
364 516 484 555 Arist.
525 516 634 555 Plut.
664 519 788 557 1096.

1017 597 1129 640 1307

932 669 1039 723 γόης
1068 683 1134 718 τις
1163 667 1189 722 ἢ
1219 667 1395 724 κέρκωψ
1427 669 1573 722 λόγων

353 755 355 757 ’
410 753 609 792 Eusebius
635 754 774 804 Praep.
801 767 859 793 ev.
882 755 920 806 8,
942 756 980 804 6,
1002 757 1025 793 2
1061 751 1195 806 (Philo
1221 754 1262 792 II
1290 756 1372 794 626
1401 748 1594 807 Mangey)
1633 752 1861 806 ἐλοιδόρουν

290 811 412 865 γόητα
439 811 507 852 καὶ
533 810 716 865 κέρκωπα
742 812 881 866 λόγων.
938 815 1110 853 fortasse
1130 827 1178 853 ex
1197 814 1401 853 comoedia
1420 814 1632 852 fluxerunt.
1675 813 1860 853 Aeschin.

294 874 338 921 2,
370 873 427 910 40
466 871 488 911 ὅ
517 886 552 911 τι
595 866 647 924 ἦν
683 869 782 912 ποθ’
818 870 839 912 ὁ
875 870 1035 924 κέρκωψ
1066 870 1093 925 ἢ
1124 871 1166 912 τὸ
1209 872 1455 924 καλούμενον
1498 872 1731 924 παιπάλημα
1761 869 1788 924 ἢ
1816 871 1860 911 τὸ

290 931 536 983 παλίμβολον
566 928 593 983 ἣ
613 930 670 971 ’τὰ
701 937 862 971 τοιαῦτα
894 931 1048 984 ῥήματα
1080 930 1154 972 οὐκ
1184 929 1264 988 ᾔδη
1295 932 1496 986 πρότερον.

1019 1048 1132 1090 1308

578 1117 795 1175 ἀργύριον
827 1114 943 1173 εἶχεν
976 1117 1073 1161 οὐδ’
1111 1118 1230 1160 ὅσον.

409 1205 580 1244 Bekker.
614 1205 763 1244 Anecd.
790 1206 828 1255 3,
856 1206 908 1244 27
943 1200 1030 1244 οἷον
1061 1202 1157 1244 οὐδὲ
1187 1203 1229 1244 τὸ
1261 1204 1513 1257 βραχύτατον.
1565 1203 1704 1243 comici
1730 1203 1784 1243 sit
1808 1216 1860 1242 an

291 1264 421 1303 oratio
454 1264 588 1303 soluta
619 1264 773 1304 dubito.

1078 1320 1134 1362 09

577 1390 716 1446 ἐσθὴς
747 1389 797 1434 δε
828 1321 1114 1448 προβάτ3113’
1097 1393 1238 1442 ἄνθος

410 1478 609 1517 Eusebius
641 1478 1113 1530 Praep.ev.8,14,13
1141 1474 1277 1531 (Philo
1303 1478 1344 1517 II
1371 1473 1475 1530 634)
1506 1474 1668 1544 &ofin-1:55·
1703 1490 1747 1529 γε
1779 1475 1859 1544 μὴν

290 1537 502 1590 προβάτων
534 1536 651 1588 εἰσίν,
682 1535 735 1584 ὡς
766 1537 809 1576 οἷ
834 1538 997 1589 ποιηταί
1023 1537 1102 1577 πού
1135 1549 1278 1588 φασιν,
1313 1534 1451 1584 ἄνθος.
1513 1537 1706 1576 comicum
1738 1536 1858 1587 signi-

292 1597 402 1637 ficari
432 1610 504 1648 pro
537 1600 646 1636 certo
677 1610 757 1636 non
789 1597 1095 1638 adfirmaverim.

1020 1713 1134 1755 1310

577 1815 754 1825 .....
786 1784 966 1838 ἄψοφον
999 1780 1040 1825 δ’
1076 1785 1192 1839 ἔχειν
1224 1785 1362 1838 στόμα

412 1870 582 1909 Bekker.
626 1869 775 1908 Anecd.
805 1872 847 1918 9,
883 1873 903 1909 1
946 1865 1033 1909 οἷον
1075 1867 1243 1920 ἄφωνον
1279 1868 1345 1908 καὶ
1384 1869 1545 1921 ἥσυχον.
1612 1867 1757 1920 σεμνὸν
1793 1866 1859 1907 καὶ

293 1929 505 1972 πολιτικόν.
544 1925 580 1968 δ’
604 1929 693 1968 add.
714 1929 763 1967 K.
801 1929 959 1969 viderur
977 1931 1114 1968 tamen
1131 1930 1268 1980 potius
1288 1929 1519 1981 izi-agoediae
1540 1941 1637 1968 esse.
1676 1929 1724 1967 cf.
1743 1927 1862 1977 Soph.

296 1990 436 2029 Trach.
465 1991 563 2029 967.
613 1989 706 2026 Eur.
735 1989 826 2028 Tro.
854 1990 950 2029 887.

1023 2069 1134 2111 1311

581 2173 589 2182 .
626 2173 634 2181 .
665 2141 802 2182 κακόν
833 2155 874 2181 τι
905 2139 1259 2196 προσαπολαύσω
1293 2173 1301 2181 .
1334 2173 1342 2180 .
1376 2173 1384 2181 .

416 2215 585 2253 Bekker.
617 2214 768 2255 Anecd.
794 2216 871 2265 47,
900 2216 952 2253 17
993 2213 1043 2254 οὐ
1080 2212 1205 2266 μόνον
1242 2218 1367 2252 κακοῦ
1398 2228 1504 2260 τινος
1534 2212 1862 2264 προσαπολαύσω.

295 2269 379 2312 κατ’
409 2271 626 2324 αἰτιατικὴν
657 2271 723 2312 καὶ
752 2271 914 2326 γενικὴν
945 2279 1035 2325 χρῶ.
1085 2271 1301 2323 αἰτιατικὴν
1327 2271 1469 2321 Bekk.]
1500 2270 1663 2311 εὐθεῖαν
1694 2273 1778 2311 cod.
1807 2294 1859 2299 —

296 2347 393 2372 num
432 2333 571 2373 comici
608 2334 662 2372 sit
697 2347 778 2372 non
814 2335 983 2372 constat.
1051 2335 1156 2372 certe
1193 2345 1274 2371 non
1321 2333 1481 2371 videtur
1518 2332 1741 2370 derivatum
1778 2343 1863 2370 esse

297 2405 344 2431 ex
385 2391 522 2443 [Plau]
563 2392 758 2432 Alcibiad.
789 2393 830 2431 II
864 2394 977 2432 3910
1016 2387 1119 2445 (μὴ)
1162 2389 1230 2432 καὶ
1273 2388 1404 2443 ἕτερόν
1446 2405 1481 2429 τι
1520 2389 1861 2445 προσαπολαύσῃς.

297 2451 350 2503 μὴ
382 2450 446 2491 καὶ
479 2452 600 2491 etiam
631 2464 770 2492 versus
801 2452 915 2491 initio
949 2452 1214 2502 supplendum
1243 2450 1413 2506 videtur.

1026 2567 1140 2610 1312
1176 2607 1181 2611 .

895 2641 1103 2692 γλῶσσαν
1134 2636 1216 2679 οὐκ
1247 2635 1490 2692 ἐμπήξεται.

417 2723 643 2775 Hesychius
662 2722 738 2762 οὐκ
756 2721 806 2762 ἂν
827 2722 1076 2775 διαφάγοιτο,
1096 2721 1170 2762 οὐκ
1182 2720 1232 2761 ἂν
1246 2721 1438 2774 γεύσαιτο.
1473 2724 1652 2774 γλῶσσαν
1666 2719 1860 2772 Scaliger]

298 2782 483 2836 γλώσσας.
551 2785 722 2836 γλῶτταν
758 2783 930 2832 Nauck,
977 2783 1125 2822 comico
1162 2782 1260 2820 haec
1297 2782 1489 2820 tribuens.
1550 2783 1729 2833 γλῶσσαν
1764 2781 1860 2819 reti-

299 2855 397 2881 nens
428 2842 651 2882 Meinekius
683 2842 827 2881 Philol.
858 2842 958 2881 XIII
991 2843 1074 2882 532
1120 2854 1167 2880 ex
1210 2842 1384 2891 satyrica
1420 2841 1559 2879 fabula
1595 2841 1860 2890 fragmentum

300 2903 524 2941 derivatum
550 2904 694 2941 censer.
752 2899 935 2952 ἕμπήξετε
956 2900 1129 2940 Cobetus
1149 2901 1292 2954 Mnem.
1311 2913 1401 2939 nov.
1422 2900 1483 2938 III
1508 2901 1605 2950 293,
1637 2899 1862 2938 comoediae

299 2962 353 3000 sit
384 2974 435 3000 an
466 2961 663 3011 satyricae
695 2961 855 3000 fabulae
885 2974 966 3000 non
996 2960 1222 2999 decernens.

2006 3279 2014 3334 ιιι-ῃ».
2010 3246 2014 3262 -.
2011 3215 2014 3219 Δ
