2014 3334
874 238 972 273 ΤΗΣ
999 238 1128 273 mm
1707 235 1796 280 465

210 352 339 394 foedis
366 366 456 393 eum
483 351 719 393 libidinibus
740 352 920 392 deditum
945 351 1070 392 fuisse
1090 351 1208 392 docet
1227 350 1452 404 Hesychius
1484 351 1795 405 πελεθοβάψ·

214 412 422 466 Θεόδωρος
461 411 483 453 ὀ
523 411 704 467 τραγικὸς
745 407 828 467 (sic
867 413 986 452 Mein.
1025 425 1098 463 pro
1139 410 1311 463 κωμικὸς
1349 408 1395 464 ὁ)
1437 411 1653 465 ὑποκριτὴς
1693 412 1795 452 οὕτω

209 471 446 514 ἐπεκαλεῖτο.
486 476 608 524 atque
634 474 675 512 id
694 474 828 523 ipsum
853 471 1092 525 πελεθοβάψ
1119 485 1144 511 a
1163 473 1314 512 comico
1335 475 1455 523 poeta
1476 473 1687 513 inventum
1707 486 1794 512 esse

209 533 295 574 iure
328 534 557 584 suspicatur
587 533 705 573 Mein.
739 533 758 572 Ι
793 534 890 573 524.
941 533 1158 572 Herodian.
1191 532 1210 571 I
1244 534 1348 583 246,
1386 535 1436 572 12
1476 532 1518 572 τὸ
1556 532 1795 586 πλινθοβάψ

209 591 277 633 καὶ
306 592 543 646 πελεθοβάψ
575 590 769 641 ὀξύνεται.

952 686 1040 728 312

330 773 463 814 Schol.
494 772 683 813 Aeschin.
719 775 756 823 1,
790 774 845 812 64
889 768 1172 827 κεκωμῴδηται
1213 770 1234 811 ὁ
1261 768 1555 825 Ἀριστῧφῶν
1593 770 1646 820 ὡς
1677 769 1795 825 ὑπὲρ

211 833 430 887 Χάρητος
467 836 649 885 μισθοῦ
686 830 835 887 λέγων
872 830 939 871 καὶ
970 830 1023 879 ὡς
1054 831 1351 884 παρανόμων
1388 832 1579 886 γραφὴν
1615 847 1796 884 πεφευ-

211 892 302 948 γὼς
339 891 406 933 καὶ
436 890 490 941 ὡς
520 892 849 946 στρατηγήσας
888 891 940 932 ἐν
978 890 1081 932 Κέω
1118 891 1184 931 καὶ
1222 891 1289 932 διὰ
1320 893 1634 968 φιλοχρηματίαν
1669 892 1796 934 πολλὰ

209 952 313 994 κακὰ
343 952 609 1007 ἐργασάμενος
646 951 739 1000 τοὺς
778 951 1052 1002 ἐνοικοῦντας,
1090 948 1154 1003 ἐφ’
1191 942 1222 1008 ᾧ
1260 951 1426 1005 γραφεὶς
1462 951 1541 993 ὑπὸ
1566 949 1795 1006 Ὑπερείδου

210 1012 456 1066 παρανόμων
488 1011 599 1053 ἑάλω.
650 1011 750 1064 φησὶ
781 1009 816 1052 δ’
853 1010 976 1052 αὐτὸν
995 1008 1229 1064 ’Υπερείδης
1260 1011 1327 1052 καὶ
1347 1009 1606 1065 ’Ἀρδηττον
1636 1012 1796 1066 ἐπικλη-

210 1077 339 1126 θῆναι
360 1071 427 1112 διὰ
445 1071 487 1112 τὸ
506 1072 695 1120 πολλάκις
720 1067 866 1112 αυτόθι
897 1070 1195 1124 ἐπιωρκηκέναι.
1246 1073 1431 1113 Aeschin.
1454 1075 1493 1124 3,
1515 1075 1600 1113 194
1622 1070 1795 1126 Ἀριστο-

210 1139 302 1184 φῶν
340 1131 361 1172 ὁ
388 1129 591 1185 Ἀζηνιεὺς
619 1163 628 1172 .
669 1164 677 1171 .
707 1131 865 1186 γραφὰς
900 1131 1147 1184 παρανόμων
1184 1130 1383 1185 πέφευγεν
1420 1131 1696 1185 ἐβδομήκοντα
1729 1132 1797 1173 καὶ

210 1191 336 1233 πέντε.
384 1193 433 1233 cf.
455 1193 649 1244 Hyperid.
669 1193 717 1232 fr.
739 1195 808 1233 44.
858 1193 1032 1236 fortasse
1065 1193 1188 1232 etiam
1207 1192 1362 1233 Ardetti
1392 1206 1615 1244 cognomen
1640 1195 1795 1245 primus

211 1253 458 1304 excogitavit
489 1253 662 1293 comicus
694 1248 853 1304 aliqujsss

958 1358 1046 1400 313

330 1444 459 1485 Schol.
490 1444 658 1484 Aristid.
692 1445 792 1494 458,
825 1447 878 1484 21
913 1445 1050 1484 Dindf.
1094 1443 1233 1496 ἔχομεν
1264 1443 1372 1497 παρὰ
1403 1447 1485 1493 τοῖς
1515 1449 1705 1497 κωμικοῖς
1737 1445 1794 1486 ὅτι

209 1503 316 1544 τινὰ
345 1509 443 1545 ,τῶν
481 1502 774 1544 ἐκτεθέντων
810 1503 997 1544 παίδων
1029 1502 1119 1544 ἀπό
1158 1519 1302 1544 τινων
1341 1505 1551 1556 σημείων
1584 1505 1627 1546 ἓν
1659 1505 1795 1555 αὐτοῖς

210 1562 337 1605 ὄντων
368 1563 762 1618 ἀνεγνωρίζοντο.

957 1645 1046 1688 314

497 1705 669 1763 δραχμὴ
701 1707 932 1761 χαλαζῶσα

329 1793 555 1845 Hesychius
592 1790 655 1832 ἐπὶ
687 1791 921 1842 Διοφάντου
953 1790 995 1831 τὸ
1027 1791 1226 1844 θεωρικὸν
1268 1790 1418 1846 ἐγένετο
1453 1793 1618 1846 δραχμή.
1681 1795 1795 1835 addit

212 1853 410 1892 Zenobius
432 1854 470 1903 3,
491 1855 546 1892 27
581 1850 664 1891 ἐπεὶ
690 1849 732 1891 δὲ
764 1851 876 1891 ἔπεσε
901 1851 1046 1903 χάλαζα
1077 1851 1159 1891 τότε
1191 1850 1270 1891 ἀπὸ
1301 1857 1372 1892 τοῦ
1403 1850 1533 1904 ἀέρος,
1563 1855 1793 1906 χαλαζῶσαν

212 1911 338 1964 αὐτὴν
371 1910 631 1952 ἐπέσκωπτον.
683 1908 747 1951 ‘cfi
767 1913 943 1951 Boeckh.
969 1910 1112 1952 Oeeon.
1146 1913 1293 1951 Athen.
1325 1913 1344 1950 I
1378 1914 1476 1952 239.
1509 1914 1699 1955 Fritzsch.
1734 1915 1793 1954 De

211 1985 329 2012 merc.
360 1973 440 2011 iud.
477 1974 543 2012 13.
605 1972 860 2022 Diophantus
893 1973 1042 2011 archon
1073 1974 1161 2011 erat
1193 1971 1351 2023 Olymp.
1385 1974 1453 2023 96,
1487 1969 1542 2012 2.’
1573 1975 1691 2014 Mein.

953 2088 1041 2132 315

495 2147 722 2204 ἄγάμητον

328 2228 406 2262 τῶν
437 2216 540 2262 νέων
570 2223 775 2278 κωμῳδῶν
806 2238 907 2272 τινες
938 2222 1006 2263 τὸν
1038 2221 1194 2278 ἄγαμον
1226 2223 1441 2277 εἰρήκασιν.
1473 2225 1617 2264 Pollux
1650 2228 1688 2277 3,
1722 2227 1791 2268 47.

959 2341 1047 2383 316

495 2399 753 2456 ἀλείπτριαν

329 2484 531 2538 εἰρήκασιν
551 2486 593 2527 οἱ
607 2485 717 2538 μέσοι
735 2487 921 2539 κωμικοί.
944 2518 951 2526 .
974 2484 1183 2538 .”Λμφιδος
1201 2486 1268 2527 καὶ
1289 2487 1419 2540 δρᾶμά
1439 2487 1542 2527 ἐστιν
1561 2485 1791 2541 Ἀλείπτρια.

210 2545 355 2585 Pollux
389 2548 426 2596 7,
461 2549 528 2586 17.
577 2548 626 2586 cf.
658 2547 739 2586 hui.
771 2547 832 2587 ed.
863 2547 905 2586 II
939 2549 1037 2588 236.
1088 2549 1256 2599 adparet
1293 2549 1415 2587 etiam
1456 2551 1618 2598 praeter
1649 2549 1790 2587 titulos

211 2606 442 2644 fabularum
471 2605 684 2657 Amphidis
716 2603 1000 2660 (Antiphanis,
1030 2605 1230 2660 Alexidis)
1269 2621 1415 2648 nomen
1450 2608 1553 2647 illud
1584 2609 1791 2647 Pollucem

209 2666 250 2704 in
281 2678 386 2706 nova
418 2666 623 2706 comoedia.
651 2666 862 2707 invenisse.

951 2748 978 2790 3
987 2749 1005 2790 1
1014 2749 1037 2790 7

496 2805 766 2857 ἀντίκλειδες

328 2879 435 2935 παρὰ
460 2884 540 2929 τοῖς
565 2879 767 2934 νεωτέροις
791 2881 944 2929 τούτοις
965 2877 1213 2936 (κωμικοῖς).
1235 2882 1441 2935 .εἴρηνται.
1474 2883 1617 2921 Pollux
1638 2884 1705 2935 10,
1722 2885 1789 2922 22.

214 2939 546 2991 significationem
578 2941 774 2981 inlustrat
804 2941 986 2981 Clemens
1006 2942 1120 2982 Alex.
1143 2942 1290 2981 Strom.
1315 2945 1351 2993 7,
1376 2946 1441 2994 17,
1477 2943 1559 2981 106
1594 2939 1688 2982 οὐδὲ
1719 2940 1792 2993 τὴν

284 3013 398 3040 Comici
418 3014 530 3048 graeei,
549 3014 595 3041 od.
615 3014 669 3041 Th.
690 3014 786 3041 Kook.
807 3014 864 3042 111.
1457 3013 1503 3045 30
