<?xml version="1.0" encoding="UTF-8"?>
<!DOCTYPE html PUBLIC "-//W3C//DTD XHTML 1.0 Transitional//EN"
    "http://www.w3.org/TR/xhtml1/DTD/xhtml1-transitional.dtd">
<html xmlns="http://www.w3.org/1999/xhtml" xml:lang="en" lang="en">
 <head>
  <title>
</title>
<meta http-equiv="Content-Type" content="text/html;charset=utf-8" />
  <meta name='ocr-system' content='tesseract 3.04.00' />
  <meta name='ocr-capabilities' content='ocr_page ocr_carea ocr_par ocr_line ocrx_word'/>
</head>
<body>
  <div class='ocr_page' id='page_1' title='image "./comicorumatticor03kockuoft_0042.png"; bbox 0 0 2014 3334; ppageno 0'>
   <div class='ocr_carea' id='block_1_1' title="bbox 311 244 1245 289">
    <p class='ocr_par' dir='ltr' id='par_1_1' title="bbox 311 244 1245 289">
     <span class='ocr_line' id='line_1_1' title="bbox 311 244 1245 289; baseline -0.004 -8"><span class='ocrx_word' id='word_1_1' title='bbox 311 247 366 289; x_wconf 82' lang='lat'><em>22</em></span> <span class='ocrx_word' id='word_1_2' title='bbox 844 247 847 249; x_wconf 85' lang='grc'><strong><em>·</em></strong></span> <span class='ocrx_word' id='word_1_3' title='bbox 947 244 1245 279; x_wconf 80' lang='lat' dir='ltr'>MENANAPOT</span> 
     </span>
    </p>
   </div>
   <div class='ocr_carea' id='block_1_2' title="bbox 484 364 1666 1074">
    <p class='ocr_par' dir='ltr' id='par_1_2' title="bbox 484 364 1666 1074">
     <span class='ocr_line' id='line_1_2' title="bbox 1068 364 1125 406; baseline 0 0"><span class='ocrx_word' id='word_1_4' title='bbox 1068 364 1125 406; x_wconf 85' lang='lat'><em>65</em></span> 
     </span>
     <span class='ocr_line' id='line_1_3' title="bbox 810 444 1437 503; baseline -0.003 -13"><span class='ocrx_word' id='word_1_5' title='bbox 810 447 864 490; x_wconf 90' lang='grc' dir='ltr'><em>οὐ</em></span> <span class='ocrx_word' id='word_1_6' title='bbox 894 453 1061 502; x_wconf 99' lang='grc' dir='ltr'><em>γαμεῖς,</em></span> <span class='ocrx_word' id='word_1_7' title='bbox 1094 444 1149 488; x_wconf 73' lang='grc' dir='ltr'><em>ἂν</em></span> <span class='ocrx_word' id='word_1_8' title='bbox 1180 451 1293 489; x_wconf 82' lang='grc' dir='ltr'><em>νοῦν</em></span> <span class='ocrx_word' id='word_1_9' title='bbox 1324 447 1437 503; x_wconf 80' lang='grc' dir='ltr'><em>ἔχῃς,</em></span> 
     </span>
     <span class='ocr_line' id='line_1_4' title="bbox 525 517 1598 575; baseline -0.005 -11"><span class='ocrx_word' id='word_1_10' title='bbox 525 527 686 564; x_wconf 84' lang='grc' dir='ltr'><em>τοῦτον</em></span> <span class='ocrx_word' id='word_1_11' title='bbox 716 518 967 562; x_wconf 85' lang='grc' dir='ltr'><em>καταλιπὼν</em></span> <span class='ocrx_word' id='word_1_12' title='bbox 998 518 1077 560; x_wconf 88' lang='grc' dir='ltr'><em>τὸν</em></span> <span class='ocrx_word' id='word_1_13' title='bbox 1108 519 1226 572; x_wconf 89' lang='grc' dir='ltr'><em>βίον·</em></span> <span class='ocrx_word' id='word_1_14' title='bbox 1259 517 1484 572; x_wconf 89' lang='grc' dir='ltr'><em>γεγάμηκα</em></span> <span class='ocrx_word' id='word_1_15' title='bbox 1513 518 1598 575; x_wconf 79' lang='grc' dir='ltr'><em>γὰρ</em></span> 
     </span>
     <span class='ocr_line' id='line_1_5' title="bbox 527 587 1571 645; baseline -0.004 -10"><span class='ocrx_word' id='word_1_16' title='bbox 527 592 676 642; x_wconf 87' lang='grc' dir='ltr'><em>αὐτός·</em></span> <span class='ocrx_word' id='word_1_17' title='bbox 709 591 783 633; x_wconf 82' lang='grc' dir='ltr'><em>διὰ</em></span> <span class='ocrx_word' id='word_1_18' title='bbox 813 595 944 632; x_wconf 85' lang='grc' dir='ltr'><em>τοῦτο</em></span> <span class='ocrx_word' id='word_1_19' title='bbox 977 587 1049 631; x_wconf 88' lang='grc' dir='ltr'><em>σοὶ</em></span> <span class='ocrx_word' id='word_1_20' title='bbox 1080 595 1280 645; x_wconf 79' lang='grc' dir='ltr'><strong><em>παραινῶ</em></strong></span> <span class='ocrx_word' id='word_1_21' title='bbox 1313 589 1371 644; x_wconf 83' lang='grc' dir='ltr'><em>μὴ</em></span> <span class='ocrx_word' id='word_1_22' title='bbox 1403 596 1571 645; x_wconf 81' lang='grc' dir='ltr'><em>γαμεῖν.</em></span> 
     </span>
     <span class='ocr_line' id='line_1_6' title="bbox 527 657 1666 717; baseline -0.003 -12"><span class='ocrx_word' id='word_1_23' title='bbox 527 666 575 705; x_wconf 91' lang='grc' dir='ltr'><em>Β.</em></span> <span class='ocrx_word' id='word_1_24' title='bbox 619 660 890 717; x_wconf 79' lang='grc' dir='ltr'><em>δεδογμένον</em></span> <span class='ocrx_word' id='word_1_25' title='bbox 920 660 969 702; x_wconf 90' lang='grc' dir='ltr'><em>τὸ</em></span> <span class='ocrx_word' id='word_1_26' title='bbox 1001 657 1186 715; x_wconf 81' lang='grc' dir='ltr'><em>πρᾶγμ’·</em></span> <span class='ocrx_word' id='word_1_27' title='bbox 1226 659 1488 716; x_wconf 76' lang='grc' dir='ltr'><em>ἀνερρίφθω</em></span> <span class='ocrx_word' id='word_1_28' title='bbox 1519 660 1666 715; x_wconf 83' lang='grc' dir='ltr'><em>κύβος.</em></span> 
     </span>
     <span class='ocr_line' id='line_1_7' title="bbox 484 728 1539 790; baseline -0.004 -13"><span class='ocrx_word' id='word_1_29' title='bbox 484 747 503 778; x_wconf 84' lang='grc'>5</span> <span class='ocrx_word' id='word_1_30' title='bbox 530 738 582 777; x_wconf 90' lang='lat' dir='ltr'><em>A.</em></span> <span class='ocrx_word' id='word_1_31' title='bbox 620 733 810 790; x_wconf 80' lang='grc' dir='ltr'><em>πέραινε.</em></span> <span class='ocrx_word' id='word_1_32' title='bbox 874 733 1066 787; x_wconf 78' lang='grc' dir='ltr'><em>σωθείης</em></span> <span class='ocrx_word' id='word_1_33' title='bbox 1097 728 1146 773; x_wconf 70' lang='grc' dir='ltr'><em>δὲ</em></span> <span class='ocrx_word' id='word_1_34' title='bbox 1177 737 1279 774; x_wconf 87' lang='grc' dir='ltr'><em>νῦν.</em></span> <span class='ocrx_word' id='word_1_35' title='bbox 1320 731 1539 786; x_wconf 83' lang='grc' dir='ltr'><em>ἀληθινὸν</em></span> 
     </span>
     <span class='ocr_line' id='line_1_8' title="bbox 530 802 1638 861; baseline -0.002 -13"><span class='ocrx_word' id='word_1_36' title='bbox 530 807 591 856; x_wconf 86' lang='grc' dir='ltr'><em>εἰς</em></span> <span class='ocrx_word' id='word_1_37' title='bbox 621 804 810 859; x_wconf 85' lang='grc' dir='ltr'><em>πέλαγος</em></span> <span class='ocrx_word' id='word_1_38' title='bbox 841 803 977 846; x_wconf 89' lang='grc' dir='ltr'><em>αὑτὸν</em></span> <span class='ocrx_word' id='word_1_39' title='bbox 1009 802 1210 859; x_wconf 76' lang='grc' dir='ltr'><em>ἐμβαλεῖς</em></span> <span class='ocrx_word' id='word_1_40' title='bbox 1241 803 1325 859; x_wconf 81' lang='grc' dir='ltr'><em>γὰρ</em></span> <span class='ocrx_word' id='word_1_41' title='bbox 1357 803 1638 861; x_wconf 75' lang='grc' dir='ltr'><em>πραγμάτων,</em></span> 
     </span>
     <span class='ocr_line' id='line_1_9' title="bbox 531 873 1549 931; baseline -0.004 -12"><span class='ocrx_word' id='word_1_42' title='bbox 531 877 585 919; x_wconf 89' lang='grc' dir='ltr'><em>οὐ</em></span> <span class='ocrx_word' id='word_1_43' title='bbox 617 877 831 931; x_wconf 87' lang='grc' dir='ltr'><em>Λιβυκόν,</em></span> <span class='ocrx_word' id='word_1_44' title='bbox 865 873 960 917; x_wconf 86' lang='grc' dir='ltr'><em>οὐδ’</em></span> <span class='ocrx_word' id='word_1_45' title='bbox 999 875 1191 928; x_wconf 83' lang='grc' dir='ltr'><em>Αἰγαῖον</em></span> <span class='ocrx_word' id='word_1_46' title='bbox 1251 905 1549 916; x_wconf 92' lang='grc'><strong>.....</strong></span> 
     </span>
     <span class='ocr_line' id='line_1_10' title="bbox 531 944 1477 1003; baseline -0.004 -13"><span class='ocrx_word' id='word_1_47' title='bbox 531 944 585 990; x_wconf 87' lang='grc' dir='ltr'><em>οὗ</em></span> <span class='ocrx_word' id='word_1_48' title='bbox 617 955 704 990; x_wconf 82' lang='grc' dir='ltr'><em>τῶν</em></span> <span class='ocrx_word' id='word_1_49' title='bbox 735 944 955 1003; x_wconf 78' lang='grc' dir='ltr'><em>τριάκοντ’</em></span> <span class='ocrx_word' id='word_1_50' title='bbox 993 945 1074 988; x_wconf 86' lang='grc' dir='ltr'><em>οὐκ</em></span> <span class='ocrx_word' id='word_1_51' title='bbox 1107 944 1348 988; x_wconf 87' lang='grc' dir='ltr'><em>ἀπόλλυται</em></span> <span class='ocrx_word' id='word_1_52' title='bbox 1378 947 1477 1001; x_wconf 91' lang='grc' dir='ltr'><em>τρία</em></span> 
     </span>
     <span class='ocr_line' id='line_1_11' title="bbox 531 1011 1618 1074; baseline -0.002 -14"><span class='ocrx_word' id='word_1_53' title='bbox 531 1019 754 1074; x_wconf 82' lang='grc' dir='ltr'><em>πλοιάρια·</em></span> <span class='ocrx_word' id='word_1_54' title='bbox 786 1019 927 1073; x_wconf 84' lang='grc' dir='ltr'><em>γήμας</em></span> <span class='ocrx_word' id='word_1_55' title='bbox 960 1015 999 1059; x_wconf 88' lang='grc' dir='ltr'><em>δ’</em></span> <span class='ocrx_word' id='word_1_56' title='bbox 1037 1014 1143 1059; x_wconf 73' lang='grc' dir='ltr'><em>οὐδὲ</em></span> <span class='ocrx_word' id='word_1_57' title='bbox 1174 1011 1237 1067; x_wconf 81' lang='grc' dir='ltr'><em>εἷς</em></span> <span class='ocrx_word' id='word_1_58' title='bbox 1268 1013 1460 1074; x_wconf 75' lang='grc' dir='ltr'><em>σέσωσθ’</em></span> <span class='ocrx_word' id='word_1_59' title='bbox 1497 1015 1618 1066; x_wconf 82' lang='grc' dir='ltr'><em>ὅλως.</em></span> 
     </span>
    </p>
   </div>
   <div class='ocr_carea' id='block_1_3' title="bbox 319 1110 1890 1583">
    <p class='ocr_par' dir='ltr' id='par_1_3' title="bbox 319 1110 1889 1467">
     <span class='ocr_line' id='line_1_12' title="bbox 439 1110 1888 1169; baseline -0.003 -13"><span class='ocrx_word' id='word_1_60' title='bbox 439 1118 672 1156; x_wconf 78' lang='lat' dir='ltr'><strong>Athenaeus</strong></span> <span class='ocrx_word' id='word_1_61' title='bbox 708 1117 773 1164; x_wconf 89' lang='lat'><em>13,</em></span> <span class='ocrx_word' id='word_1_62' title='bbox 806 1115 967 1154; x_wconf 85' lang='lat' dir='ltr'><strong>559de</strong></span> <span class='ocrx_word' id='word_1_63' title='bbox 1005 1112 1249 1165; x_wconf 85' lang='grc' dir='ltr'><em>Μένανδρος</em></span> <span class='ocrx_word' id='word_1_64' title='bbox 1279 1112 1322 1153; x_wconf 77' lang='grc' dir='ltr'><em>ἐν</em></span> <span class='ocrx_word' id='word_1_65' title='bbox 1349 1110 1582 1169; x_wconf 81' lang='grc' dir='ltr'><em>Ἀρρηφόρῳ</em></span> <span class='ocrx_word' id='word_1_66' title='bbox 1614 1110 1640 1164; x_wconf 73' lang='grc' dir='ltr'>ἢ</span> <span class='ocrx_word' id='word_1_67' title='bbox 1672 1111 1888 1164; x_wconf 78' lang='grc' dir='ltr'><em>Αὐλητρίδι</em></span> 
     </span>
     <span class='ocr_line' id='line_1_13' title="bbox 319 1170 1885 1225; baseline -0.003 -9"><span class='ocrx_word' id='word_1_68' title='bbox 319 1180 395 1216; x_wconf 88' lang='grc' dir='ltr'><em>κτλ.</em></span> <span class='ocrx_word' id='word_1_69' title='bbox 457 1174 507 1215; x_wconf 74' lang='grc' dir='ltr'><em>ἂν</em></span> <span class='ocrx_word' id='word_1_70' title='bbox 539 1174 691 1225; x_wconf 82' lang='lat' dir='ltr'><strong>Dindf.]</strong></span> <span class='ocrx_word' id='word_1_71' title='bbox 726 1173 806 1213; x_wconf 83' lang='grc' dir='ltr'><em>ἐὰν.</em></span> <span class='ocrx_word' id='word_1_72' title='bbox 869 1176 906 1213; x_wconf 89' lang='lat'><em>3.</em></span> <span class='ocrx_word' id='word_1_73' title='bbox 938 1172 1080 1221; x_wconf 80' lang='grc' dir='ltr'><em>καύτός</em></span> <span class='ocrx_word' id='word_1_74' title='bbox 1110 1174 1228 1213; x_wconf 88' lang='lat' dir='ltr'><strong>Mein.</strong></span> <span class='ocrx_word' id='word_1_75' title='bbox 1260 1178 1374 1213; x_wconf 81' lang='grc' dir='ltr'><em>τοῦτο</em></span> <span class='ocrx_word' id='word_1_76' title='bbox 1407 1172 1469 1213; x_wconf 88' lang='grc' dir='ltr'><em>σοὶ</em></span> <span class='ocrx_word' id='word_1_77' title='bbox 1504 1173 1639 1212; x_wconf 69' lang='lat' dir='ltr'><strong>Cobet.</strong></span> <span class='ocrx_word' id='word_1_78' title='bbox 1671 1173 1720 1212; x_wconf 83' lang='lat' dir='ltr'><em>N.</em></span> <span class='ocrx_word' id='word_1_79' title='bbox 1751 1173 1777 1211; x_wconf 96' lang='grc'><em>1.</em></span> <span class='ocrx_word' id='word_1_80' title='bbox 1813 1170 1885 1222; x_wconf 83' lang='lat'><em>76]</em></span> 
     </span>
     <span class='ocr_line' id='line_1_14' title="bbox 320 1230 1886 1286; baseline -0.004 -10"><span class='ocrx_word' id='word_1_81' title='bbox 320 1235 433 1276; x_wconf 82' lang='grc' dir='ltr'><em>τοῦτό</em></span> <span class='ocrx_word' id='word_1_82' title='bbox 466 1247 538 1275; x_wconf 91' lang='grc' dir='ltr'><em>σοι.</em></span> <span class='ocrx_word' id='word_1_83' title='bbox 601 1237 639 1274; x_wconf 86' lang='grc'><em>4.</em></span> <span class='ocrx_word' id='word_1_84' title='bbox 671 1233 878 1286; x_wconf 83' lang='grc' dir='ltr'><em>ἀνερίφθω</em></span> <span class='ocrx_word' id='word_1_85' title='bbox 906 1234 953 1272; x_wconf 93' lang='grc' dir='ltr'><em>Α.</em></span> <span class='ocrx_word' id='word_1_86' title='bbox 1017 1235 1054 1272; x_wconf 88' lang='lat'><em>5.</em></span> <span class='ocrx_word' id='word_1_87' title='bbox 1088 1233 1259 1284; x_wconf 87' lang='grc' dir='ltr'><em>σωθείης</em></span> <span class='ocrx_word' id='word_1_88' title='bbox 1291 1230 1350 1272; x_wconf 83' lang='grc' dir='ltr'><em>δέ·</em></span> <span class='ocrx_word' id='word_1_89' title='bbox 1383 1238 1460 1273; x_wconf 82' lang='grc' dir='ltr'><em>νῦν</em></span> <span class='ocrx_word' id='word_1_90' title='bbox 1490 1231 1549 1272; x_wconf 83' lang='grc' dir='ltr'><em>ἀλ.</em></span> <span class='ocrx_word' id='word_1_91' title='bbox 1581 1233 1733 1272; x_wconf 84' lang='lat' dir='ltr'><strong>Iacobs.</strong></span> <span class='ocrx_word' id='word_1_92' title='bbox 1764 1233 1807 1270; x_wconf 73' lang='lat' dir='ltr'><em>at</em></span> <span class='ocrx_word' id='word_1_93' title='bbox 1837 1231 1886 1270; x_wconf 85' lang='lat' dir='ltr'><em>ef.</em></span> 
     </span>
     <span class='ocr_line' id='line_1_15' title="bbox 322 1286 1884 1346; baseline -0.003 -11"><span class='ocrx_word' id='word_1_94' title='bbox 322 1297 455 1346; x_wconf 83' lang='lat' dir='ltr'><strong>adesp.</strong></span> <span class='ocrx_word' id='word_1_95' title='bbox 497 1296 621 1335; x_wconf 90' lang='lat'><strong>1225.</strong></span> <span class='ocrx_word' id='word_1_96' title='bbox 689 1296 724 1334; x_wconf 92' lang='lat'><em>6.</em></span> <span class='ocrx_word' id='word_1_97' title='bbox 765 1291 929 1332; x_wconf 87' lang='grc' dir='ltr'><em>σεαυτὸν</em></span> <span class='ocrx_word' id='word_1_98' title='bbox 969 1291 1168 1344; x_wconf 79' lang='grc' dir='ltr'><em>ἐμβάλλεις</em></span> <span class='ocrx_word' id='word_1_99' title='bbox 1205 1293 1253 1332; x_wconf 92' lang='lat' dir='ltr'><em>A.</em></span> <span class='ocrx_word' id='word_1_100' title='bbox 1317 1294 1355 1332; x_wconf 88' lang='grc'><em>8.</em></span> <span class='ocrx_word' id='word_1_101' title='bbox 1396 1286 1463 1342; x_wconf 80' lang='grc' dir='ltr'><em>οὗ]</em></span> <span class='ocrx_word' id='word_1_102' title='bbox 1510 1290 1558 1332; x_wconf 79' lang='grc' dir='ltr'><em>οὗ</em></span> <span class='ocrx_word' id='word_1_103' title='bbox 1595 1292 1642 1331; x_wconf 91' lang='grc' dir='ltr'><em>Α.</em></span> <span class='ocrx_word' id='word_1_104' title='bbox 1713 1293 1748 1330; x_wconf 82' lang='grc'><em>7.</em></span> <span class='ocrx_word' id='word_1_105' title='bbox 1796 1286 1884 1330; x_wconf 78' lang='grc' dir='ltr'><em>οὐδ’</em></span> 
     </span>
     <span class='ocr_line' id='line_1_16' title="bbox 323 1346 1889 1408; baseline -0.003 -14"><span class='ocrx_word' id='word_1_106' title='bbox 323 1354 544 1408; x_wconf 83' lang='grc' dir='ltr'><em>Αἰγύπτιον</em></span> <span class='ocrx_word' id='word_1_107' title='bbox 582 1354 670 1393; x_wconf 84' lang='lat' dir='ltr'><strong>add.</strong></span> <span class='ocrx_word' id='word_1_108' title='bbox 704 1353 814 1393; x_wconf 75' lang='lat' dir='ltr'><strong>Grot.</strong></span> <span class='ocrx_word' id='word_1_109' title='bbox 847 1350 941 1392; x_wconf 80' lang='grc' dir='ltr'><em>οὐδὲ</em></span> <span class='ocrx_word' id='word_1_110' title='bbox 978 1351 1185 1391; x_wconf 86' lang='grc' dir='ltr'><em>Σικελικόν</em></span> <span class='ocrx_word' id='word_1_111' title='bbox 1217 1351 1353 1392; x_wconf 71' lang='lat' dir='ltr'><strong>Cobet.</strong></span> <span class='ocrx_word' id='word_1_112' title='bbox 1384 1352 1434 1391; x_wconf 83' lang='lat' dir='ltr'><em>N.</em></span> <span class='ocrx_word' id='word_1_113' title='bbox 1465 1353 1490 1392; x_wconf 90' lang='lat'><em>1.</em></span> <span class='ocrx_word' id='word_1_114' title='bbox 1526 1354 1591 1391; x_wconf 84' lang='grc'><em>76.</em></span> <span class='ocrx_word' id='word_1_115' title='bbox 1625 1351 1764 1402; x_wconf 77' lang='lat' dir='ltr'><strong>quidni</strong></span> <span class='ocrx_word' id='word_1_116' title='bbox 1795 1346 1889 1390; x_wconf 78' lang='grc' dir='ltr'><em>οὐδὲ</em></span> 
     </span>
     <span class='ocr_line' id='line_1_17' title="bbox 323 1408 1066 1467; baseline -0.005 -13"><span class='ocrx_word' id='word_1_117' title='bbox 323 1413 522 1467; x_wconf 89' lang='grc' dir='ltr'><em>Κρητικόν</em></span> <span class='ocrx_word' id='word_1_118' title='bbox 557 1409 714 1467; x_wconf 76' lang='lat' dir='ltr'><strong>(Horat.</strong></span> <span class='ocrx_word' id='word_1_119' title='bbox 748 1412 789 1451; x_wconf 85' lang='lat' dir='ltr'><em>C.</em></span> <span class='ocrx_word' id='word_1_120' title='bbox 825 1415 860 1463; x_wconf 87' lang='lat'><em>1,</em></span> <span class='ocrx_word' id='word_1_121' title='bbox 894 1414 962 1460; x_wconf 90' lang='lat'><em>26,</em></span> <span class='ocrx_word' id='word_1_122' title='bbox 995 1408 1066 1466; x_wconf 81' lang='lat'><strong>2)‘.&gt;</strong></span> 
     </span>
    </p>

    <p class='ocr_par' dir='ltr' id='par_1_4' title="bbox 324 1469 1890 1583">
     <span class='ocr_line' id='line_1_18' title="bbox 443 1469 1890 1523; baseline -0.003 -11"><span class='ocrx_word' id='word_1_123' title='bbox 443 1476 481 1512; x_wconf 84' lang='lat'><em>4.</em></span> <span class='ocrx_word' id='word_1_124' title='bbox 514 1474 560 1512; x_wconf 84' lang='lat' dir='ltr'><strong>cf.</strong></span> <span class='ocrx_word' id='word_1_125' title='bbox 595 1473 799 1523; x_wconf 74' lang='lat' dir='ltr'><strong>Aristoph.</strong></span> <span class='ocrx_word' id='word_1_126' title='bbox 831 1473 879 1510; x_wconf 83' lang='lat' dir='ltr'><em>fr.</em></span> <span class='ocrx_word' id='word_1_127' title='bbox 908 1473 960 1511; x_wconf 85' lang='grc'><em>67</em></span> <span class='ocrx_word' id='word_1_128' title='bbox 967 1473 1004 1511; x_wconf 88' lang='lat'><em>3.</em></span> <span class='ocrx_word' id='word_1_129' title='bbox 1046 1472 1199 1510; x_wconf 78' lang='lat' dir='ltr'><strong>frustra</strong></span> <span class='ocrx_word' id='word_1_130' title='bbox 1229 1471 1433 1511; x_wconf 85' lang='lat' dir='ltr'><strong>Herwerd.</strong></span> <span class='ocrx_word' id='word_1_131' title='bbox 1453 1471 1568 1510; x_wconf 83' lang='lat' dir='ltr'><strong>Anal.</strong></span> <span class='ocrx_word' id='word_1_132' title='bbox 1590 1470 1676 1509; x_wconf 68' lang='lat' dir='ltr'><strong>crit.</strong></span> <span class='ocrx_word' id='word_1_133' title='bbox 1704 1471 1757 1509; x_wconf 87' lang='grc'><em>41</em></span> <span class='ocrx_word' id='word_1_134' title='bbox 1793 1469 1890 1508; x_wconf 74' lang='lat' dir='ltr'><strong>arti-</strong></span> 
     </span>
     <span class='ocr_line' id='line_1_19' title="bbox 324 1530 1778 1583; baseline -0.003 -10"><span class='ocrx_word' id='word_1_135' title='bbox 324 1534 460 1573; x_wconf 85' lang='lat' dir='ltr'><strong>culum</strong></span> <span class='ocrx_word' id='word_1_136' title='bbox 491 1533 701 1572; x_wconf 71' lang='lat' dir='ltr'><strong>desiderat.</strong></span> <span class='ocrx_word' id='word_1_137' title='bbox 766 1534 803 1571; x_wconf 86' lang='lat'><em>6.</em></span> <span class='ocrx_word' id='word_1_138' title='bbox 836 1533 882 1571; x_wconf 92' lang='lat' dir='ltr'><em>de</em></span> <span class='ocrx_word' id='word_1_139' title='bbox 914 1532 1139 1581; x_wconf 77' lang='lat' dir='ltr'>postposita</span> <span class='ocrx_word' id='word_1_140' title='bbox 1169 1530 1243 1583; x_wconf 88' lang='grc' dir='ltr'><em>γάρ</em></span> <span class='ocrx_word' id='word_1_141' title='bbox 1276 1531 1324 1570; x_wconf 82' lang='lat' dir='ltr'><em>of.</em></span> <span class='ocrx_word' id='word_1_142' title='bbox 1356 1530 1575 1581; x_wconf 72' lang='lat' dir='ltr'><strong>Antiphan.</strong></span> <span class='ocrx_word' id='word_1_143' title='bbox 1609 1531 1678 1582; x_wconf 88' lang='lat'><em>26,</em></span> <span class='ocrx_word' id='word_1_144' title='bbox 1712 1531 1778 1569; x_wconf 93' lang='grc'><em>22.</em></span> 
     </span>
    </p>
   </div>
   <div class='ocr_carea' id='block_1_4' title="bbox 1081 1659 1136 1700">
    <p class='ocr_par' dir='ltr' id='par_1_5' title="bbox 1081 1659 1136 1700">
     <span class='ocr_line' id='line_1_20' title="bbox 1081 1659 1136 1700; baseline 0 0"><span class='ocrx_word' id='word_1_145' title='bbox 1081 1659 1136 1700; x_wconf 93' lang='grc'><em>66</em></span> 
     </span>
    </p>
   </div>
   <div class='ocr_carea' id='block_1_5' title="bbox 494 1751 1638 2166">
    <p class='ocr_par' dir='ltr' id='par_1_6' title="bbox 538 1751 1436 1810">
     <span class='ocr_line' id='line_1_21' title="bbox 538 1751 1436 1810; baseline -0.002 -14"><span class='ocrx_word' id='word_1_146' title='bbox 538 1754 615 1797; x_wconf 76' lang='grc' dir='ltr'><em>ἐὰν</em></span> <span class='ocrx_word' id='word_1_147' title='bbox 647 1751 695 1796; x_wconf 74' lang='grc' dir='ltr'><em>δὲ</em></span> <span class='ocrx_word' id='word_1_148' title='bbox 726 1754 885 1810; x_wconf 78' lang='grc' dir='ltr'><em>κινήσῃ</em></span> <span class='ocrx_word' id='word_1_149' title='bbox 916 1755 1057 1808; x_wconf 90' lang='grc' dir='ltr'><em>μόνον</em></span> <span class='ocrx_word' id='word_1_150' title='bbox 1086 1753 1168 1807; x_wconf 84' lang='grc' dir='ltr'><em>τὴν</em></span> <span class='ocrx_word' id='word_1_151' title='bbox 1198 1755 1436 1808; x_wconf 89' lang='grc' dir='ltr'><em>Μυρτίλην</em></span> 
     </span>
    </p>

    <p class='ocr_par' dir='ltr' id='par_1_7' title="bbox 537 1823 1518 1881">
     <span class='ocr_line' id='line_1_22' title="bbox 537 1823 1518 1881; baseline -0.003 -13"><span class='ocrx_word' id='word_1_152' title='bbox 537 1826 703 1880; x_wconf 89' lang='grc' dir='ltr'><em>ταύτην</em></span> <span class='ocrx_word' id='word_1_153' title='bbox 733 1840 798 1875; x_wconf 91' lang='grc' dir='ltr'><em>τις</em></span> <span class='ocrx_word' id='word_1_154' title='bbox 829 1824 856 1880; x_wconf 79' lang='grc' dir='ltr'><em>ἢ</em></span> <span class='ocrx_word' id='word_1_155' title='bbox 887 1827 1046 1880; x_wconf 87' lang='grc' dir='ltr'><em>τίτθην</em></span> <span class='ocrx_word' id='word_1_156' title='bbox 1076 1828 1202 1881; x_wconf 74' lang='grc' dir='ltr'><em>καλῇ,</em></span> <span class='ocrx_word' id='word_1_157' title='bbox 1233 1823 1368 1879; x_wconf 86' lang='grc' dir='ltr'><em>πέρας</em></span> <span class='ocrx_word' id='word_1_158' title='bbox 1397 1831 1518 1866; x_wconf 88' lang='grc' dir='ltr'><em>ποιεῖ</em></span> 
     </span>
    </p>

    <p class='ocr_par' dir='ltr' id='par_1_8' title="bbox 539 1896 1507 1951">
     <span class='ocr_line' id='line_1_23' title="bbox 539 1896 1507 1951; baseline -0.003 -11"><span class='ocrx_word' id='word_1_159' title='bbox 539 1900 709 1947; x_wconf 82' lang='grc' dir='ltr'><em>λαλιᾶς·</em></span> <span class='ocrx_word' id='word_1_160' title='bbox 740 1897 790 1939; x_wconf 89' lang='grc' dir='ltr'><em>τὸ</em></span> <span class='ocrx_word' id='word_1_161' title='bbox 821 1897 1098 1939; x_wconf 88' lang='grc' dir='ltr'><em>Δωδωναῖον</em></span> <span class='ocrx_word' id='word_1_162' title='bbox 1130 1897 1185 1939; x_wconf 78' lang='grc' dir='ltr'><em>ἄν</em></span> <span class='ocrx_word' id='word_1_163' title='bbox 1215 1910 1281 1946; x_wconf 89' lang='grc' dir='ltr'><em>τις</em></span> <span class='ocrx_word' id='word_1_164' title='bbox 1311 1896 1507 1951; x_wconf 89' lang='grc' dir='ltr'><em>χαλκίον,</em></span> 
     </span>
    </p>

    <p class='ocr_par' dir='ltr' id='par_1_9' title="bbox 494 1965 1599 2095">
     <span class='ocr_line' id='line_1_24' title="bbox 541 1965 1599 2024; baseline -0.002 -13"><span class='ocrx_word' id='word_1_165' title='bbox 541 1967 564 2011; x_wconf 89' lang='grc' dir='ltr'><strong><em>ὃ</em></strong></span> <span class='ocrx_word' id='word_1_166' title='bbox 597 1966 804 2023; x_wconf 85' lang='grc' dir='ltr'><em>λέγουσιν</em></span> <span class='ocrx_word' id='word_1_167' title='bbox 834 1968 972 2023; x_wconf 83' lang='grc' dir='ltr'><em>ἠχεῖν,</em></span> <span class='ocrx_word' id='word_1_168' title='bbox 1004 1967 1060 2023; x_wconf 75' lang='grc' dir='ltr'><em>ἣν</em></span> <span class='ocrx_word' id='word_1_169' title='bbox 1091 1965 1331 2023; x_wconf 37' lang='grc' dir='ltr'><em>παράψηθῑῖ</em></span> <span class='ocrx_word' id='word_1_170' title='bbox 1357 1966 1380 2010; x_wconf 90' lang='grc' dir='ltr'>ὁ</span> <span class='ocrx_word' id='word_1_171' title='bbox 1412 1967 1599 2024; x_wconf 85' lang='grc' dir='ltr'><em>παριών,</em></span> 
     </span>
     <span class='ocr_line' id='line_1_25' title="bbox 494 2037 1543 2095; baseline -0.003 -12"><span class='ocrx_word' id='word_1_172' title='bbox 494 2051 514 2083; x_wconf 84' lang='grc'>5</span> <span class='ocrx_word' id='word_1_173' title='bbox 540 2039 621 2094; x_wconf 85' lang='grc' dir='ltr'><em>τὴν</em></span> <span class='ocrx_word' id='word_1_174' title='bbox 652 2037 820 2095; x_wconf 84' lang='grc' dir='ltr'><em>ἡμέραν</em></span> <span class='ocrx_word' id='word_1_175' title='bbox 852 2039 980 2094; x_wconf 83' lang='grc' dir='ltr'><em>ὅλην,</em></span> <span class='ocrx_word' id='word_1_176' title='bbox 1012 2038 1289 2082; x_wconf 74' lang='grc' dir='ltr'><em>καταπαῦσαι</em></span> <span class='ocrx_word' id='word_1_177' title='bbox 1319 2042 1486 2081; x_wconf 81' lang='grc' dir='ltr'><em>θᾶττον</em></span> <span class='ocrx_word' id='word_1_178' title='bbox 1517 2037 1543 2092; x_wconf 75' lang='grc' dir='ltr'><em>ἢ</em></span> 
     </span>
    </p>

    <p class='ocr_par' dir='ltr' id='par_1_10' title="bbox 540 2109 1638 2166">
     <span class='ocr_line' id='line_1_26' title="bbox 540 2109 1638 2166; baseline -0.001 -14"><span class='ocrx_word' id='word_1_179' title='bbox 540 2111 705 2165; x_wconf 87' lang='grc' dir='ltr'><em>ταύτην</em></span> <span class='ocrx_word' id='word_1_180' title='bbox 738 2114 980 2153; x_wconf 88' lang='grc' dir='ltr'><em>λαλοῦσαν·</em></span> <span class='ocrx_word' id='word_1_181' title='bbox 1011 2111 1149 2153; x_wconf 88' lang='grc' dir='ltr'><em>νύκτα</em></span> <span class='ocrx_word' id='word_1_182' title='bbox 1180 2110 1264 2166; x_wconf 82' lang='grc' dir='ltr'><em>γὰρ</em></span> <span class='ocrx_word' id='word_1_183' title='bbox 1295 2109 1638 2166; x_wconf 89' lang='grc' dir='ltr'><em>προσλαμβάνει.</em></span> 
     </span>
    </p>
   </div>
   <div class='ocr_carea' id='block_1_6' title="bbox 330 2201 1898 2852">
    <p class='ocr_par' dir='ltr' id='par_1_11' title="bbox 330 2201 1896 2544">
     <span class='ocr_line' id='line_1_27' title="bbox 448 2201 1895 2260; baseline -0.001 -13"><span class='ocrx_word' id='word_1_184' title='bbox 448 2208 676 2259; x_wconf 73' lang='lat' dir='ltr'>Stephanus</span> <span class='ocrx_word' id='word_1_185' title='bbox 696 2209 790 2258; x_wconf 84' lang='lat' dir='ltr'><strong>Byz.</strong></span> <span class='ocrx_word' id='word_1_186' title='bbox 817 2207 1009 2258; x_wconf 86' lang='grc' dir='ltr'><em>Δωδώνη.</em></span> <span class='ocrx_word' id='word_1_187' title='bbox 1059 2205 1249 2258; x_wconf 83' lang='grc' dir='ltr'><em>μέμνηται</em></span> <span class='ocrx_word' id='word_1_188' title='bbox 1274 2205 1396 2258; x_wconf 75' lang='grc' dir='ltr'><em>αὐτῆς</em></span> <span class='ocrx_word' id='word_1_189' title='bbox 1417 2201 1504 2260; x_wconf 78' lang='grc' dir='ltr'><em>(τῆς</em></span> <span class='ocrx_word' id='word_1_190' title='bbox 1529 2201 1760 2259; x_wconf 84' lang='grc' dir='ltr'><em>παροιμίας)</em></span> <span class='ocrx_word' id='word_1_191' title='bbox 1779 2204 1895 2245; x_wconf 84' lang='grc' dir='ltr'><em>Μέν-</em></span> 
     </span>
     <span class='ocr_line' id='line_1_28' title="bbox 331 2264 1894 2322; baseline -0.001 -15"><span class='ocrx_word' id='word_1_192' title='bbox 331 2268 476 2319; x_wconf 85' lang='grc' dir='ltr'><em>ανδρος</em></span> <span class='ocrx_word' id='word_1_193' title='bbox 520 2267 562 2306; x_wconf 83' lang='grc' dir='ltr'><em>ἐν</em></span> <span class='ocrx_word' id='word_1_194' title='bbox 601 2264 832 2322; x_wconf 81' lang='grc' dir='ltr'><em>Ἀρρηφόρῳ</em></span> <span class='ocrx_word' id='word_1_195' title='bbox 877 2270 954 2306; x_wconf 88' lang='grc' dir='ltr'><em>κτλ.</em></span> <span class='ocrx_word' id='word_1_196' title='bbox 1016 2268 1159 2306; x_wconf 90' lang='lat' dir='ltr'><strong>Zenob.</strong></span> <span class='ocrx_word' id='word_1_197' title='bbox 1194 2269 1237 2317; x_wconf 89' lang='lat'><em>6,</em></span> <span class='ocrx_word' id='word_1_198' title='bbox 1276 2268 1300 2306; x_wconf 89' lang='lat'>5</span> <span class='ocrx_word' id='word_1_199' title='bbox 1340 2265 1383 2305; x_wconf 88' lang='grc' dir='ltr'><em>τὸ</em></span> <span class='ocrx_word' id='word_1_200' title='bbox 1415 2266 1661 2306; x_wconf 84' lang='grc' dir='ltr'><em>Δωδωναῖον</em></span> <span class='ocrx_word' id='word_1_201' title='bbox 1699 2268 1894 2318; x_wconf 85' lang='grc' dir='ltr'><em>χαλκεῖον·</em></span> 
     </span>
     <span class='ocr_line' id='line_1_29' title="bbox 330 2323 1893 2382; baseline -0.001 -17"><span class='ocrx_word' id='word_1_202' title='bbox 330 2326 437 2378; x_wconf 84' lang='grc' dir='ltr'><em>παρὰ</em></span> <span class='ocrx_word' id='word_1_203' title='bbox 466 2326 694 2382; x_wconf 79' lang='grc' dir='ltr'><em>Μενάνδρῳ</em></span> <span class='ocrx_word' id='word_1_204' title='bbox 727 2325 769 2365; x_wconf 82' lang='grc' dir='ltr'><em>ἐν</em></span> <span class='ocrx_word' id='word_1_205' title='bbox 800 2331 844 2381; x_wconf 78' lang='grc' dir='ltr'><em>τῇ</em></span> <span class='ocrx_word' id='word_1_206' title='bbox 873 2323 1116 2381; x_wconf 83' lang='grc' dir='ltr'><em>Ἀρρηφόρῳ.</em></span> <span class='ocrx_word' id='word_1_207' title='bbox 1178 2326 1287 2365; x_wconf 81' lang='lat' dir='ltr'><strong>Suid.</strong></span> <span class='ocrx_word' id='word_1_208' title='bbox 1314 2325 1560 2365; x_wconf 87' lang='grc' dir='ltr'><em>Δωδωναῖον</em></span> <span class='ocrx_word' id='word_1_209' title='bbox 1591 2328 1771 2377; x_wconf 85' lang='grc' dir='ltr'><em>χαλκεῖον</em></span> <span class='ocrx_word' id='word_1_210' title='bbox 1802 2355 1811 2364; x_wconf 92' lang='grc'><em>.</em></span> <span class='ocrx_word' id='word_1_211' title='bbox 1844 2357 1852 2364; x_wconf 94' lang='grc'><em>.</em></span> <span class='ocrx_word' id='word_1_212' title='bbox 1885 2355 1893 2364; x_wconf 95' lang='grc'><em>.</em></span> 
     </span>
     <span class='ocr_line' id='line_1_30' title="bbox 330 2380 1895 2440; baseline -0.001 -15"><span class='ocrx_word' id='word_1_213' title='bbox 330 2384 508 2438; x_wconf 83' lang='grc' dir='ltr'><em>κέχρηται</em></span> <span class='ocrx_word' id='word_1_214' title='bbox 546 2391 589 2440; x_wconf 77' lang='grc' dir='ltr'><em>τῇ</em></span> <span class='ocrx_word' id='word_1_215' title='bbox 628 2386 817 2440; x_wconf 71' lang='grc' dir='ltr'><em>παροιμίᾳ</em></span> <span class='ocrx_word' id='word_1_216' title='bbox 855 2384 1095 2438; x_wconf 74' lang='grc' dir='ltr'><em>Μένανδρος</em></span> <span class='ocrx_word' id='word_1_217' title='bbox 1131 2383 1348 2437; x_wconf 73' lang='grc' dir='ltr'><em>Αὐλητρίδι</em></span> <span class='ocrx_word' id='word_1_218' title='bbox 1380 2380 1601 2439; x_wconf 74' lang='grc' dir='ltr'><em>(αὐλητρίσι</em></span> <span class='ocrx_word' id='word_1_219' title='bbox 1637 2381 1736 2437; x_wconf 83' lang='lat' dir='ltr'><strong>VO).</strong></span> <span class='ocrx_word' id='word_1_220' title='bbox 1799 2387 1836 2424; x_wconf 86' lang='lat'><em>2.</em></span> <span class='ocrx_word' id='word_1_221' title='bbox 1867 2382 1895 2437; x_wconf 73' lang='grc' dir='ltr'><strong>ἢ</strong></span> 
     </span>
     <span class='ocr_line' id='line_1_31' title="bbox 331 2442 1896 2500; baseline -0.001 -16"><span class='ocrx_word' id='word_1_222' title='bbox 331 2444 479 2496; x_wconf 71' lang='lat' dir='ltr'><strong>Bentl]</strong></span> <span class='ocrx_word' id='word_1_223' title='bbox 512 2442 564 2496; x_wconf 75' lang='grc' dir='ltr'><em>ἣν</em></span> <span class='ocrx_word' id='word_1_224' title='bbox 598 2446 635 2484; x_wconf 83' lang='lat' dir='ltr'><em>S.</em></span> <span class='ocrx_word' id='word_1_225' title='bbox 666 2443 693 2497; x_wconf 74' lang='grc' dir='ltr'>ἢ</span> <span class='ocrx_word' id='word_1_226' title='bbox 724 2446 950 2500; x_wconf 80' lang='grc' dir='ltr'><em>τιτθιολαβῇ</em></span> <span class='ocrx_word' id='word_1_227' title='bbox 981 2446 1116 2484; x_wconf 86' lang='lat' dir='ltr'><strong>Naber</strong></span> <span class='ocrx_word' id='word_1_228' title='bbox 1146 2445 1292 2484; x_wconf 88' lang='lat' dir='ltr'><strong>Mnem.</strong></span> <span class='ocrx_word' id='word_1_229' title='bbox 1322 2458 1401 2484; x_wconf 87' lang='lat' dir='ltr'><em>nov</em></span> <span class='ocrx_word' id='word_1_230' title='bbox 1443 2444 1522 2483; x_wconf 92' lang='lat' dir='ltr'><em>VII</em></span> <span class='ocrx_word' id='word_1_231' title='bbox 1554 2446 1651 2484; x_wconf 89' lang='lat'><strong>413.</strong></span> <span class='ocrx_word' id='word_1_232' title='bbox 1684 2446 1727 2483; x_wconf 73' lang='lat' dir='ltr'><em>at</em></span> <span class='ocrx_word' id='word_1_233' title='bbox 1753 2444 1896 2484; x_wconf 83' lang='lat' dir='ltr'><strong>Graeci</strong></span> 
     </span>
     <span class='ocr_line' id='line_1_32' title="bbox 332 2504 1538 2544; baseline -0.001 -1"><span class='ocrx_word' id='word_1_234' title='bbox 332 2505 471 2544; x_wconf 72' lang='lat' dir='ltr'><strong>dicunt</strong></span> <span class='ocrx_word' id='word_1_235' title='bbox 501 2507 646 2544; x_wconf 87' lang='grc' dir='ltr'><em>τιτθολ.</em></span> <span class='ocrx_word' id='word_1_236' title='bbox 710 2507 746 2544; x_wconf 90' lang='grc'><em>3.</em></span> <span class='ocrx_word' id='word_1_237' title='bbox 779 2505 1019 2543; x_wconf 87' lang='grc' dir='ltr'><em>Δωδωνεῖον</em></span> <span class='ocrx_word' id='word_1_238' title='bbox 1051 2504 1089 2543; x_wconf 84' lang='lat' dir='ltr'><em>S.</em></span> <span class='ocrx_word' id='word_1_239' title='bbox 1152 2506 1189 2543; x_wconf 88' lang='lat'><em>5.</em></span> <span class='ocrx_word' id='word_1_240' title='bbox 1221 2508 1470 2543; x_wconf 80' lang='grc' dir='ltr'><em>καταπαῦσαι</em></span> <span class='ocrx_word' id='word_1_241' title='bbox 1501 2504 1538 2543; x_wconf 86' lang='lat' dir='ltr'><em>S.</em></span> 
     </span>
    </p>

    <p class='ocr_par' dir='ltr' id='par_1_12' title="bbox 333 2559 1898 2852">
     <span class='ocr_line' id='line_1_33' title="bbox 453 2559 1896 2614; baseline 0 -12"><span class='ocrx_word' id='word_1_242' title='bbox 453 2566 490 2602; x_wconf 79' lang='lat'><em>2.</em></span> <span class='ocrx_word' id='word_1_243' title='bbox 521 2562 642 2614; x_wconf 82' lang='grc' dir='ltr'><em>πέρας</em></span> <span class='ocrx_word' id='word_1_244' title='bbox 668 2563 717 2603; x_wconf 76' lang='grc' dir='ltr'><em>οὐ</em></span> <span class='ocrx_word' id='word_1_245' title='bbox 736 2567 846 2603; x_wconf 83' lang='grc' dir='ltr'><em>ποιεῖ</em></span> <span class='ocrx_word' id='word_1_246' title='bbox 860 2564 990 2603; x_wconf 77' lang='lat' dir='ltr'><strong>Bentl.</strong></span> <span class='ocrx_word' id='word_1_247' title='bbox 1024 2560 1250 2612; x_wconf 66' lang='lat' dir='ltr'><em>‘wamquam</em></span> <span class='ocrx_word' id='word_1_248' title='bbox 1269 2565 1446 2612; x_wconf 72' lang='lat' dir='ltr'><em>loquendi</em></span> <span class='ocrx_word' id='word_1_249' title='bbox 1463 2565 1580 2611; x_wconf 70' lang='lat' dir='ltr'><em>finem</em></span> <span class='ocrx_word' id='word_1_250' title='bbox 1603 2559 1725 2612; x_wconf 78' lang='lat' dir='ltr'><strong>facit&#39;.</strong></span> <span class='ocrx_word' id='word_1_251' title='bbox 1758 2565 1896 2602; x_wconf 78' lang='lat' dir='ltr'><strong>contra</strong></span> 
     </span>
     <span class='ocr_line' id='line_1_34' title="bbox 333 2619 1895 2675; baseline 0 -14"><span class='ocrx_word' id='word_1_252' title='bbox 333 2623 431 2662; x_wconf 77' lang='lat' dir='ltr'><strong>dicit</strong></span> <span class='ocrx_word' id='word_1_253' title='bbox 462 2622 598 2662; x_wconf 73' lang='lat' dir='ltr'><strong>Cobet.</strong></span> <span class='ocrx_word' id='word_1_254' title='bbox 629 2624 678 2662; x_wconf 90' lang='lat' dir='ltr'><strong>N.</strong></span> <span class='ocrx_word' id='word_1_255' title='bbox 710 2624 735 2661; x_wconf 91' lang='grc'><em>1.</em></span> <span class='ocrx_word' id='word_1_256' title='bbox 771 2626 821 2663; x_wconf 83' lang='grc'><em>71</em></span> <span class='ocrx_word' id='word_1_257' title='bbox 855 2619 999 2675; x_wconf 65' lang='grc' dir='ltr'><em>“πέρας</em></span> <span class='ocrx_word' id='word_1_258' title='bbox 1035 2625 1097 2662; x_wconf 72' lang='lat' dir='ltr'><em>est</em></span> <span class='ocrx_word' id='word_1_259' title='bbox 1134 2620 1177 2661; x_wconf 89' lang='grc' dir='ltr'><em>τὸ</em></span> <span class='ocrx_word' id='word_1_260' title='bbox 1215 2620 1380 2662; x_wconf 73' lang='grc' dir='ltr'><em>ἑκάστου</em></span> <span class='ocrx_word' id='word_1_261' title='bbox 1417 2621 1597 2674; x_wconf 73' lang='grc' dir='ltr'><em>ἔσχατον,</em></span> <span class='ocrx_word' id='word_1_262' title='bbox 1634 2622 1676 2661; x_wconf 85' lang='lat' dir='ltr'><em>id</em></span> <span class='ocrx_word' id='word_1_263' title='bbox 1715 2623 1823 2673; x_wconf 88' lang='lat' dir='ltr'><strong>quod</strong></span> <span class='ocrx_word' id='word_1_264' title='bbox 1853 2623 1895 2661; x_wconf 88' lang='lat' dir='ltr'><em>in</em></span> 
     </span>
     <span class='ocr_line' id='line_1_35' title="bbox 334 2682 1894 2733; baseline -0.001 -12"><span class='ocrx_word' id='word_1_265' title='bbox 334 2695 491 2733; x_wconf 86' lang='lat' dir='ltr'><strong>quaque</strong></span> <span class='ocrx_word' id='word_1_266' title='bbox 522 2696 564 2721; x_wconf 88' lang='lat' dir='ltr'><em>re</em></span> <span class='ocrx_word' id='word_1_267' title='bbox 597 2686 804 2722; x_wconf 75' lang='lat' dir='ltr'><em>extremum</em></span> <span class='ocrx_word' id='word_1_268' title='bbox 836 2684 897 2721; x_wconf 77' lang='lat' dir='ltr'><em>est</em></span> <span class='ocrx_word' id='word_1_269' title='bbox 921 2696 999 2732; x_wconf 90' lang='lat' dir='ltr'><em>quo</em></span> <span class='ocrx_word' id='word_1_270' title='bbox 1027 2682 1227 2732; x_wconf 77' lang='lat' dir='ltr'><strong>perveniri</strong></span> <span class='ocrx_word' id='word_1_271' title='bbox 1257 2683 1391 2731; x_wconf 73' lang='lat' dir='ltr'><strong>potest</strong></span> <span class='ocrx_word' id='word_1_272' title='bbox 1422 2685 1462 2720; x_wconf 78' lang='lat' dir='ltr'><em>et</em></span> <span class='ocrx_word' id='word_1_273' title='bbox 1493 2695 1569 2732; x_wconf 88' lang='lat' dir='ltr'><em>quo</em></span> <span class='ocrx_word' id='word_1_274' title='bbox 1602 2695 1682 2721; x_wconf 88' lang='lat' dir='ltr'><em>non</em></span> <span class='ocrx_word' id='word_1_275' title='bbox 1713 2683 1774 2721; x_wconf 74' lang='lat' dir='ltr'><em>est</em></span> <span class='ocrx_word' id='word_1_276' title='bbox 1803 2695 1894 2732; x_wconf 86' lang='lat' dir='ltr'>pro-</span> 
     </span>
     <span class='ocr_line' id='line_1_36' title="bbox 333 2740 1894 2793; baseline 0.001 -14"><span class='ocrx_word' id='word_1_277' title='bbox 333 2742 447 2792; x_wconf 84' lang='lat' dir='ltr'><strong>gredi</strong></span> <span class='ocrx_word' id='word_1_278' title='bbox 487 2742 668 2781; x_wconf 73' lang='lat' dir='ltr'><strong>ulterius.</strong></span> <span class='ocrx_word' id='word_1_279' title='bbox 730 2743 779 2780; x_wconf 86' lang='lat' dir='ltr'><em>cf.</em></span> <span class='ocrx_word' id='word_1_280' title='bbox 816 2741 1030 2793; x_wconf 88' lang='lat' dir='ltr'><strong>Hegesipp.</strong></span> <span class='ocrx_word' id='word_1_281' title='bbox 1068 2744 1108 2791; x_wconf 93' lang='lat' dir='ltr'><em>l,</em></span> <span class='ocrx_word' id='word_1_282' title='bbox 1145 2742 1183 2779; x_wconf 84' lang='lat'><em>4.</em></span> <span class='ocrx_word' id='word_1_283' title='bbox 1245 2740 1445 2791; x_wconf 81' lang='lat' dir='ltr'><strong>Posidipp.</strong></span> <span class='ocrx_word' id='word_1_284' title='bbox 1487 2743 1560 2790; x_wconf 87' lang='grc'><em>26,</em></span> <span class='ocrx_word' id='word_1_285' title='bbox 1603 2743 1668 2780; x_wconf 85' lang='grc'><em>17.</em></span> <span class='ocrx_word' id='word_1_286' title='bbox 1729 2741 1894 2780; x_wconf 79' lang='lat' dir='ltr'><strong>Damox.</strong></span> 
     </span>
     <span class='ocr_line' id='line_1_37' title="bbox 335 2795 1898 2852; baseline 0 -13"><span class='ocrx_word' id='word_1_287' title='bbox 335 2802 379 2850; x_wconf 84' lang='lat'><em>3,</em></span> <span class='ocrx_word' id='word_1_288' title='bbox 413 2795 467 2839; x_wconf 63' lang='lat'><em>9?</em></span> <span class='ocrx_word' id='word_1_289' title='bbox 527 2813 606 2839; x_wconf 87' lang='lat' dir='ltr'><em>non</em></span> <span class='ocrx_word' id='word_1_290' title='bbox 648 2801 796 2852; x_wconf 87' lang='lat' dir='ltr'><strong>ubique</strong></span> <span class='ocrx_word' id='word_1_291' title='bbox 839 2803 974 2840; x_wconf 74' lang='lat' dir='ltr'><strong>tamen</strong></span> <span class='ocrx_word' id='word_1_292' title='bbox 1016 2813 1104 2839; x_wconf 82' lang='lat' dir='ltr'><em>eam</em></span> <span class='ocrx_word' id='word_1_293' title='bbox 1147 2811 1231 2838; x_wconf 85' lang='lat' dir='ltr'><strong>esse</strong></span> <span class='ocrx_word' id='word_1_294' title='bbox 1276 2799 1382 2839; x_wconf 83' lang='lat' dir='ltr'><strong>vocis</strong></span> <span class='ocrx_word' id='word_1_295' title='bbox 1419 2800 1750 2850; x_wconf 77' lang='lat' dir='ltr'><strong>significationem</strong></span> <span class='ocrx_word' id='word_1_296' title='bbox 1781 2800 1898 2839; x_wconf 74' lang='lat' dir='ltr'><strong>docet</strong></span> 
     </span>
    </p>
   </div>
   <div class='ocr_carea' id='block_1_7' title="bbox 333 2857 1895 2958">
    <p class='ocr_par' dir='ltr' id='par_1_13' title="bbox 333 2857 1895 2958">
     <span class='ocr_line' id='line_1_38' title="bbox 333 2857 1895 2957; baseline 0 -59"><span class='ocrx_word' id='word_1_297' title='bbox 333 2860 394 2957; x_wconf 45' lang='lat'><em>{11}</em></span> <span class='ocrx_word' id='word_1_298' title='bbox 415 2860 512 2898; x_wconf 86' lang='lat'><strong>418.</strong></span> <span class='ocrx_word' id='word_1_299' title='bbox 549 2882 598 2888; x_wconf 95' lang='lat'><strong>—</strong></span> <span class='ocrx_word' id='word_1_300' title='bbox 634 2863 671 2900; x_wconf 85' lang='lat'><em>5.</em></span> <span class='ocrx_word' id='word_1_301' title='bbox 704 2862 751 2899; x_wconf 91' lang='lat' dir='ltr'><em>de</em></span> <span class='ocrx_word' id='word_1_302' title='bbox 776 2861 905 2899; x_wconf 84' lang='lat' dir='ltr'><strong>forma</strong></span> <span class='ocrx_word' id='word_1_303' title='bbox 936 2861 1059 2909; x_wconf 63' lang='lat' dir='ltr'><strong>opssat.</strong></span> <span class='ocrx_word' id='word_1_304' title='bbox 1091 2857 1338 2898; x_wconf 80' lang='grc' dir='ltr'><em>καταπαύσαι</em></span> <span class='ocrx_word' id='word_1_305' title='bbox 1369 2859 1417 2898; x_wconf 85' lang='lat' dir='ltr'><em>ef.</em></span> <span class='ocrx_word' id='word_1_306' title='bbox 1436 2859 1649 2911; x_wconf 81' lang='lat' dir='ltr'><strong>Bamberg.</strong></span> <span class='ocrx_word' id='word_1_307' title='bbox 1668 2859 1895 2899; x_wconf 82' lang='lat' dir='ltr'><strong>Jahresber.</strong></span> 
     </span>
     <span class='ocr_line' id='line_1_39' title="bbox 428 2920 594 2958; baseline 0 -1"><span class='ocrx_word' id='word_1_308' title='bbox 428 2920 492 2957; x_wconf 88' lang='lat'><em>12.</em></span> <span class='ocrx_word' id='word_1_309' title='bbox 530 2920 594 2958; x_wconf 91' lang='lat'><em>13.</em></span> 
     </span>
    </p>
   </div>
  </div>
 </body>
</html>
