2014 3334
699 246 1048 281 SUPPLEMENTA
1071 246 1183 280 VOL.
1211 246 1228 279 1
1667 242 1752 284 713

289 360 375 399 316
407 357 617 409 parodiam
648 370 734 398 esse
766 357 921 398 oraculi
959 352 1172 412 (Herodot.
1206 358 1250 406 8,
1273 359 1326 397 96
1370 356 1574 404 Κωλιάδες
1605 354 1649 396 δὲ
1679 372 1750 410 γυ-

168 420 304 467 ναῖκες
335 416 552 471 ἐρετμοῖσιν
584 412 829 472 φρύξουσιν)
862 418 1087 458 arbitratur
1116 417 1270 458 Nauck.
1303 417 1394 457 Mel.
1422 417 1457 455 V
1491 418 1591 457 223.

289 480 374 518 322
413 475 493 517 ἔστι
522 483 601 517 τῶν
631 476 706 530 γὰρ
745 477 916 530 αἰσχρῶν
950 473 956 531 Ι
990 477 1070 529 φίλ.
1102 493 1134 530 χ.
1166 478 1244 516 κτλ.
1307 477 1408 517 Ellis
1439 477 1575 518 Amer.
1607 477 1749 517 Journ.

168 537 308 590 philol.
329 537 389 577 VI
418 540 485 587 10,
517 538 792 578 conlocatione
817 538 1044 589 verborum,
1076 550 1322 589 quamquam
1348 550 1505 577 summa
1537 539 1600 577 est
1630 537 1749 577 liber-

169 600 234 639 tas
265 598 309 638 in
338 598 413 638 hac
444 611 487 637 re
519 597 744 648 particulae
775 596 870 651 γάρ,
901 610 1028 649 paene
1060 597 1319 637 intolerabili.

290 659 389 708 323,
421 659 460 698 3.
504 657 651 697 Naber.
682 658 828 697 Mnem.
856 657 956 697 VIII
990 658 1044 697 28
1083 670 1161 698 non
1195 670 1321 697 unum
1352 658 1645 710 fragmentum,
1681 658 1752 698 sed

168 717 250 758 tria
292 730 380 757 esse
425 717 666 768 arbitratur,
711 731 881 770 quorum
925 717 1092 757 tertium
1137 713 1326 769 propter
1369 712 1568 757 metrum'
1612 717 1752 757 scribit

172 768 381 829 εὐδαίμον’
415 774 535 816 ἔτικτέ
567 787 623 828 σε,
655 782 788 830 μῆτερ,
820 776 958 830 ἰκρίων
990 775 1182 828 ψόφησις.
1234 777 1283 817 de
1314 779 1443 817 metro
1481 778 1645 830 egregie
1677 777 1751 817 fal·

169 837 286 876 litur:
319 837 461 878 Rossb.
481 837 706 888 Westphal.
733 851 770 888 p.
792 838 889 878 358.
917 839 955 878 9.
1000 839 1041 877 et
1069 837 1310 877 sententiam
1337 850 1428 876 cum
1453 837 1539 888 ipse
1566 837 1751 877 Naberus

170 909 212 937 se
242 910 323 937 non
353 898 590 949 intellegere
622 898 817 949 fateatur,
847 898 967 938 facile
1000 897 1198 948 sapientia
1229 897 1315 936 eius
1347 898 1583 943 carebimus.

293 958 377 998 326
424 953 655 1008 εὑοτρόφοιο
693 954 837 1010 γέννας
875 953 976 1011 0οᾶ.’
1008 957 1212 1006 Ambros.,
1255 953 1341 996 ‘sed
1379 958 1526 997 de‘ovo
1559 957 1600 996 in
1631 971 1751 1009 υοτρο

174 1013 342 1057 dubito’.
394 1017 564 1068 Ziegler.
594 1031 631 1067 p.
666 1019 734 1057 66.

293 1078 379 1117 334
411 1075 479 1117 τὸν
510 1075 882 1128 ὑποκαπνιζόμενον
914 1071 1027 1117 οἶνον
1054 1077 1155 1116 Ellis
1174 1076 1311 1116 Amer.
1331 1077 1472 1117 Journ.
1492 1077 1662 1128 pbil.VI
1686 1079 1751 1117 10.

293 1137 377 1177 343
411 1139 472 1176 est
504 1138 625 1176 etiam
658 1138 830 1177 Bekker.
864 1134 1017 1177 Anecd.
1042 1138 1080 1187 9,
1107 1138 1176 1177 29.

293 1198 379 1237 344
411 1196 640 1249 τροχίσκους
671 1210 742 1248 pro
775 1194 961 1249 ὀλίσβους
991 1197 1104 1236 Ellis.

293 1258 390 1296 347.
435 1254 572 1309 Λέρνη
604 1259 738 1296 κακῶν
770 1258 852 1296 iam
885 1259 947 1297 est
979 1257 1086 1308 apud
1119 1256 1357 1297 Strabonem
1391 1259 1429 1305 8,
1463 1259 1560 1297 371.

293 1318 392 1357 383.
437 1317 799 1368 Lobeck.Paralip.
816 1319 902 1357 464
916 1330 955 1356 11.
971 1319 1024 1357 13
1047 1313 1192 1369 επόρνη
1212 1313 1238 1367 ἡ
1260 1315 1356 1368 ὅλην
1375 1318 1514 1369 κώμην
1527 1312 1751 1369 ἀνέχουσα’.

293 1377 392 1417 402.
434 1390 515 1417 11011
545 1390 710 1428 possum
742 1377 938 1417 adsentiri
970 1377 1114 1416 Ellisio
1149 1371 1302 1430 (Amer.
1329 1377 1470 1416 Journ.
1497 1377 1555 1416 VI
1583 1372 1671 1431 10).

290 1437 479 1477 Fortasse
516 1436 671 1477 Cratini
709 1439 772 1477 est
809 1437 933 1482 etiam
970 1437 1104 1488 adesp.
1126 1438 1197 1476 48.
1256 1439 1467 1487 praeterea
1497 1439 1640 1487 poetae
1674 1438 1751 1476 fra-

172 1496 350 1548 gmentis
381 1497 564 1537 addenda
595 1499 690 1537 sunt
719 1498 834 1536 haec:

659 1613 748 1656 76b
781 1614 924 1668 (repet.
958 1630 1005 1656 ex
1036 1617 1115 1656 vol.
1146 1617 1167 1656 I
1198 1611 1259 1671 Ἦ)

297 1699 427 1740 Schol.
459 1699 615 1740 Oribas.
646 1701 709 1739 ΠΙ
742 1702 827 1740 680
866 1698 1055 1752 ἕκφόριον
1086 1699 1161 1753 γὰρ
1193 1697 1341 1753 λέγεται
1362 1732 1369 1739 .
1392 1732 1399 1739 .
1422 1698 1506 1739 ,ἐπὶ
1536 1698 1670 1752 λόγου,
1702 1697 1756 1747 ὡς

172 1758 400 1812 κρατύνει
424 1759 617 1814 θύραζε.
668 1756 760 1800 εοὐκ
785 1758 863 1799 ἔστι
890 1763 1022 1811 μῦθος
1046 1758 1218 1814 ἔκφορος
1244 1756 1247 1813 Ι
1270 1758 1459 1800 ἐντεῦθεν
1480 1757 1533 1807 ὡς
1553 1755 1755 1813 ἅφρονες.’

178 1819 293 1860 indic.
309 1819 619 1871 Ν11110111115,,(1111
637 1820 861 1859 rectissime
876 1817 928 1868 ὡς
947 1821 1187 1874 Κρατῖνος
1210 1814 1455 1875 Θρᾴτταις.
1493 1833 1566 1870 pro
1581 1817 1756 1871 ἄφρονες

173 1879 292 1918 facile
335 1882 398 1919 est
437 1880 608 1919 scribere
646 1877 845 1934 ι’ίφροναςτ
886 1881 955 1920 sed
994 1880 1035 1918 in
1066 1882 1183 1920 tanta
1213 1879 1431 1932 fragmenti
1462 1879 1663 1919 brevitate
1695 1880 1754 1918 in-

175 1941 287 1978 certa
317 1942 380 1978 est
411 1940 650 1980 emendatio.

903 2019 1023 2063 331b

294 2095 424 2135 Schol.
458 2094 652 2136 Clement.
673 2095 786 2135 Alex.
809 2109 846 2146 p.
869 2097 969 2142 422,
1003 2097 1056 2135 23
1091 2095 1227 2135 Dindf.
1260 2100 1331 2135 τοῦ
1364 2092 1406 2134 δὲ
1424 2092 1666 2143 Ἵππωνος
1686 2126 1694 2134 .
1716 2126 1724 2134 .
1747 2126 1755 2134 .

174 2153 228 2204 ὡς
258 2153 429 2208 ἀσεβοῦς
459 2153 677 2208 γενομένου
710 2153 902 2207 μέμνηται
933 2156 1143 2209 Κρατῖνος.

906 2283 993 2326 389
1002 2287 1027 2325 b

388 2340 584 2400 Ἀρτύων
614 2340 862 2399 Ἀρτύωνος

301 2427 470 2470 κέκλιται
505 2428 613 2484 παρὰ
644 2430 838 2486 Κρατίνω.
889 2429 1136 2469 Theodosius
1168 2427 1270 2483 Περὶ
1306 2429 1465 2477 κλίσεως
1496 2435 1574 2469 τῶν
1613 2428 1668 2476 εἰς
1700 2445 1757 2470 ων

181 2488 413 2543 βαρυτόνων
432 2484 499 2544 (ex
517 2485 798 2544 Herodiano)
788 2504 830 2529 111
844 2490 983 2542 Progr.
995 2503 1130 2541 gymn.
1144 2489 1399 2540 Heidelberg.
1423 2491 1534 2530 1887
1557 2503 1595 2540 p.
1610 2491 1679 2541 21,
1689 2491 1756 2530 29.

907 2605 1029 2649 4591)

397 2673 457 2720 ἵν’
486 2673 718 2733 Ἀμαζόνες
749 2678 910 2734 ἄνδρες
941 2679 1078 2720 ἔασιν.

306 2763 554 2804 Theodosius
579 2762 681 2818 Περὶ
706 2764 868 2812 κλίσεως
893 2770 970 2804 τῶν
996 2763 1051 2812 εἰς
1075 2763 1134 2803 ffi
1154 2763 1386 2817 βαρυτόνων
1411 2765 1453 2803 111
1467 2765 1608 2816 Progr.
1622 2779 1758 2817 gymn.

184 2824 442 2876 Heidelberg.
478 2826 590 2864 1887
624 2837 661 2874 p.
696 2826 764 2875 23,
801 2829 820 2863 l
867 2822 1014 2878 λέγεται
1057 2822 1124 2863 καὶ
1167 2822 1380 2877 ἀρσενικῶς
1424 2819 1662 2878 (Ἁμαζών),
1705 2823 1758 2873 ὡς

185 2882 293 2937 παρὰ
324 2882 506 2939 Κρατίνω
533 2885 609 2924 κτλ.
673 2883 919 2924 Callimacho
944 2884 1142 2923 tribuitur
1166 2878 1321 2937 (ἐῶσιν)
1348 2884 1388 2922 111
1412 2883 1588 2923 Cramer.
1608 2885 1757 2926 Anecd.

193 2942 264 2983 Ox.
276 2943 317 2982 H
333 2944 402 2983 38.
433 2941 536 2982 οΕΟ.
553 2943 778 2984 Schneider.
793 2943 950 2984 Gallim.
964 2944 1011 2983 fr.
1026 2945 1111 2983 523
1128 2937 1297 2997 (εᾛωσιν)
1342 2942 1506 2983 Cratino
1519 2944 1757 2984 vindicatE.
