2014 3334
894 254 993 287 ΤΗΣ
1019 253 1148 288 ΝΕΑΣ
1724 250 1807 293 451

226 367 438 425 κωμῳδίας
468 365 594 421 λέγειν
626 367 766 418 φωνάς
792 369 870 406 κτλ.
921 367 971 406 ad
991 362 1328 418 Περικειρομένην
1349 364 1558 405 Menandri
1583 364 1813 404 coniectura

226 428 440 480 probabili,
472 428 542 467 sed
573 440 831 480 nequaquam
862 430 973 466 certa
1004 426 1167 472 rettulit
1198 425 1432 465 Meinekins.

842 568 942 611 222.
975 567 1074 610 223.
1107 565 1196 610 224

513 652 761 708 οἰκειότητα
795 649 836 694 δ’
873 648 1103 707 ἐμβλέπων
1136 649 1407 693 ὠλίσθανον.

514 936 704 997 ἐμφύντ’
741 940 991 983 ἀποθανεῖν
1022 938 1385 995 κάπιγράμματος
1414 945 1566 994 τυχεῖν

346 1040 588 1080 Plutarchus
625 1041 724 1080 Mor.
767 1040 889 1080 7691)
940 1036 1038 1078 ἀλλὰ
1081 1036 1207 1078 πολλὰ
1250 1040 1387 1089 φαῦλα
1430 1035 1498 1076 καὶ
1540 1035 1688 1088 μανικὰ
1731 1042 1810 1077 τῶν

225 1099 463 1154 γυναικείων
501 1098 675 1153 {postcom
713 1100 752 1139 τί
787 1097 848 1148 δέ;
888 1097 976 1151 οὐχὶ
1011 1098 1176 1138 πλείονα
1213 1103 1292 1137 τῶν
1332 1097 1552 1145 παιδικῶν;
1591 1099 1669 1137 κτλ.
1731 1097 1811 1137 tria

227 1162 323 1200 sunt
339 1158 456 1200 ‘dicta
480 1161 611 1200 insani
635 1174 852 1210 puerorum
879 1159 1082 1198 amatoris.
1148 1161 1185 1197 1.
1218 1154 1255 1197 δ’
1283 1158 1373 1197 add.
1397 1157 1442 1198 G.
1462 1158 1598 1197 Herm.
1637 1157 1810 1196 fortasse

227 1217 492 1274 ὡραιότητα
518 1216 570 1260 δ’.
647 1222 684 1259 2.
716 1218 783 1259 καὶ
809 1217 926 1266 καλὸς
950 1218 1111 1266 νεανίας
1142 1218 1261 1257 Mein.
1282 1218 1344 1258 ed.
1363 1218 1457 1257 mai.
1533 1220 1571 1257 3.
1604 1213 1809 1257 ‘infinitivi

225 1280 398 1331 pendere
430 1281 618 1321 videntur
648 1293 672 1319 a
702 1280 837 1320 verbis
869 1279 905 1319 εἰ
933 1276 1084 1332 γένοιτό
1110 1293 1178 1330 μοι
1202 1279 1267 1319 vel
1293 1278 1507 1330 similibus,
1539 1291 1642 1328 quae
1675 1277 1812 1317 omisit

227 1336 426 1391 scriptor'.
458 1340 577 1380 Mein.

973 1432 1062 1475 225

511 1524 636 1573 γαμῶ
667 1515 827 1574 γε’ρων,
859 1512 910 1559 εὖ
942 1512 1059 1571 οἶδα,
1090 1514 1164 1559 καὶ
1196 1522 1290 1566 τοῖς
1320 1517 1529 1570 γείτοσιν.

346 1604 588 1644 Plutarchus
620 1605 719 1644 Mor.
754 1605 873 1644 789a
902 1601 970 1642 καὶ
1000 1602 1074 1656 γὰρ
1107 1601 1220 1643 αὐτοὶ
1253 1603 1316 1657 (οἵ
1343 1598 1541 1656 γέροντες)
1573 1601 1698 1643 πολλὰ
1729 1618 1809 1643 τοι-

227 1668 326 1703 αῦτα
368 1664 578 1713 παίζουσιν
622 1663 677 1711 εἰς
720 1662 887 1712 ἑαυτούς
922 1666 1000 1703 κτλ.
1065 1665 1113 1704 cf.
1151 1664 1426 1703 Anaxandrid.
1459 1665 1535 1715 52,
1571 1666 1637 1703 11.
1673 1666 1725 1703 12
1770 1666 1812 1703 et

227 1724 361 1775 adesp.
394 1726 492 1764 272.

974 1817 1063 1860 226

513 1901 648 1956 λευκή
680 1916 732 1957 με
763 1899 869 1957 θρὶξ
901 1900 1157 1956 ἀπόμισθον
1190 1899 1402 1943 ἐντεῦθεν
1433 1907 1562 1943 ποιεῖ.

346 1986 588 2027 Plutarchus
621 1989 719 2028 Mor.
749 1990 862 2028 7890
893 1987 932 2027 τί
961 1982 1050 2037 οὗν,
1082 1987 1209 2039 φήσαι
1240 2003 1297 2035 τις
1328 1986 1393 2038 ἅν,
1425 1986 1500 2027 οὐκ
1531 1986 1731 2039 ἀκούομεν
1764 1986 1806 2027 ἕν

226 2046 414 2103 κωμῳδίᾳ
446 2047 738 2100 στρατιώτου
769 2045 951 2102 λέγοντος
982 2050 1059 2087 κτλ.
1123 2047 1324 2099 ἐντεῦθεν,
1356 2050 1404 2087 ab
1435 2049 1505 2087 hoc
1535 2051 1711 2097 tmpore.

975 2189 1062 2232 227

512 2273 721 2330 ἄγροικός
750 2274 839 2329 είμι
870 2273 952 2328 τὴν
983 2273 1162 2328 σκάφην
1195 2272 1374 2329 σκάφην
1406 2271 1560 2328 λέγων.

345 2359 510 2399 Lucian.
538 2360 621 2399 Iov.
645 2362 749 2411 trag.
771 2362 825 2400 32
859 2358 1011 2400 οὐκοῦν
1042 2357 1234 2411 άκουσον,
1259 2354 1290 2399 ὦ
1319 2362 1412 2410 Ζεῦ,
1444 2358 1538 2411 μετὰ
1567 2360 1806 2412 παρρησίας·

227 2416 301 2472 ἐγὼ
338 2418 433 2472 γάρ,
471 2417 524 2467 ὡς
561 2417 582 2459 δ
619 2418 809 2476 κωμῳδὸς
849 2419 948 2472 ἔφη,
992 2418 1203 2473 άγροικός·
1218 2442 1265 2447 -
1308 2418 1432 2473 λέγων
1470 2415 1593 2474 (λέγω
1627 2415 1807 2474 Gorlic..)

227 2478 333 2518 idem
364 2479 468 2518 Hist.
499 2480 616 2519 scrib.
650 2481 703 2519 41
740 2475 781 2534 (δ
814 2479 1068 2533 συγγραφεὺς
1100 2475 1216 2537 ἔστω)
1254 2480 1475 2532 παρρησίας
1513 2478 1579 2519 καὶ
1613 2478 1806 2531 ἀληθείας

227 2537 364 2589 φίλος,
389 2534 534 2590 οἶος,“
512 2554 566 2586 ως
590 2536 611 2578 δ
636 2538 807 2591 κωμικός
832 2551 946 2592 φησι,
970 2539 1018 2579 τὰ
1043 2545 1145 2579 σῦκα
1171 2544 1272 2579 σῦκα
1297 2537 1370 2590 τὴν
1397 2539 1558 2591 σκάφην
1578 2537 1621 2579 δὲ
1647 2539 1806 2591 σκάφην

227 2595 433 2649 ὀνομάσαι.
492 2599 695 2639 Plutarch.
715 2599 815 2639 Mor.
839 2601 956 2640 1781>
988 2598 1200 2654 ἀγροίκους
1232 2594 1335 2639 εἶναι
1360 2597 1604 2647 Μακεδόνας
1634 2597 1701 2639 καὶ
1732 2598 1805 2650 τὴν

228 2657 389 2709 σκάφην
429 2657 590 2710 σκάφην
626 2656 820 2712 λέγοντας.
882 2661 933 2700 cf.
958 2660 1102 2699 Iulian.
1136 2662 1174 2711 8,
1208 2661 1337 2699 208a.
1387 2659 1525 2710 Synes.
1557 2659 1686 2710 Epist.
1720 2662 1803 2699 159

227 2714 285 2768 (p.
309 2719 392 2758 739
413 2714 591 2771 Herch.).
633 2718 818 2758 Menand.
839 2721 937 2759 545.
976 2719 1136 2759 Tzetzes
1158 2719 1261 2759 Chil.
1281 2721 1320 2769 8,
1341 2720 1424 2758 567
1454 2715 1806 2770 Ἀριστοφάνης

228 2775 272 2816 δέ
307 2788 432 2829 φησιν
469 2776 512 2817 ἐν
550 2777 739 2834 κωμῳδίᾳ
769 2784 884 2819 τοῦτο
915 2782 1008 2830 mk,
1045 2780 1158 2819 cuius
1197 2792 1270 2830 ego
1307 2778 1585 2818 testimonium
1622 2792 1703 2818 non
1734 2779 1803 2819 ad-

227 2837 391 2876 modum
416 2838 553 2890 magui
571 2838 686 2887 facio,
712 2839 910 2890 siquidem
929 2837 998 2878 τὸν
1017 2837 1211 2894 κωμῳδόν
1231 2838 1400 2877 Luciani
1419 2851 1498 2877 non
1518 2841 1626 2878 recte
1645 2838 1806 2878 videtur

227 2896 518 2948 interpretatus
562 2909 660 2937 esse.
721 2910 847 2939 novae
892 2900 1119 2938 comoediae
1163 2898 1299 2948 potius
1344 2911 1435 2937 cum
1473 2898 1672 2938 Meinekio
1693 2911 1804 2942 ,esse

229 2956 478 2996 crediderim.
664 2964 675 2970 '

1446 3024 1518 3062 29*
