2014 3334
873 252 972 286 ΤΗΣ
996 251 1126 287 Num
1704 249 1794 292 425

215 364 382 407 creditis
419 377 517 418 ager
560 363 660 403 mibi
703 363 876 404 debebat
916 362 1109 404 tredecim
1152 363 1431 404 tantummodo
1475 362 1661 416 redditis,
1704 364 1797 404 illuc

217 427 371 467 iverunt
400 426 503 465 unde
531 436 611 464 non
640 426 767 474 mayis
795 425 975 464 redibunt
1003 436 1122 474 quam
1151 427 1293 474 septem
1323 425 1437 464 duces
1467 436 1493 463 a
1514 423 1664 465 Thebis.
1728 425 1794 464 10.

217 483 262 526 τὸ
299 489 378 525 τῶν
414 500 450 539 γ.
481 482 608 537 ῥῆμα,
645 479 850 524 ‘nimirum
885 484 1018 536 ipsum
1058 483 1160 523 illud
1201 484 1308 535 quod
1351 484 1534 535 sequitur
1573 480 1797 535 ὀνησιφόρα

220 542 389 599 γένοιτο,
420 544 526 597 quod
556 543 744 584 mulieres
775 544 988 597 religiosae
1019 544 1060 585 in
1092 556 1160 583 ore
1191 539 1415 596 gerebant?
1462 543 1583 585 Mein.
1614 543 1725 583 Stob.
1755 543 1797 582 H

214 618 327 646 xxxx.
375 604 543 645 Photius
581 605 622 644 et
658 603 831 660 Helsyeh.
891 601 1149 656 ὀνησιφόρος·
1193 600 1387 655 ὠφέλειαν
1423 601 1570 655 φέρων.
1624 603 1798 655 Hesycb.

220 662 491 717 ὀνησιφόρων·
538 661 583 703 τὰ
621 660 799 715 ὠφέλιμα
836 662 1052 716 φερόντων.
1107 664 1156 703 cf.
1195 663 1352 703 Alexid.
1388 665 1489 714 195,
1524 664 1561 703 5.
1611 663 1799 714 inprobat

219 737 357 766 vocem
388 724 534 764 Pollux
566 725 613 775 5,
646 725 729 763 136
769 721 811 763 τὸ
849 722 924 777 γὰρ
962 720 1206 776 ὀνησιφόρον
1244 721 1460 776 μοχθηρόν.
1545 725 1611 762 12.
1649 718 1797 763 ‘iocum

217 785 355 836 captat
378 797 425 823 ex
449 784 622 824 ridicula.
645 784 903 836 etymologia,
923 784 1037 835 quasi
1062 780 1287 837 ὀνησιφόρα
1312 784 1394 823 sint
1413 796 1516 835 quae
1543 780 1636 831 ὄνος
1660 780 1797 835 φέρειν

212 839 370 897 possit'.
420 844 552 884 Bentl.

963 960 1050 1004 110

427 1056 508 1099 τὸν
538 1053 792 1112 νομοθέτην
824 1053 965 1112 φασὶν
999 1055 1249 1112 Χαρώνδαν
1281 1057 1330 1099 ἔν
1360 1071 1448 1098 τινι

427 1129 675 1186 νομοθεσίᾳ
706 1127 760 1170 τά
790 1125 829 1170 τ’
865 1128 978 1171 ἄλλα
1009 1126 1083 1171 καὶ
1113 1126 1240 1170 ταυτὶ
1271 1126 1434 1182 λέγειν·

429 1199 453 1243 ὁ
485 1198 640 1243 παισὶν
671 1199 811 1243 αὑτοῦ
842 1200 1063 1257 μητρυιὰν
1095 1199 1342 1255 ἐπεισάγων

428 1269 526 1327 μήτ’
563 1271 885 1328 εὐδοκιμείσθω
918 1273 1024 1328 μήτε
1056 1269 1270 1328 μετεχέτω
1303 1272 1442 1326 λόγου

393 1354 414 1387 5
433 1343 553 1400 παρὰ
583 1349 677 1394 τοῖς
707 1344 921 1398 πολίταις,
954 1343 1014 1395 ὡς
1045 1342 1307 1387 ἐπείσακτον
1337 1343 1476 1386 κακὸν

429 1416 539 1458 κατὰ
570 1421 660 1457 τῶν
692 1413 854 1458 ἑαυτοῦ
885 1415 1157 1472 πραγμάτων
1187 1414 1522 1471 πεπορισμένος.

431 1485 510 1530 εἴτ’
548 1486 748 1543 ἐπέτυχες
778 1487 879 1544 γάρ,
896 1489 1039 1544 -φησί,
1071 1489 1213 1544 γήμας
1243 1488 1293 1530 τὸ
1324 1488 1558 1544 πρότερον,

350 1556 356 1559 “
432 1558 660 1616 εὐημερῶν
691 1559 994 1614 κατάπαυσον,
1026 1557 1106 1602 εἴτ’
1144 1558 1227 1602 οὐκ
1258 1557 1475 1615 ἐπέτυχες,

433 1630 625 1687 μανικὸν
657 1630 706 1673 τὸ
740 1637 900 1688 πεῖραν
932 1629 1143 1687 δευτέρας
1174 1632 1328 1686 λαβεῖν
1358 1630 1504 1673 πάλιν.

335 1730 538 1769 Diodorus
568 1729 645 1769 Sic.
674 1731 741 1782 12,
776 1731 831 1769 14
863 1724 1063 1784 (ποιηταὶ)
1096 1728 1435 1782 μεμαρτυρήκασι.
1457 1761 1465 1768 .
1487 1727 1575 1769 ,τὸν
1606 1727 1695 1782 περὶ
1725 1734 1796 1782 τῆς

217 1794 409 1842 μητρυιᾶς
439 1787 602 1829 τεθέντα
633 1784 799 1843 (νόμον)
826 1787 869 1829 ἐν
888 1788 1041 1837 τούτοις
1059 1792 1138 1829 κτλ.
1189 1790 1295 1829 idem
1318 1791 1384 1837 12,
1408 1791 1462 1828 12
1495 1792 1576 1837 τοῖς
1601 1788 1797 1842 μητρυιὰν

218 1846 478 1902 ἐπαγομένοις
515 1847 614 1888 κατὰ
643 1854 723 1888 τῶν
760 1848 874 1888 ἰδίων
911 1846 1089 1888 τέκνων
1126 1847 1250 1900 ἔθηκε
1281 1843 1545 1903 (Χαρώνδας)
1583 1847 1799 1901 πρόστιμον

218 1908 260 1948 τὸ
287 1907 341 1960 μὴ
372 1906 562 1962 γενέσθαι
594 1907 847 1961 συμβούλους
878 1908 1044 1957 τούτους
1068 1913 1114 1963 τῇ
1140 1908 1311 1962 πατρίδι,
1342 1908 1514 1960 νομίζων
1545 1907 1638 1956 τοὺς
1668 1915 1810 1957 κακῶς]

217 1966 307 2021 περὶ
348 1973 427 2008 τῶν
471 1967 585 2008 ἰδίων
626 1966 808 2008 τέκνων
851 1966 1195 2020 βουλευσαμένους
1244 1966 1312 2008 καὶ
1355 1967 1609 2020 συμβούλους
1651 1968 1801 2017 κακοὺς
1858 1971 1862 1977 ’

219 2026 383 2068 ἔσεσθαι
421 2032 467 2083 τῇ
505 2027 681 2080 πατρίδι·
719 2026 797 2080 ἔφη
834 2026 909 2082 γὰρ
940 2027 1033 2077 τοὺς
1069 2025 1141 2079 μὲν
1171 2033 1329 2081 πρῶτον
1365 2027 1567 2081 γήμαντας
1598 2026 1666 2067 καὶ
1695 2026 1749 2068 ἐπ
1760 2044 1800 2068 ι-

217 2086 449 2140 τυχόντας
481 2086 566 2128 δεῖν
597 2085 957 2140 εὐημεροῦντας
987 2087 1313 2138 καταπαύειν,
1344 2086 1437 2136 τοὺς
1463 2085 1506 2127 δὲ
1531 2086 1799 2140 ἀποτυχόν-

219 2161 300 2195 τας
329 2149 383 2204 τῷ
414 2146 527 2204 γάμῳ
551 2145 619 2188 καὶ
649 2146 769 2187 πάλιν
797 2146 841 2187 ἐν
866 2151 949 2196 τοῖς
979 2146 1115 2196 αὐτοῖς
1140 2145 1436 2200 ἁμαρτάνοντας
1467 2144 1684 2199 ἄφρονας
1716 2148 1800 2187 δεῖν

219 2205 588 2259 ὑπολαμβάνεσθαι.
635 2229 686 2235 -
733 2209 772 2247 2.
802 2205 912 2247 ταυτὶ
943 2206 1093 2259 Bentl.]
1125 2212 1258 2247 ταῦτα.
1340 2209 1378 2247 3.
1411 2205 1432 2247 ὁ
1462 2205 1575 2246 παισὶ
1605 2206 1800 2260 μητρυιὰν

220 2265 438 2320 ἐπεισάγων
457 2264 561 2319 ἀνὴρ
581 2266 627 2307 G.
645 2267 783 2307 Herm.
810 2280 855 2307 ac
887 2280 983 2307 sane
1014 2266 1209 2320 μητρυτάν
1239 2267 1378 2319 paullo
1410 2267 1647 2307 insolentius
1679 2281 1801 2319 quam

220 2327 301 2366 alia.
325 2326 368 2365 id
391 2339 529 2379 genus.
567 2327 740 2366 fortasse
772 2324 793 2367 ὁ
812 2340 852 2367 π.
873 2341 983 2380 μητρ.
1015 2325 1160 2367 ἑαυτοῦ
1187 2323 1413 2380 ’πεισάγων.
1475 2328 1515 2366 4.
1547 2325 1800 2378 εὐδοκιμείτω

219 2386 424 2426 Herwerd.
450 2386 569 2426 Anal.
595 2387 681 2426 crit.
704 2387 772 2426 35.
817 2389 938 2439 atque
971 2389 1032 2427 est
1063 2399 1156 2427 sane
1189 2385 1489 2439 εὖδοκιμεῖσθαι
1520 2386 1800 2436 posteriorum.

223 2448 259 2486 6.
291 2444 549 2498 πραγμάτων]
595 2446 765 2486 fortasse
802 2446 1114 2499 θρεμμάτων,
1158 2447 1266 2498 (111οᾶ
1302 2459 1448 2486 nomen
1486 2446 1727 2497 aliquotiens
1759 2446 1801 2485 in

221 2505 435 2545 comoediis
466 2507 609 2555 exstat,
639 2506 706 2546 vel
737 2506 1032 2558 σπερμάτων.
1096 2509 1132 2546 9.
1164 2509 1305 2558 πεῖραν
1331 2504 1481 2555 Bentl.]
1514 2505 1664 2558 πείρας.
1697 2519 1800 2557 quae

219 2578 256 2605 v.
291 2566 329 2603 7.
361 2566 387 2604 8
419 2565 639 2616 vulgantur
668 2565 837 2605 Diodori
867 2566 1002 2606 verbis
1043 2566 1142 2606 satis
1175 2567 1316 2606 contra
1351 2565 1559 2605 hominum
1591 2564 1800 2605 doctorum

221 2624 424 2675 opiniones
455 2623 677 2664 firmantur.

967 2730 1051 2773 111

340 2825 523 2865 Clemens
554 2825 666 2866 Alex.
698 2826 870 2879 Paedag.
904 2831 948 2879 2,
983 2830 1028 2879 1,
1061 2830 1086 2868 3
1131 2826 1251 2879 κάμοὶ
1294 2825 1367 2879 μὲν
1409 2826 1515 2875 ἔλεος
1557 2827 1689 2868 ὕπεισι
1732 2834 1801 2881 τῆς

223 2884 344 2925 νόσου
383 2880 713 2938 (peregrinorum
749 2887 927 2927 ciborum
966 2888 1230 2938 cupiditatem
1269 2883 1413 2938 dicit),
1461 2887 1504 2927 οἵ
1537 2884 1574 2926 δ’
1618 2886 1800 2939 ἕξυμνεῖν

222 2943 297 2984 οὐκ
334 2944 590 2998 αἰσχύνονται
631 2943 699 2993 τὰς
746 2944 934 3000 σφετέρας
970 2945 1223 2999 ἡδυπαθείας
1259 2945 1328 2995 τὰς
1363 2946 1406 2988 ἐν
1444 2949 1496 3004 τῷ
1534 2950 1706 3005 πορθμῷ
1747 2951 1800 3006 τῷ
1814 2958 1823 2962 “
