2014 3334
687 243 924 277 ΛΥΓΚΕΩΣ
974 243 1268 277 ΚΕΝΤΑΤΡΟΣ
1677 241 1763 284 275

364 353 471 404 ὄψιν
502 348 584 407 μὲν
615 347 700 394 οὖν
731 352 820 407 ἔχει
850 352 904 394 τὰ
936 357 1119 396 τοιαῦτα
1137 353 1371 407 ποικίλην,

300 434 344 468 15
365 421 461 467 ἀλλ’
498 422 634 467 οὐδέν
666 422 759 467 ἐστι
789 430 922 467 τοῦτο
954 424 1065 481 πρὸς
1094 424 1177 480 τὴν
1207 422 1416 481 γαστέρα·

363 493 586 539 κατέπασα
616 496 702 552 γὰρ
733 495 783 538 τὸ
815 498 981 552 χεῖλος,
1014 495 1097 539 οὐκ
1128 495 1346 551 ἐνέπλησα
1379 494 1439 538 δέ.

363 569 412 610 Β.
437 568 486 610 τί
506 563 610 619 οὖν;
646 571 698 610 Α.
725 569 837 624 ἔχεις
863 569 1060 622 ὅστρειας
1093 570 1142 610 Β.
1169 567 1322 611 πολλά.
1374 571 1426 609 Α.
1452 568 1615 611 πίνακά
1641 583 1716 624 μοι

362 639 535 683 τούτων
565 642 844 696 παραθήσεις
875 639 1014 683 αὐτὸν
1045 637 1119 695 ἐφ’
1157 638 1318 682 ἑαυτοῦ
1349 638 1500 695 μέγαν.

364 711 476 767 ἔχεις
507 710 700 768 ἑχίνους;
734 714 783 755 Β.
816 711 964 769 ἕτερος
995 713 1116 754 ἔσται
1149 722 1220 754 σοι
1250 710 1399 763 πίναξ·

299 795 345 826 20
365 783 500 835 αὐτὸς
529 783 614 839 γὰρ
647 784 784 826 αὐτὸν
816 783 1036 840 ἐπριάμην
1067 782 1180 825 ὀκτὼ
1209 778 1385 838 ’βολῶν

367 859 422 898 A.
455 854 647 913 ὀψάριον
678 855 787 908 αὐτὸ
818 861 952 899 τοῦτο
983 855 1261 912 παραθήσεις
1291 856 1449 911 μόνον,

364 926 440 970 ἵνα
468 927 607 971 ταύτὰ
638 928 813 983 πάντες,
849 928 908 984 μὴ
939 928 990 971 τὸ
1022 925 1104 984 μὲν
1136 927 1236 982 ἐγώ,
1268 927 1318 970 τὸ
1352 927 1392 970 δ’
1428 926 1587 985 ἕτερος.

307 1013 541 1056 Athenaeus
573 1017 613 1068 4,
646 1016 764 1056 131f
803 1014 989 1069 Λυγκεὺς
1033 1011 1069 1054 δ’
1118 1013 1162 1055 ἐν
1198 1013 1414 1071 Κενταύρῳ
1459 1014 1677 1063 διαπαίζων
1719 1014 1767 1055 τὰ

98 1124 101 1125 ⁷
179 1069 332 1114 ’Λττικὰ
377 1074 519 1115 δεῖπνά
561 1086 661 1127 φησι
703 1078 781 1115 κτλ.
866 1090 903 1116 v.
932 1077 984 1115 12
1025 1070 1164 1130 (ἀλλ’).
1206 1077 1258 1115 13
1298 1076 1538 1115 Eustathius
1572 1078 1676 1128 261,
1710 1078 1765 1116 38

185 1132 294 1187 παρὰ
318 1132 361 1174 τὸ
394 1132 489 1174 δέκα
521 1133 593 1187 μὲν
625 1134 795 1186 στόματα
825 1133 892 1174 καὶ
922 1133 1012 1188 ἑξῆς
1039 1131 1174 1187 (Hom.
1192 1135 1240 1174 Il.
1262 1137 1301 1187 2,
1321 1130 1427 1188 489)
1452 1133 1666 1175 πέπαικταί
1692 1151 1769 1175 τινι

185 1196 342 1250 παλαιῷ
367 1192 421 1242 ὡς
453 1193 501 1235 ἐκ
531 1194 792 1248 προσώπου
824 1195 990 1247 λίχνου
1021 1194 1065 1235 τό
1096 1197 1175 1235 κτλ.
1240 1197 1276 1234 1.
1307 1191 1396 1234 ἔσθ’
1427 1194 1562 1246 Mein]
1595 1194 1699 1235 ἐστὶν
1719 1196 1767 1236 Α.

187 1251 267 1294 ἐστὶ
297 1253 508 1303 δειπνίζων
532 1251 581 1307 τ’,
617 1255 713 1308 quia
738 1253 759 1295 ὁ
785 1255 995 1303 δειπνίζων
1020 1255 1127 1294 idem
1153 1255 1207 1294 sit
1231 1257 1353 1307 atque
1378 1252 1400 1294 ὃ
1425 1253 1543 1295 θύων
1561 1256 1768 1296 Herwerd.

186 1313 306 1353 Anal.
337 1314 426 1354 crit.
453 1317 522 1355 41.
586 1317 623 1356 6.
656 1304 706 1355 οἵ
725 1313 880 1366 Diues]
913 1307 944 1371 ᾧ
969 1315 1018 1354 Α.
1083 1317 1150 1355 10.
1183 1313 1309 1354 ἐκεῖνο
1341 1315 1390 1354 A.
1422 1317 1465 1355 at
1495 1316 1630 1366 potius
1663 1316 1770 1367 cogi-

187 1373 358 1413 tandum
395 1372 526 1414 ἐκεῖνα
562 1378 603 1415 et
641 1375 829 1426 deinceps
867 1375 1122 1415 scribendum
1158 1371 1302 1414 ταῦτ’.
1367 1377 1433 1414 11.
1470 1374 1540 1426 σύ,
1569 1373 1574 1427 Ι
1608 1374 1768 1415 κάκεῖνο

189 1432 429 1486 Schweigh]
463 1437 680 1488 συγκαμεῖν
710 1435 760 1474 Α.
821 1433 1018 1487 βούλομαι
1049 1432 1092 1474 δέ
1125 1431 1162 1487 γ’
1193 1429 1224 1473 ὦ
1261 1456 1311 1461 -
1348 1434 1417 1485 σύ,
1454 1433 1521 1474 καὶ
1551 1441 1665 1475 τοῦτο
1698 1435 1769 1475 κά-

186 1506 316 1545 πτειν,
354 1490 439 1534 ἀλλ’
468 1494 629 1535 Porson.
658 1495 762 1534 Adv.
796 1497 894 1535 294..
977 1496 1044 1535 13.
1076 1493 1200 1547 χείλη]
1235 1497 1364 1547 χεῖρας
1394 1495 1620 1546 Emperius.
1702 1498 1769 1535 14.

189 1546 264 1594 οὖν
296 1555 358 1600 est
387 1554 431 1593 in
461 1554 499 1594 A
530 1557 572 1594 et
603 1554 644 1595 G.
728 1557 794 1594 15.
834 1552 955 1594 οὐδέν
987 1551 1142 1606 Dindf]
1184 1552 1311 1594 οὐθέν
1342 1555 1391 1594 A.
1474 1557 1540 1595 16.
1572 1553 1771 1595 κατέπασα

187 1611 326 1664 Mein.]
359 1611 582 1667 κατέπλησα
605 1615 655 1654 Α.
703 1612 926 1654 κατέπλασα
955 1614 1163 1655 Herwerd.
1187 1615 1287 1655 Nov.
1313 1615 1402 1654 add.
1429 1615 1516 1655 crit.
1537 1617 1606 1655 44.
1638 1613 1769 1656 κατέ-

189 1672 214 1713 δ
221 1687 271 1712 εν
281 1683 336 1712 σα
361 1674 409 1714 Κ.
474 1678 541 1714 17.
572 1688 834 1726 personarum
860 1675 1098 1726 dissignatio
1124 1676 1186 1714 est
1203 1675 1266 1725 K,
1298 1688 1346 1713 ex
1370 1677 1486 1726 parte
1507 1676 1698 1715 Meinekii
1729 1676 1770 1714 in

189 1732 248 1772 ed.
280 1734 372 1773 mai.
436 1736 503 1774 20.
534 1733 610 1788 γὰρ
641 1733 731 1785 VL]
767 1730 803 1774 δ’
840 1735 887 1774 Α.
914 1730 1068 1787 ’βολῶν
1093 1729 1159 1789 K]
1193 1731 1348 1786 ὀβολῶν
1371 1735 1417 1773 Α.
1483 1737 1550 1775 22.
1581 1740 1703 1774 ταῦτα
1721 1735 1770 1774 Α.

308 1793 504 1834 invitatus
543 1794 749 1846 parasitus
789 1795 841 1834 ad
873 1807 1013 1834 cenam
1043 1807 1135 1834 cum
1165 1807 1291 1846 coquo
1330 1795 1596 1846 conloquitur.
1659 1797 1698 1834 4.
1732 1797 1771 1835 5.

189 1848 299 1892 ‘nam
337 1866 582 1906 quamquam
611 1853 844 1895 Atticorum
883 1867 1040 1894 summa
1076 1856 1139 1894 est
1169 1854 1212 1893 in
1242 1854 1421 1894 moribus
1460 1855 1647 1906 omnique
1686 1855 1772 1895 vita

190 1913 438 1954 concinnitas
475 1917 516 1954 et
553 1915 772 1967 elegantia,
815 1917 952 1954 tamen
995 1914 1121 1954 etiam
1157 1914 1319 1954 illorum
1363 1927 1443 1954 non
1484 1915 1617 1954 minus
1649 1928 1771 1966 quam

189 1973 513 2026 peregrinorum,
555 1975 599 2015 in
641 1975 836 2016 conviviis
874 1977 1001 2026 certe,
1044 1974 1243 2026 quaedam
1286 1976 1348 2014 est
1390 1975 1680 2024 iniucunditas,
1723 1976 1772 2013 ut

190 2033 344 2073 scilicet
379 2034 499 2074 nimis
536 2047 680 2086 parcae
717 2048 764 2075 ac
800 2037 943 2075 tenues
985 2035 1067 2074 sint
1104 2029 1276 2086 epulae.'
1356 2036 1394 2074 5.
1425 2032 1630 2087 παρέθηκε
1671 2030 1771 2074 ‘sciL

190 2092 354 2132 Atticus
384 2090 532 2134 homo'.
571 2094 688 2134 Mein.
745 2095 815 2135 sed
855 2095 1054 2147 quomodo
1091 2109 1148 2141 τις
1183 2094 1319 2134 deesse
1357 2095 1487 2145 possit
1526 2108 1605 2134 non
1643 2095 1770 2134 video.

194 2154 230 2192 7.
263 2153 413 2193 echinos
442 2154 551 2206 ipsos
594 2168 674 2194 non
704 2155 963 2207 reprehendit
996 2150 1065 2209 (cf.
1100 2156 1152 2194 19
1170 2149 1265 2208 sq),
1304 2154 1375 2193 sed
1412 2154 1520 2206 quod
1556 2154 1674 2204 pauci
1705 2154 1772 2193 ad-

191 2215 403 2262 ponantur.
473 2216 511 2254 9.
542 2214 591 2253 de
622 2212 821 2271 ἀντακαίῳ
853 2215 902 2254 cf.
933 2215 1153 2265 Antiphan.
1188 2216 1256 2254 77.
1299 2214 1430 2253 Str-ab.
1465 2216 1488 2254 7
1520 2228 1557 2264 p.
1592 2215 1676 2254 307
1709 2209 1772 2266 (ἐν

191 2274 245 2328 τῷ
277 2271 429 2328 διάπλῳ
459 2275 513 2330 τῷ
545 2273 600 2322 εἰς
634 2274 892 2328 Φαναγορίαν
923 2273 967 2314 ἐκ
1004 2279 1074 2314 τοῦ
1106 2270 1432 2326 Παντικαπαίου)
1465 2272 1564 2313 εἰσὶν
1601 2273 1645 2313 οἱ
1671 2272 1771 2313 ἀπο-

192 2330 414 2383 ληφθέντες
450 2331 494 2373 ἐν
531 2336 584 2390 τῷ
621 2334 849 2391 κρυστάλλῳ
869 2366 878 2374 .
899 2366 908 2374 .
930 2366 938 2374 .
959 2332 1179 2385 ἀντακαῖοι,
1211 2333 1366 2384 δελφῖσι
1396 2333 1558 2385 πάρισοι
1587 2331 1629 2372 τὸ
1661 2331 1771 2386 μέγε-

192 2394 281 2439 θος.
345 2394 413 2433 16.
443 2393 560 2433 Hom.
592 2394 640 2433 Il.
669 2397 736 2446 22,
767 2397 853 2435 495
893 2394 1018 2446 χείλεα
1056 2391 1128 2446 μέν
1157 2389 1190 2432 τ’
1226 2390 1369 2445 ἐδίην’,
1406 2391 1593 2449 ὑπερῴην
1625 2389 1661 2432 δ’
1697 2391 1773 2432 οὐκ

193 2449 349 2502 ἐδίηνεν
381 2447 520 2507 (Mein.
546 2454 582 2492 V
619 2451 734 2507 113).
815 2457 883 2493 21.
922 2467 971 2493 ne
1010 2454 1130 2494 sicuti
1166 2454 1209 2492 in
1240 2466 1286 2493 eo
1325 2454 1374 2492 de
1407 2467 1485 2504 quo
1526 2466 1649 2503 supra
1679 2466 1770 2492 nar—

194 2514 355 2550 raverat
386 2513 568 2552 convivio
606 2514 736 2553 denuo
774 2516 941 2565 propter
970 2515 1220 2565 paucitatem
1259 2513 1477 2564 adparatus
1516 2514 1602 2551 cibo
1636 2513 1770 2563 aliquo

193 2571 394 2621 privetur,
430 2585 555 2612 unum
585 2573 770 2624 idemque
803 2574 986 2614 omnibus
1019 2573 1228 2613 obsonium
1260 2572 1407 2623 adponi
1443 2573 1574 2624 iubet,
1612 2573 1682 2612 sed
1724 2575 1771 2611 ut

197 2630 372 2670 sufficiat
403 2632 598 2673 omnibus.

1414 3008 1484 3045 18*
