2014 3334
754 237 959 271 AAnAszN
983 235 1246 271 ΔΡΑΜΑΤΩΝ
1697 234 1786 278 293

146 387 148 389 ,
203 349 284 392 ἀπὸ
315 350 434 404 τύχης
464 347 629 404 ἐγένετο,
660 345 744 390 ἀλλ’
782 347 862 390 ἀπὸ
894 354 1147 403 παρασκευῆς
1176 353 1247 402 τῆς
1277 346 1386 401 ἐμῆς.
1448 349 1553 388 Plat.
1584 348 1681 401 Leg.
1717 351 1785 399 11,

206 411 333 454 920d
370 409 450 451 ἀπὸ
479 409 599 463 τύχης
629 407 946 463 ἀπροσδοκήτου.
1029 411 1096 449 14.
1134 409 1200 449 hic
1232 422 1373 450 versus
1406 421 1652 460 quamquam
1681 408 1785 448 nihil

205 471 384 513 continet
415 470 523 523 quod
552 483 634 510 non
663 470 746 510 iam
777 484 813 510 v.
848 472 871 510 6
906 470 1058 509 dictum
1089 469 1155 522 sit,
1186 471 1323 509 tamen
1355 469 1489 509 omitti
1519 481 1601 508 non
1630 470 1786 520 potest:

203 544 300 572 nam
328 531 451 572 verba
482 528 524 570 τὸ
557 526 600 570 δὲ
630 528 752 582 πέρας
782 543 863 570 11011
895 530 1169 570 adhortationi
1201 524 1322 583 (θεῶ)
1353 529 1683 580 praemittuntur,
1715 528 1785 568 sed

205 591 461 632 conclusioni.
510 587 645 643 φυλὴν
688 603 782 630 sane
814 590 997 641 ineptum
1030 591 1104 639 est,
1140 588 1304 642 φύρδην
1334 602 1429 629 vero
1461 602 1590 641 neque
1623 588 1785 629 comicis

204 652 404 692 usitatum
452 664 582 703 neque
625 650 846 690 sententiae
891 651 1046 701 aptum:
1097 662 1192 689 nam
1235 646 1363 701 ἄρδην
1400 646 1654 701 ἀνατρέπειν,
1703 661 1785 688 11011

204 711 368 765 φύρδην
403 714 512 752 recte
550 711 711 750 dicitur.
761 712 934 750 fortasse
973 708 1023 749 οὐ
1054 707 1170 749 πόλιν
1208 706 1328 760 ὁμοῦ
1360 708 1523 759 φίλοις
1554 705 1576 748 ὅ
1610 706 1784 760 μαλακὸς

204 768 432 826 ἀνατρέπεις
495 772 563 811 15.
594 774 693 822 θεῶ,
725 768 804 810 ὑπὸ
836 772 888 810 Λ.
920 766 964 810 θ’
1000 767 1055 818 ὥς
1085 768 1185 809 εἰσιν
1216 766 1326 809 ἀνατ.
1361 767 1507 809 σκόπει.

969 910 1024 953 14

419 997 482 1047 εἰς
514 997 660 1040 οἰκίαν
692 996 800 1038 ὅταν
830 1010 897 1046 τις
928 995 1043 1050 εἰσίῃ
1076 995 1257 1052 φίλου,,

362 1085 366 1088 ·
419 1069 541 1112 ἔστιν
571 1072 778 1124 θεωρεῖν,
812 1067 1047 1122 Νικοφῶν,
1079 1066 1161 1121 τὴν
1191 1071 1272 1108 τοῦ
1305 1066 1442 1121 φίλου

420 1141 605 1184 εὔνοιαν
636 1139 777 1190 εὐθὺς
807 1140 1003 1182 εἰσιόντα
1033 1138 1110 1188 τὰς
1140 1137 1301 1194 θύρας.

419 1212 444 1256 ὁ
474 1212 685 1268 θυρωρὸς
718 1211 868 1267 ἱλαρὸς
899 1210 1078 1267 πρῶτόν
1110 1208 1245 1263 ἐστιν,
1277 1208 1304 1264 ἡ
1336 1208 1459 1251 κύων

379 1296 399 1327 5
420 1286 549 1340 ἔσηνε
579 1282 654 1326 καὶ
685 1279 928 1340 προσῆλθ’,
960 1281 1216 1336 ὑπαντήσας
1249 1279 1301 1323 δέ
1329 1296 1396 1331 τις

420 1357 585 1413 δίφρον
617 1354 786 1405 εὐθέως
818 1355 967 1410 ἔθηκε,
999 1352 1083 1396 κᾶν
1114 1351 1269 1409 μηδεὶς
1300 1351 1406 1408 λέγῃ

419 1427 570 1485 μηδέν.

326 1516 561 1559 Athenaeus
596 1517 633 1566 1,
666 1517 725 1555 3c
769 1511 868 1553 κατὰ
896 1511 980 1553 ’τὸν
1022 1510 1329 1569 κωμῳδιοποιὸν
1368 1508 1669 1564 Ἀπολλόδωρον
1706 1513 1784 1550 κτλ.

204 1578 244 1616 3.
275 1574 445 1616 εἰσιόντα
475 1574 561 1626 ΒΟ]
602 1573 762 1615 εἰσιόντι
791 1574 875 1613 VL.
956 1574 994 1614 5.
1031 1571 1145 1612 ἕσανε
1177 1573 1206 1612 Ο
1246 1569 1333 1612 ‘sed
1364 1585 1388 1611 a
1418 1572 1461 1611 in
1496 1567 1590 1611 ras?
1627 1571 1784 1610 Kaibel.

203 1638 326 1688 atque
357 1634 480 1688 ἔσηνα
511 1635 634 1675 etiam
665 1634 919 1686 posteriores.
963 1630 1162 1686 προσῆλθ’
1197 1629 1335 1684 Mein]
1368 1634 1611 1684 προσῆλθεν.
1659 1629 1783 1670 ὑπαν-

203 1706 323 1760 τήσας
348 1705 391 1747 δέ
415 1722 473 1756 τις
498 1707 612 1747 Grot.
636 1708 822 1758 Excerpt.
850 1704 956 1758 807]
989 1692 1198 1757 ὑπάντησέ
1222 1719 1277 1753 τις
1303 1704 1343 1744 C.
1394 1702 1621 1756 ὑπήντησεν
1653 1700 1697 1743 δέ
1727 1718 1785 1751 τις

204 1770 246 1807 et
279 1769 316 1808 6.
366 1765 519 1816 εὐθέως
549 1763 582 1806 τ’
614 1767 734 1806 Mein.

969 1858 1024 1901 15

419 1950 534 1998 μισῶ
564 1943 704 1998 τύχην
737 1947 966 1984 συνοῦσαν
998 1941 1152 1997 ἀτυχεῖ
1180 1941 1369 1997 σώματι·

420 2014 656 2075 ὅστις-γὰρ
688 2013 907 2069 εὐπορῶν,
939 2014 1083 2069 παρὸν
1116 2014 1193 2068 ζῆν
1223 2011 1378 2068 ἡδέως,

418 2093 562 2136 κακῶς
594 2085 752 2140 διάγει,
783 2086 830 2127 τί
857 2085 913 2127 ἄν
943 2100 1010 2135 τις
1041 2082 1136 2126 ἄλλ’
1173 2083 1200 2140 ἢ
1232 2090 1283 2140 τῇ
1315 2084 1425 2140 τύχῃ

418 2157 651 2214 μέμφοιτο,
684 2158 798 2200 διότι
830 2158 1043 2212 δυστυχεῖ
1071 2156 1377 2211 συνδυστυχεῖ.

324 2230 522 2286 Stobaefis
558 2245 697 2285 Floril.
733 2246 805 2296 16,
838 2247 862 2283 2
904 2240 1204 2295 Ἀπολλοδώρου
1237 2243 1285 2282 Α.
1366 2245 1403 2282 3.
1444 2240 1518 2292 τις]
1562 2236 1700 2289 οὗτος
1732 2242 1779 2282 Κ.

205 2307 244 2344 4.
285 2304 468 2358 συντύχει
503 2301 571 2345 A¹.
634 2304 900 2356 συνδυστυχεῖ
924 2299 979 2343 A²
993 2299 1058 2344 ΒΞ.
1114 2301 1189 2342 σὺν
1232 2301 1328 2358 τύχῃ
1371 2302 1549 2341 NTrinc.
1594 2323 1649 2329 —-
1695 2297 1780 2352 ‘qui

204 2366 347 2415 opibus
391 2365 633 2417 instructus,
678 2365 826 2416 quibus
870 2364 1050 2404 suaviter
1092 2364 1228 2403 vivere
1272 2363 1416 2414 possit,
1461 2364 1596 2400 tamen
1641 2362 1779 2418 morbo

204 2426 392 2464 laborans
422 2425 488 2466 vel
519 2425 597 2464 alio
629 2426 736 2465 malo
767 2424 984 2464 infeliciter
1014 2424 1136 2474 vivit,
1168 2423 1266 2474 quid
1295 2423 1356 2462 hic
1387 2422 1498 2461 aliud
1529 2435 1650 2472 quam
1682 2422 1778 2461 For-

204 2487 326 2523 tunae
350 2485 581 2536 exprobret,
613 2485 721 2536 quod
751 2484 923 2524 infelicis
957 2483 1127 2523 hominis
1159 2483 1439 2522 infelicitatem
1470 2494 1553 2521 una
1582 2477 1749 2520 feratP'.

965 2625 1019 2667 16

419 2708 501 2750 οὐκ
532 2705 618 2751 οἷδ’
655 2708 740 2767 ὅτῳ
771 2708 1006 2758 πέποιθας·
1040 2706 1252 2763 ἀργυρίῳ,
1284 2704 1441 2760 πάτερ;

419 2778 443 2822 ὃ
474 2780 626 2836 καιρὸς
657 2779 681 2823 ὁ
712 2781 859 2836 τυχὼν
890 2787 983 2830 τοῖς
1014 2775 1095 2834 μὲν
1127 2777 1180 2819 οὐ
1211 2775 1493 2831 κεκτημένοις

419 2851 570 2906 ἔδωκε,
600 2858 691 2894 τῶν
720 2850 998 2907 κεκτημένων
1031 2846 1072 2892 δ’
1107 2848 1332 2905 ἀφείλετο;

326 2937 522 2977 Stobaeus
542 2938 679 2977 Floril.
704 2939 800 2988 105,
826 2940 880 2977 49
909 2934 1210 2991 Ἀπολλοδώρου
1233 2938 1279 2974 A.
1343 2937 1380 2973 2.
1411 2931 1433 2973 ὃ
1456 2932 1591 2983 Mein]
1625 2931 1658 2974 ὅ.
1685 2938 1776 2984 post
