2014 3334
245 223 332 265 274
615 246 618 250 f
761 222 1020 255 ΙΠΠΑΡΧΟΤ
1045 220 1301 255 ΠΑΝΝΤΧῙΣ

903 328 1161 363 ΠΑΝΝΤΧΙΣ

367 407 529 446 Titulus
561 408 697 445 utrum
727 406 777 444 ad
801 404 1003 456 pervigilii
1035 403 1331 443 solemnitatem
1354 403 1555 453 pertineat
1580 414 1630 441 an
1662 415 1686 441 a
1709 403 1814 442 Pan-

244 467 416 518 nychide
446 466 705 505 mulierculae
742 465 900 504 nomine
939 464 1083 503 duetus
1120 463 1172 502 sit
1208 463 1406 502 incertum
1440 464 1512 501 est.
1560 462 1610 501 cf.
1634 461 1814 501 Alexidis

244 524 450 578 Παννυχὶς
475 523 502 576 ἢ
522 522 698 578 Ἔριθοι,
718 520 847 571 Ἰπνὸς
878 520 905 574 ἢ
935 522 1137 575 Παννυχίς
1154 522 1417 573 Pherecratis,
1442 520 1648 573 Παννυχίς
1666 521 1816 561 Eubuli

245 589 286 626 et
311 586 495 636 Callippi.
545 583 739 636 παννυχὶς
769 582 923 635 κωμική
960 582 1216 634 proverbium
1250 584 1311 621 est
1339 582 1569 632 Theophan.
1597 581 1755 622 Contin.
1776 583 1814 631 5,

248 648 313 685 26.
367 647 417 685 cf.
436 645 590 684 Aelian.
610 645 658 683 N.
681 657 742 684 an.
765 647 803 694 7,
826 645 877 683 19
911 641 958 681 τὰ
996 641 1176 694 μειράκια
1206 639 1252 679 τὰ
1283 646 1352 681 τοῦ
1384 640 1632 692 Μενάνδρου
1665 639 1707 680 ἐν
1731 643 1816 687 ταῖς

245 705 482 757 παννυχίσιν
518 703 723 744 ἀκόλαστα.
779 703 1001 742 meretricis
1037 714 1182 741 nomen
1219 703 1281 740 est
1317 701 1479 740 Lucian.
1511 701 1616 740 Dial.
1649 713 1744 739 mer.
1777 702 1816 739 9.

1013 819 1043 860 4

364 907 596 946 Athenaeus
632 908 706 955 15,
740 908 853 945 6910
896 903 1130 955 παμπόλλου
1169 899 1204 942 δ’
1245 901 1503 956 ἐπιπράσκετο
1536 898 1756 953 Ἀθήνησιν
1789 899 1815 953 ἡ

246 972 316 1006 τοῦ
349 966 477 1019 μύρου
509 966 668 1017 κοτύλη,
700 963 766 1004 καὶ
798 962 850 1011 ὡς
882 962 953 1015 μὲν
972 961 1186 1014 Ἵππαρχός
1217 973 1341 1013 φησιν
1367 960 1409 1001 ἐν
1435 962 1673 1014 Παννυχίδι,
1703 959 1816 1001 πέντε

249 1032 371 1078 μνῶν.
421 1024 552 1076 πέντε]
584 1029 606 1064 ἒ
638 1027 684 1064 A.
737 1025 785 1063 cf.
817 1024 991 1063 Boeckh.
1024 1022 1114 1061 Oec.
1146 1022 1229 1060 Att.
1263 1022 1282 1059 Ι
1318 1024 1412 1061 117.

1016 1139 1043 1181 5

533 1200 747 1256 βατάνιον

366 1273 511 1327 Pollux
532 1289 599 1337 10,
622 1289 705 1326 108
727 1283 878 1333 ’Ἀλεξις
909 1283 952 1325 ἐν
967 1281 1313 1339 Ἀσκληπιοκλείδῃ
1332 1278 1430 1338 (24)
1449 1283 1619 1323 πατάνια
1645 1282 1818 1335 εἴρηκεν·

247 1347 289 1388 ἐν
310 1345 352 1387 δὲ
370 1351 454 1395 ταῖς
472 1344 687 1399 Ἱππάρχου
707 1345 957 1397 Παννυχίσιν
982 1343 1182 1396 εὑρῆσθαί
1202 1355 1302 1394 φασι
1332 1342 1430 1383 κατὰ
1460 1342 1532 1394 τὴν
1550 1348 1629 1383 τῶν
1650 1342 1817 1383 ἰδιωτῶν

249 1407 470 1459 συνήθειαν
502 1405 709 1459 εἰρημένον
741 1404 942 1458 βατάνιον.

370 1467 429 1506 Of.
460 1469 670 1518 praeterea
701 1478 803 1516 quae
836 1465 886 1504 ad
918 1463 1091 1514 Callippi
1122 1463 1359 1515 Παννυχίδα
1390 1463 1644 1502 adnotantur.

792 1688 841 1735 A
868 1688 914 1735 T
936 1687 979 1735 Γ
1003 1687 1055 1735 Κ
1085 1687 1127 1734 Ε
1153 1686 1199 1733 T
1222 1686 1264 1733 Σ

859 1783 1028 1822 Meinek.
1059 1782 1080 1820 I
1112 1783 1210 1821 458.

883 1872 1174 1906 ΚΕΝΤΑΤΡΟΣ

1023 1959 1046 2000 1

427 2041 617 2099 μάγειρ’,
650 2042 673 2085 6
704 2042 835 2085 θύων
867 2039 964 2084 ἔσθ’
1003 2040 1026 2083 6
1054 2041 1287 2091 δειπνίζων
1317 2035 1355 2081 τ’
1391 2036 1465 2094 ἐμε

421 2113 602 2169 Ῥόδιος,
635 2114 719 2169 ἐγὼ
753 2111 792 2156 δ’
831 2113 854 2156 6
885 2111 1149 2168 κεκλημένος
1181 2113 1443 2164 Περίνθιος·

428 2186 660 2242 οὐδέτερος
691 2185 817 2240 ἡμῶν
847 2184 999 2239 ἥδεται
1029 2190 1123 2233 τοῖς
1150 2181 1360 2232 Ἀττικοῖς

429 2259 636 2307 δείπνοις.
698 2256 830 2311 ἀηδία
861 2255 945 2311 γάρ
978 2254 1097 2297 ἐστιν
1124 2252 1292 2308 Ἀττικὴ

387 2342 406 2371 5
429 2330 574 2385 ὥσπερ
607 2327 770 2382 ξενική·
802 2325 1026 2384 παρέθηκε
1058 2327 1220 2368 πίνακα
1251 2325 1335 2380 γὰρ
1367 2323 1519 2379 μέγαν,

428 2402 584 2456 ἔχοντα
617 2400 802 2455 μικροὺς
832 2397 962 2441 πέντε
993 2399 1282 2446 πινακίσκους
1313 2395 1362 2437 ἐν
1394 2389 1448 2437 οἶ.

427 2472 598 2514 τούτων
630 2470 653 2513 6
685 2468 766 2526 μὲν
797 2471 884 2525 ἔχει
916 2469 1151 2524 σκόροδον,
1184 2466 1207 2509 6
1241 2466 1281 2508 δ’
1317 2465 1491 2521 ἐχίνους
1523 2467 1619 2522 δύο,

430 2543 452 2586 ὁ
486 2541 534 2585 δὲ
565 2542 852 2599 θρυμματίδα
883 2544 1107 2595 γλυκεῖαν,
1140 2538 1162 2581 6
1196 2535 1244 2580 δὲ
1276 2539 1437 2593 κόγχας
1469 2536 1589 2593 δέκα,

429 2615 452 2657 6
486 2612 525 2656 δ’
563 2614 803 2656 ἀντακαίου
835 2613 1005 2669 μικρόν.
1068 2610 1116 2653 ἐν
1148 2610 1238 2668 ὅσῳ
1273 2605 1314 2651 δ’
1349 2608 1502 2663 ἐσθίω,

370 2698 410 2729 10
430 2685 577 2740 ἕτερος
608 2683 756 2739 ἐκεῖν’,
789 2683 838 2726 ἐν
870 2684 960 2742 ὅσῳ
994 2680 1034 2724 δ’
1070 2681 1251 2735 ἐκεῖνος,
1282 2678 1401 2723 τοῦτ’
1438 2679 1522 2735 ἐγὼ

430 2757 645 2812 ἠφάνισα·
683 2756 901 2811 βούλομαι
933 2751 974 2797 δ’
1011 2753 1110 2809 ἐγώ,
1142 2752 1337 2808 βέλτιστε
1369 2752 1440 2806 σύ,

429 2828 607 2871 κάκεῖνο
639 2826 713 2870 καὶ
742 2825 881 2882 τοῦτ’,
914 2821 1009 2869 ἀλλ’
1044 2825 1241 2867 ἀδύνατα
1272 2824 1508 2879 βούλομαι·

431 2900 532 2942 οὔτε
565 2901 757 2955 στόματα
788 2899 872 2955 γὰρ
905 2898 1006 2940 οὔτε
1037 2898 1158 2952 χείλη
1191 2893 1311 2938 πέντ’
1348 2896 1443 2950 ἔχω.
