2014 3334
214 178 300 221 392
795 154 1122 218 ’ΣΩΣῙΚΡΑΤΗΣ
1151 205 1192 210 -

757 314 964 348 ΑΔΗΛῼΝ
988 314 1250 349 ΔΡΑΜΑΤῼΝ

988 399 1014 441 3

430 479 596 535 ἀγαθοὶ
629 479 677 524 δὲ
708 482 758 524 τὸ
789 483 927 527 κακόν
959 481 1091 538 ἐσμεν
1122 480 1192 538 ἐφ’
1230 482 1392 542 ἑτέρων
1425 485 1552 540 ἰδεῖν,

429 551 556 595 αὐτοὶ
589 550 629 595 δ’
666 553 773 596 ὅταν
804 560 1001 610 ποιῶμεν
1033 554 1087 597 οὐ
1118 555 1405 612 γινώσκομεν.

334 650 531 691 stobaeus
562 653 802 724 Ὲ1οῃ1.τ23,
837 655 859 692 2
894 653 1175 707 Σωσικράτους
1207 644 1417 710 (σωσικρα)
1442 655 1491 695 Α.
1542 647 1656 710 σικρα
1675 657 1790 698 Voss

214 710 335 751 Hens.
361 711 430 750 fol.
463 713 487 752 5
520 726 558 753 v.
597 706 736 765 σιοκρα
772 714 879 752 idem
915 715 983 754 fol.
1019 716 1071 754 19
1093 728 1130 754 v.
1186 715 1372 767 Euripidi
1407 716 1553 755 tribuit
1590 717 1791 758 Anbonius

213 770 304 809 Mel.
324 785 364 821 p
388 773 484 811 349.
536 773 583 811 ef
604 775 775 812 monost.
797 775 865 813 46.
886 775 954 815 47.
988 774 1184 814 stobaeus
1206 777 1274 828 23,
1297 777 1320 815 5
1347 774 1593 828 Εὐριπίδου·
1624 774 1793 825 ἅπαντές

214 828 331 880 ἐσμεν
369 830 424 878 εἰς
461 830 504 871 τὸ
536 836 744 872 νουθετεῖν
777 833 917 885 σοφοί,
955 832 1068 873 αὐτοὶ
1100 831 1136 873 δ’
1172 833 1265 875 όταν
1298 838 1532 888 σφαλῶμεν,
1570 835 1619 876 οὐ
1650 835 1793 890 γιγνώ-

214 900 359 941 σκομεν
399 886 556 945 (Eurip.
588 893 637 932 fr.
667 894 779 933 1029
807 888 889 947 Ν..)
960 896 996 933 1.
1030 891 1091 944 δὲ]
1124 893 1198 948 γὰρ
1219 896 1334 935 Voss.
1365 896 1435 935 fol.
1465 898 1531 936 19.
1569 895 1685 948 ε’σμεν
1717 910 1794 938 om.

214 950 331 990 idem.
365 948 520 1004 ἑτέρους
553 952 684 992 Trinc.
715 975 773 979 —
806 953 856 992 ef.
887 953 1056 994 Rstsohl.
1089 953 1233 1005 Opusc.
1265 955 1286 994 I
1319 957 1416 996 836.
1440 959 1477 996 7.

988 1082 1016 1124 4

430 1163 537 1207 ὅταν
567 1169 731 1208 ποθεῖν
763 1164 868 1222 λε’γη
901 1176 949 1208 σε
980 1164 1054 1208 καὶ
1086 1164 1286 1222 στέργειν
1315 1169 1447 1223 γυνή,

431 1238 578 1291 φοβοῦ
609 1235 712 1294 παρ’
750 1237 885 1294 αὐτῆς
915 1236 1083 1281 πλείον’
1121 1234 1185 1282 ὧν
1217 1237 1335 1294 λέγει
1365 1240 1489 1285 κακά.

333 1323 534 1363 Maximus
555 1323 667 1364 Conf.
686 1339 724 1375 p.
748 1326 830 1365 198
866 1325 1027 1365 Gesner.
1065 1325 1315 1378 Σωκράτους.
1359 1326 1642 1380 Σωσικράτους
1672 1327 1793 1367 Mein.

215 1382 236 1420 I
266 1384 365 1422 499.
428 1384 788 1424 ofiWachsmuizh.
828 1385 1473 1437 Stud.z.d.gr.F101-il.141.
1534 1388 1577 1426 111
1619 1387 1794 1427 editione

217 1443 381 1481 Maximi
408 1443 710 1495 Combefisiana,
741 1458 832 1484 mea
861 1446 1033 1485 fortasse
1066 1447 1257 1486 caecitate
1290 1447 1464 1497 quadam
1490 1448 1692 1497 deceptus,
1716 1460 1796 1487 non

216 1503 388 1553 repperi.
472 1505 508 1544 1.
539 1507 685 1544 ποθεῖν
717 1502 808 1560 λέγῃ
841 1514 883 1544 σε
913 1503 980 1544 καὶ
1005 1516 1057 1545 στ.
1084 1504 1222 1557 Mein.]
1257 1510 1403 1546 ποθεῖν
1429 1518 1471 1546 σε
1495 1505 1563 1546 καὶ
1594 1517 1648 1547 στ.
1678 1504 1796 1559 λέγει.

217 1559 308 1618 λέγῃ
339 1566 487 1603 ποθεῖν
520 1575 561 1603 σε
592 1562 660 1604 καὶ
691 1575 744 1604 στ.
772 1565 972 1605 Wachsm.
1037 1568 1075 1605 2.
1105 1562 1256 1605 πλείον’
1291 1565 1429 1617 Mein]
1461 1563 1611 1607 πλέον’.

990 1694 1017 1736 5

433 1762 461 1818 ἡ
493 1770 582 1806 τῶν
614 1765 816 1808 κολάκων
849 1765 1002 1808 εὔνοια
1033 1765 1236 1823 καθάπερ
1268 1764 1316 1808 ἐκ
1346 1772 1511 1823 τροπῆς

435 1835 592 1890 φεύγει
622 1836 700 1887 τὰς
731 1836 921 1893 ἀτυχίας.

338 1922 537 1962 Maximus
558 1922 669 1963 Oonf.
692 1926 744 1963 11
779 1939 816 1975 p.
840 1926 923 1965 567
959 1925 1019 1964 ed.
1040 1924 1249 1965 Combefis.
1280 1925 1405 1966 Paris.
1435 1927 1548 1966 1675
1581 1924 1798 1980 Σωκράτης

219 1983 296 2020 κτλ.
348 1995 421 2023 scr.
452 1983 721 2035 Σωσικράτης.
790 1987 827 2024 2.
861 1997 934 2024 scr.
965 1983 1034 2032 τὰς
1065 1983 1227 2038 ἀτυχίας
1258 1985 1410 2039 φεύγει.

340 2174 538 2213 Maximus
571 2174 684 2214 Conf.
717 2177 771 2222 31
806 2190 844 2227 p.
879 2178 965 2216 620
998 2175 1205 2216 Oombefis.
1255 2175 1434 2229 Σωκράτ.
1471 2181 1541 2228 τῆς
1576 2176 1798 2229 παρρησίας

222 2234 351 2286 ὥσπερ
391 2231 549 2287 ὀπώρας
586 2234 630 2274 ἐν
661 2237 785 2292 καιρῷ
803 2232 848 2287 ἡ
888 2235 998 2288 χάρις
1034 2233 1160 2288 ἡδεῖα.
1223 2249 1325 2288 quae
1358 2237 1415 2276 sie
1445 2237 1635 2276 videntur
1665 2236 1797 2276 redin-

222 2295 435 2346 tegranda:
497 2294 770 2347 Σωσικράτης·
808 2300 878 2348 τῆς
908 2296 1129 2349 παρρησίας
1165 2293 1171 2349 Ι
1205 2295 1388 2350 καθάπερ
1420 2293 1580 2351 ὀπώρας
1610 2294 1714 2337 ἐστὶν
1744 2293 1797 2349 ’ἣν

221 2356 346 2411 καιρῷ
377 2354 486 2408 χάρις
514 2352 520 2407 Ι
546 2352 675 2407 ἡδεῖα.

510 2506 676 2563 ἀμφίας
995 2449 1020 2492 7

342 2589 451 2642 οἶνος
482 2592 503 2634 ὅ
536 2597 690 2645 φαῦλος
720 2597 892 2635 καλεῖται
920 2593 1029 2667 παρὰ
1058 2594 1311 2647 Σωσικράτει.
1360 2595 1596 2636 Athenaeus
1630 2598 1666 2648 1,
1699 2598 1798 2636 310.

224 2653 372 2706 άμφιος
404 2654 480 2694 ΟΕ.
533 2655 678 2694 Suidas
711 2653 908 2707 ἀμφίας·
949 2652 1102 2708 μέτριος
1133 2649 1250 2702 οἶνος.
1305 2654 1574 2709 Νικόστρατος
1597 2655 1799 2696 Οἰνοποιω

225 2710 318 2769 (18)
351 2713 417 2754 καὶ
447 2714 714 2767 Σωσικράτης.
763 2716 936 2768 Hesych.
969 2713 1136 2766 ἀμφίας·
1167 2713 1282 2768 γένος
1313 2715 1439 2756 οἴνου.
