2014 3334
0 1829 17 2054 [ς

0 265 22 1092 Ρ
283 832 310 870 q

706 282 914 318 ΑΔΗΛῼΝ
939 283 1203 318 ΔΡΑΜΑΤΩΝ
1660 283 1739 326 161

159 390 288 445 εὖξαι·
325 395 364 436 τί
390 394 546 448 βούλει;
581 395 754 448 Madvig.
786 395 956 435 Advers.
988 396 1076 436 crit.
1107 396 1128 435 I
1162 395 1265 447 719]
1300 390 1409 445 εὖξαι
1441 397 1480 437 τί
1506 397 1544 450 β.
1596 391 1740 446 εὔξαιτ’

159 455 196 497 εἰ
224 456 262 510 β.
294 456 331 496 Α
351 456 468 496 Voss.
519 454 630 504 εύξαι
660 451 693 496 τ’
730 455 766 496 εἰ
790 452 909 495 Vind.
960 452 1118 504 εὔξαιθ’
1155 453 1176 496 ὃ
1202 457 1248 496 Β.
1298 456 1521 510 γενήσεται]
1556 455 1748 511 γενέσθαι

158 517 196 556 Α
257 515 498 571 γενήσεσθαι
529 517 576 556 Β.
657 518 695 556 8.
735 514 934 566 δικασταί]
974 516 1128 568 βοηθοί
1162 517 1280 556 Mein.
1315 518 1425 558 Stob.
1459 518 1522 557 III
1559 531 1657 557 xxm
1699 530 1746 557 ex

159 576 329 617 Philam.
352 578 420 618 65.
471 589 518 616 ac
543 590 638 617 sane
665 575 851 624 δικαστὰς
875 589 993 616 nemo
1022 577 1129 617 votis
1157 577 1234 616 sibi
1260 580 1421 627 expetet
1453 579 1531 617 nisi
1563 581 1745 627 faventes.

159 650 234 677 scr.
265 640 516 678 θιασῶται.
574 637 622 676 de
655 636 856 677 sententia
887 637 936 676 cf.
963 636 1173 688 Arisboph.
1200 632 1252 676 ‘fr.
1287 639 1386 678 437.
1451 640 1488 678 9.
1519 636 1612 686 τοὺς
1642 636 1747 690 ὑπη-

159 694 271 751 ρέτας
301 696 426 746 θεούς
457 697 595 749 Oomp.
627 697 729 737 Men.

279 758 328 797 de
369 757 531 809 placitis
573 756 809 808 Epicharmi
850 759 892 797 et
927 757 1138 797 Menandri
1177 758 1227 797 cf.
1259 759 1311 797 M.
1344 759 1495 810 Haupt.
1528 758 1672 809 Opuse.
1706 759 1746 797 II

162 819 280 858 191s
311 847 321 858 .
385 820 422 858 6.
455 819 505 858 cf.
537 818 758 869 Antiphan.
794 819 892 866 109,
926 820 964 858 3.
996 818 1167 857 Philam.
1189 819 1257 858 65.
1309 818 1439 858 Plaut.
1466 819 1608 858 Pseud.
1643 822 1679 868 2,
1710 821 1747 871 3,

161 879 186 918 5
217 878 311 918 Ιιαόσ
341 872 558 933 (ορίεὺιὼ.)
591 908 600 918 .
627 908 637 918 .
669 879 789 918 cornu
820 870 998 927 copiae's't,
1029 880 1097 918 ubi
1127 880 1226 919 mest
1256 880 1444 928 quidquid
1474 881 1568 919 volo.

914 1007 1000 1051 538

377 1092 486 1135 ὅταν
518 1090 686 1135 εἰδέναι
716 1091 856 1149 θέλῃς
887 1093 1078 1135 σεαυτὸν
1111 1092 1231 1144 ὅστις
1263 1089 1317 1148 εἷ,

377 1166 601 1221 ἕμβλεψον
633 1165 696 1216 εἰς
727 1165 781 1207 τὰ
813 1162 1013 1220 μνήμαθ’
1052 1165 1111 1216 ὡς
1142 1163 1407 1223 ὁδοιπορεῖς.

378 1233 561 1280 ἐνταῦθ’
598 1235 738 1280 ἔνεστ’
776 1237 884 1280 ὀστᾶ
914 1252 962 1280 τε
992 1235 1067 1280 καὶ
1098 1238 1247 1293 κούφη
1279 1239 1400 1287 κόνις

378 1308 559 1367 ἀνδρῶν
590 1308 813 1371 βασιλέων
844 1307 919 1352 καὶ
949 1309 1186 1367 τυράννων
1216 1308 1290 1353 καὶ
1322 1317 1479 1366 σοφῶν

338 1390 358 1423 5
378 1378 452 1423 καὶ
484 1378 596 1437 μέγα
627 1373 925 1438 φρονούντων
957 1379 1028 1424 ἐπὶ
1059 1379 1180 1436 γε’νει
1211 1379 1285 1424 καὶ
1316 1382 1539 1438 χρήμασιν

379 1451 528 1496 αὐτῶν
558 1468 605 1496 τε
639 1453 745 1510 δόξῃ
778 1451 884 1496 κάπὶ
915 1453 1066 1496 κάλλει
1099 1453 1328 1509 σωμάτων,

377 1518 473 1583 κᾷτ’
510 1522 647 1568 οὐδὲν
678 1525 831 1576 αὐτοῖς
861 1523 995 1569 τῶνδ’
1034 1524 1275 1583 ἐπήρκεσεν
1306 1527 1478 1583 χρόνος.

360 1598 533 1641 χκοινὸν
563 1597 643 1641 τὸν
674 1595 792 1656 ᾅδην
823 1586 956 1654 ἔσχον
989 1598 1037 1641 οἱ
1063 1598 1226 1649 πάντες
1257 1600 1424 1656 βροτοί.

378 1671 489 1727 πρὸς
519 1668 652 1713 ταῦθ’
693 1669 813 1728 ὁρῶν
844 1672 1035 1725 γίνωσκε
1068 1671 1237 1715 σαυτὸν
1268 1671 1390 1722 ὅστις
1422 1667 1473 1713 εἴ.

284 1757 540 1809 Comparatio
577 1758 682 1797 Men.
722 1761 764 1798 et
801 1758 904 1800 Phil.
931 1760 1014 1798 361
1056 1753 1329 1812 (Studemund
1367 1759 1471 1798 Men.
1511 1761 1552 1797 et
1590 1759 1749 1799 Philist.

164 1831 336 1869 compar.
373 1819 456 1858 166
473 1830 528 1868 sq.
561 1832 599 1869 p.
621 1813 708 1872 31).
775 1821 810 1858 1.
843 1817 956 1868 ὅταν]
990 1816 1041 1858 ἂν
1069 1818 1274 1859 Herwerd.
1307 1819 1453 1859 Mnem.
1484 1832 1575 1859 nov.
1596 1819 1653 1858 VI
1682 1823 1750 1860 77.

163 1876 286 1934 θέλῃς
316 1876 526 1929 Heinsius]
571 1875 702 1926 θέλεις
734 1878 814 1925 QP.
858 1877 1025 1918 σεαυτὸν
1059 1878 1171 1919 Grof.
1202 1880 1297 1919 Exc.
1332 1877 1436 1930 761]
1479 1878 1637 1919 σαυτὸν.
1712 1882 1750 1919 3.

165 1934 333 1978 ἐνταῦθ’
376 1937 508 1988 Grot]
559 1935 648 1978 ἐνθ’
698 1934 784 1978 αὖτ’
828 1939 908 1986 QP.
976 1935 1098 1978 ἔνεστ’
1146 1936 1239 1979 ὀστᾶ
1282 1954 1321 1980 τε
1358 1940 1470 1979 Pors.
1508 1939 1610 1980 Adv.
1645 1938 1748 1990 291]

165 1997 315 2039 ἔνεστιν
335 1996 449 2039 ὄστεα
468 1994 546 2059 (εἰς
565 1999 648 2038 fere
669 1995 768 2052 QP).
832 2001 868 2039 6.
896 1997 993 2039 κάπὶ
1015 1997 1152 2050 Mein]
1172 1998 1251 2039 καὶ.
1294 1999 1486 2051 σωμάτων
1506 1998 1644 2050 Mein]
1671 2005 1750 2039 τῶν

165 2058 369 2111 σωμάτων.
434 2062 471 2099 7.
491 2054 587 2114 κᾷτ’
605 2057 672 2110 K]
694 2057 854 2112 καὶΩΡ.
881 2055 966 2099 ἀλλ’
983 2059 1101 2099 Mein.
1130 2058 1264 2108 αὐτοῖς
1276 2059 1414 2110 Mein]
1436 2058 1579 2099 αὐτῶν.
1606 2059 1750 2113 χρόνον

165 2115 260 2160 ‘vim
291 2115 487 2169 temporis'
521 2118 634 2159 Grot.
666 2118 781 2172 χορός
815 2114 1023 2173 (coniung.
1055 2133 1146 2159 cum
1178 2117 1320 2173 τῶνδε)
1354 2121 1501 2171 Enger.
1540 2121 1642 2159 Mus.
1675 2121 1749 2160 Rh.

168 2181 304 2230 1867,
343 2180 501 2233 6389.
565 2176 735 2232 ὄλεθρον
780 2180 1028 2220 Heimsoeth.
1066 2180 1152 2219 Ind.
1190 2181 1318 2220 Bonn.
1359 2182 1472 2220 1867
1514 2182 1611 2220 aest.
1648 2193 1750 2232 xnn,

166 2240 272 2292 quod
291 2242 458 2291 propter
476 2240 604 2279 ictum
624 2234 891 2295 (ἐπήρκεσέν)
912 2240 1074 2280 admitti
1093 2254 1174 2280 non
1192 2244 1337 2292 potest.
1387 2239 1512 2292 μόρον
1533 2241 1750 2291 Η6Υνν61ἃ.,

166 2299 236 2351 qui
271 2301 370 2340 haec
407 2301 478 2339 aut
510 2300 661 2351 'tragici
700 2303 770 2340 aut
810 2300 1029 2340 imitatoris
1062 2302 1312 2354 tragicorum
1352 2313 1438 2340 esse
1472 2303 1616 2340 censet.
1680 2314 1751 2340 cur

170 2360 398 2401 comoediae
431 2359 714 2400 abiudioentur
744 2361 900 2401 nullam
930 2361 1047 2402 video
1080 2374 1254 2402 causam.

232 2451 234 2453 -
288 2421 336 2460 cf.
375 2420 543 2459 Philem.
585 2422 681 2460 116.
745 2421 1037 2473 Theophylact.
1083 2421 1226 2461 Simon.
1271 2422 1400 2472 Epist.
1440 2422 1495 2460 85
1549 2417 1749 2472 (Gnomol.

104 2505 106 2507 ·
168 2481 285 2520 Vind.
307 2481 476 2520 Ritschl.
497 2479 643 2531 Opuso.
662 2481 683 2520 I
704 2482 802 2530 566,
836 2478 912 2535 85)
945 2481 981 2521 εἰ
1009 2481 1137 2533 λύπης
1169 2479 1318 2529 ἐθέλεις
1349 2483 1519 2532 κρατεῖν,
1550 2479 1751 2531 περιπόλει

131 2576 136 2580 .
168 2539 261 2588 τοὺς
291 2540 466 2592 τάφους.
487 2572 495 2580 .
517 2539 604 2581 ,καὶ
635 2539 704 2589 τὰς
735 2541 915 2595 μεγίστας
945 2546 1024 2581 τῶν
1056 2539 1288 2593 ἀνθρώπων
1321 2539 1575 2592 εὐδαιμονίας
1608 2539 1750 2590 ἐπόψει

169 2598 383 2654 περαιτέρω
414 2599 563 2649 κόνεως
594 2599 648 2652 μὴ
681 2599 920 2654 κεκτημένοις
951 2600 993 2641 τὸ
1026 2601 1204 2653 φύσημα.
1224 2623 1281 2629 -
1303 2603 1342 2641 2.
1374 2613 1447 2641 scr.
1474 2598 1527 2648 ὡς
1559 2597 1749 2640 ὁδοιπό-

170 2675 262 2714 ρος.
326 2662 364 2701 8.
397 2658 529 2713 ἔσχον]
564 2659 734 2714 ἔλαχον
765 2662 815 2702 Κ.

918 2766 1005 2810 539

387 2848 410 2892 ὁ
442 2849 586 2892 πάντα
618 2848 861 2906 βουληθεὶς
892 2847 949 2893 ἂν
981 2850 1222 2906 ἄνθρωπος
1252 2854 1408 2891 πονεῖν

384 2927 473 2964 πᾶν
505 2920 561 2964 ἂν
591 2919 786 2976 γένοιτο·
817 2922 1031 2972 πλούσιος
1062 2922 1229 2978 τρόπον
1260 2920 1378 2963 τινά·

385 2993 520 3035 πάλιν
551 2994 801 3049 φιλόσοφός
832 3009 920 3036 τινι
952 2994 1146 3049 μαθήσει
1178 2992 1419 3049 χρώμενος·

245 3069 358 3096 Comici
378 3069 490 3104 graeci,
509 3069 555 3096 ed.
576 3070 631 3097 Th.
651 3071 748 3097 Kock.
768 3071 825 3097 111.
1422 3065 1459 3096 11
