2014 3334
780 240 948 274 AAHAA
974 239 1237 275 οιιοΤΕΡΑΣ
1699 235 1798 279 ,533

970 336 1056 379 702

506 424 649 477 Αἴτνη
681 418 889 478 (πέφυχ’)
922 420 1173 477 ἅνθρωπος.

339 508 510 548 Bekker.
540 508 690 548 Aneod.
725 510 792 557 22,
826 510 881 548 33
926 507 968 548 εἴ
1000 522 1057 555 τις
1100 505 1284 560 βούλοιτο
1328 504 1573 557 ἀποσκῶψαί
1612 519 1701 545 τινα
1744 504 1799 553 εἰς

216 567 472 622 πολυφαγίαν
507 566 575 609 καὶ
611 566 830 620 ἀπληστίαν
867 566 934 607 καὶ
971 565 1214 620 ἀδηφαγίαν.
1270 565 1418 619 εἴρηται
1455 564 1534 606 ἀπὸ
1566 570 1645 605 τῶν
1675 562 1720 605 ἐν
1750 570 1796 620 τῇ

216 627 344 685 Αἴτνῃ
369 626 576 682 κρατήρων
600 632 671 668 τοῦ
690 627 827 680 πυρός.
878 626 920 668 τὸ
947 625 989 667 δὲ
1015 632 1095 679 πῦρ
1121 625 1366 667 ἀναλωτικὸν
1389 641 1456 666 και
1480 623 1725 678 δαπανηράν.
1738 646 1797 652 -

216 686 356 740 αἴτνην
381 688 466 728 cod.
502 684 648 741 πέφυχ’
678 688 766 728 add.
787 687 848 741 K,
873 690 921 727 ut
946 687 1159 738 adpareret
1189 687 1387 738 quomodo
1420 686 1596 726 comicus
1628 698 1675 725 ea
1707 698 1797 725 sen-

215 748 348 788 tentia
376 748 439 788 uti
469 749 617 800 posset.

966 828 1052 871 703

930 911 1119 963 κυψέλαι
1151 910 1452 968 φρονημάτων

334 993 421 1038 οἷον
439 1002 566 1051 θῆκαι
586 997 827 1050 φρονήσεως.
872 996 1027 1050 κυψέλη
1052 996 1127 1052 γὰρ
1153 996 1312 1051 ἀγγεῖον
1342 997 1398 1045 εἰς
1423 995 1620 1036 ἀπόθεσιν
1644 1001 1797 1047 πυρῶν.

214 1059 644 1109 Bekker.Anecd.47,
675 1060 740 1098 15.
790 1058 958 1098 Photius
990 1060 1179 1109 corrupte
1210 1055 1382 1108 κυψέλαι
1407 1056 1694 1109 φρονημάτων·
1727 1053 1794 1109 ὠγ-

213 1121 309 1172 γεῐα.
359 1115 386 1170 ἢ
410 1117 518 1158 κενοὶ
552 1117 815 1157 παντάπασιν.
865 1119 915 1158 ef.
946 1118 1067 1158 Dobr.
1101 1118 1203 1158 Adv.
1236 1118 1255 1156 Ι
1289 1119 1387 1157 597.
1421 1119 1519 1157 619.
1570 1116 1797 1156 inridentur

215 1179 395 1218 homines
427 1178 543 1218 stulti
574 1179 645 1230 qui
677 1178 755 1218 sibi
785 1178 954 1217 ιιιιιιιιιιιι
986 1180 1183 1230 quantum
1215 1190 1355 1228 sapere
1386 1177 1588 1218 videntur.

962 1294 1048 1337 704

848 1376 931 1420 οὐκ
962 1376 1128 1435 ἀπείρῳ
1159 1374 1447 1432 προσέβαλεν.

331 1464 504 1504 Bekker.
537 1464 685 1504 Anecd.
720 1465 789 1515 56,
823 1466 898 1504 26-
919 1462 984 1504 ἑπὶ
1013 1469 1092 1504 τῶν
1130 1461 1325 1515 οἰομένων
1355 1462 1627 1515 ἐξαπατήσειν,
1658 1477 1795 1514 φωρα-

211 1522 368 1564 θέντων
413 1521 468 1564 δέ.
512 1521 730 1577 προέβαλεν
767 1524 852 1564 eod.
892 1546 947 1552 —
987 1524 1169 1575 Append.
1206 1537 1319 1575 prov.
1351 1525 1396 1574 4,
1429 1525 1485 1563 45
1528 1521 1603 1562 οὐκ
1646 1521 1795 1580 ἀπείρω

213 1581 484 1684 προσὲβαλες.
532 1586 667 1635 potest
703 1584 826 1624 etiam
864 1584 1028 1624 initium
1065 1584 1241 1623 trimetri
1279 1596 1365 1623 esse
1403 1580 1425 1623 ὁ
1457 1579 1494 1623 δ’
1537 1578 1622 1638 (vel
1653 1582 1702 1623 σὺ
1735 1565 1794 1635 δ’)

213 1658 288 1684 ουκ
345 1657 375 1683 π
417 1657 471 1696 πρ

960 1723 1047 1767 705

844 1799 1238 1852 παρακεκροῢσθαι
1267 1802 1354 1838 τῶν
1386 1802 1562 1850 φρενῶν

331 1882 501 1923 Bekker.
509 1882 658 1922 Anecd.
666 1883 737 1933 59,
752 1885 805 1923 27
826 1895 868 1922 π.
881 1895 912 1922 τ.
925 1896 993 1935 φρ.
1012 1879 1039 1934 ἢ
1056 1887 1127 1922 τοῦ
1146 1887 1239 1922 νοῦ·
1265 1877 1355 1922 οἷον
1374 1885 1710 1933 παραπεπαῖσθαι
1727 1880 1795 1922 καὶ

213 1939 267 1993 μὴ
293 1939 336 1981 ἐν
360 1943 414 1998 τῷ
439 1945 657 1982 καθεστῶτι
687 1937 801 1983 εἶναι.
849 1939 875 1994 ἡ
902 1941 1105 1995 μεταφορὰ
1130 1940 1208 1982 ἀπὸ
1233 1947 1313 1982 τῶν
1337 1939 1614 1994 κεκρουμένων
1639 1940 1790 1994 μέτρων

212 1999 278 2040 καὶ
310 2000 591 2053 δεδολωμὲνων
622 1998 699 2055 (sic
724 2003 850 2043 Bekk.
875 2015 948 2053 pro
981 1998 1166 2054 δεδουλ..)
1199 2002 1371 2054 Hesych.
1412 1997 1794 2057 παρακέκρο(υ)νται

211 2066 291 2100 τῶν
322 2067 500 2114 φρενῶν·
531 2057 885 2117 (παρ)ηλλάττοντο
917 2075 963 2101 ex
996 2063 1150 2102 emend.
1180 2062 1300 2102 Mein.
1332 2062 1478 2101 Philol.
1503 2062 1601 2101 XIII
1634 2063 1733 2102 549.

959 2179 1045 2221 706

501 2261 740 2318 παλάμημα
771 2260 845 2305 καὶ
875 2262 1073 2318 τύρευμα

335 2347 504 2387 Bekker.
530 2348 678 2388 Aneed.
707 2351 775 2400 60,
809 2351 862 2389 28
895 2354 987 2401 χρῶ.
1037 2347 1183 2400 εὕρεμα
1214 2349 1373 2388 Ruhnk.
1405 2349 1478 2399 Ep.
1510 2349 1594 2387 erit..
1620 2351 1640 2387 1
1663 2363 1701 2399 p.
1722 2351 1792 2388 43.

215 2419 438 2457 perperam.
470 2407 676 2448 Demosth.
712 2411 783 2460 19,
816 2410 899 2448 295
943 2406 964 2448 ὁ
996 2405 1068 2460 μὲν
1104 2402 1201 2459 ἧκεν
1238 2405 1347 2461 ἄγων
1377 2406 1471 2455 τοὺς
1508 2405 1665 2459 ξένους,
1697 2405 1718 2447 ὁ
1750 2404 1788 2448 δ’
1844 2453 1853 2461 ,

147 2525 153 2529 ¹
214 2463 334 2505 ἔνδον
365 2464 570 2520 ἐτύρευε.
621 2468 669 2507 cf.
701 2468 828 2508 Arist.
860 2468 932 2520 Eq.
965 2470 1064 2509 479.

960 2584 1044 2626 707

914 2666 1052 2709 τᾶλλα
1081 2664 1155 2709 καὶ
1188 2666 1432 2721 φιλώμεθα.

333 2750 505 2791 Bekker.
523 2751 674 2791 Anecd.
696 2754 764 2803 65,
785 2755 839 2793 25
871 2752 1064 2805 παροιμία
1093 2758 1172 2792 τῶν
1198 2751 1241 2792 ἐν
1266 2750 1339 2804 μὲν
1363 2755 1445 2800 τοῖς
1475 2749 1608 2799 ἄλλοις
1639 2763 1790 2806 συγχω-

215 2809 395 2862 ρούντων
426 2808 453 2850 ἃ
483 2810 700 2863 βούλονταί
731 2826 847 2863 τινες,
883 2810 942 2852 ἑνὶ
974 2811 1017 2852 δέ
1047 2826 1124 2851 τινι
1160 2810 1306 2863 μηκέτι.
1374 2811 1555 2863 σημαίνει
1598 2809 1640 2851 δὲ
1684 2807 1790 2852 οἷον·

215 2867 335 2910 τᾶλλα
365 2870 476 2921 φίλοι
506 2864 632 2922 ὦμεν,
669 2870 767 2911 κατὰ
798 2869 841 2911 δὲ
872 2878 987 2912 τοῦτο
1027 2870 1322 2923 διαφερώμεθα.
1371 2872 1541 2911 Photius
1572 2874 1614 2911 et
1644 2871 1789 2912 Suidas

214 2928 424 2983 λεγόμενόν
455 2945 501 2969 τι.
551 2925 639 2970 οἷον
670 2927 788 2971 τόἱλλα
818 2930 884 2971 καὶ
915 2932 1023 2983 φίλοι
1055 2925 1172 2983 ὦμεν.
