2014 3334
796 237 964 271 AAHAA
991 236 1256 272 οΠοτΕΡΑΣ
1724 233 1811 277 477

974 394 1061 438 363

437 475 596 534 ’Ἅιδην
627 477 928 534 ὑπειλήφασιν
959 478 1046 521 ὑπὸ
1078 483 1131 534 τῇ
1162 483 1218 534 γῇ
1250 479 1390 521 τόπον

445 550 611 605 βαθύν,
643 550 907 606 πολύχωρον
938 548 1011 593 καὶ
1044 550 1233 606 ζοφερὸν
1263 549 1488 604 κάνήλιον.

352 637 552 676 Lucianus
572 637 632 675 De
652 637 747 678 luet.
769 639 793 676 2
827 636 949 676 τόπον
974 635 1060 676 τινὰ
1086 634 1166 675 ὑπὸ
1191 641 1236 691 τῇ
1262 641 1312 691 γῇ
1338 635 1476 688 βαθὺν
1496 633 1641 687 Ἅιδην
1672 634 1813 687 ὑπειλ,

231 693 354 749 μέγαν
386 693 429 735 δὲ
459 694 526 735 καὶ
555 698 642 736 πολ.
675 701 816 736 τοῦτον
847 691 949 736 εἶναι
979 694 1046 736 καὶ
1078 696 1107 743 ζ.
1138 693 1204 735 καὶ
1235 693 1347 747 ἀνήλ.

977 837 1065 881 364

444 918 517 963 καὶ
547 905 793 976 πυραμίδες
824 921 985 976 στῆλαί
1009 935 1056 963 τε
1087 920 1429 976 κάπιγράμματα

445 999 538 1042 πῶς
569 991 623 1034 οὐ
654 993 834 1049 περιττὰ
865 993 1064 1043 παιδιαῖς
1094 989 1132 1034 τ’
1169 990 1362 1043 ἐοικότα;

352 1079 550 1118 Lucianus
583 1079 642 1118 De
674 1080 786 1118 luctu
820 1081 874 1118 22
913 1077 980 1118 καὶ
1015 1093 1056 1118 π.
1088 1076 1154 1118 καὶ
1194 1090 1249 1118 στ.
1280 1077 1345 1118 καὶ
1384 1077 1506 1132 ἐπιγρ.
1545 1076 1643 1132 πρὸς
1681 1076 1814 1132 ὀλίγον

231 1138 471 1190 διαρκοῦντα
501 1144 586 1186 πῶς
618 1137 666 1178 οὐ
698 1153 738 1178 π.
770 1137 838 1178 καὶ
868 1153 908 1179 π.
940 1150 1158 1191 προσεοικ.;

972 1278 1060 1322 365

444 1361 489 1414 ἐς
518 1362 569 1405 τὸ
601 1363 802 1419 φανερὸν
833 1359 915 1418 μὲν
946 1360 1047 1418 οὐχὶ
1078 1365 1301 1418 τολμῶσιν
1333 1361 1494 1418 λέγειν,

445 1433 888 1490 ὑποτονθορύζουσιν
921 1431 970 1476 δὲ
1001 1436 1340 1490 συγκεκυφότες.

336 1520 549 1565 μΙηι(>ἰε.ιιι]..ο,
581 1521 651 1560 Bis
682 1533 812 1560 accus.
838 1523 865 1560 4
882 1520 1040 1568 ’πάντες
1071 1519 1338 1574 ἀγανακτοῦσι
1363 1551 1374 1561 .
1393 1551 1402 1561 .
1421 1551 1432 1561 .
1457 1520 1524 1560 καὶ
1551 1524 1630 1561 κτλ.
1661 1523 1813 1561 indica-
1889 1567 1891 1569 ,

230 1580 291 1619 vit
322 1579 442 1621 Mein.
472 1580 617 1620 Philol.
648 1581 723 1619 XV
756 1582 854 1621 539.
920 1584 956 1620 1.
987 1579 1030 1620 τὸ
1063 1581 1152 1620 add.
1186 1582 1234 1620 K.
1283 1582 1332 1621 of.
1358 1581 1516 1621 Alexid.
1538 1584 1577 1632 2,
1603 1584 1643 1621 4.
1672 1582 1813 1622 Arist.

230 1639 389 1679 Thesm.
410 1641 509 1680 525.
547 1638 635 1692 οὐχὶ
657 1642 851 1692 τολμῶσιν
870 1639 1009 1691 Mein]
1029 1639 1078 1681 οὐ
1098 1643 1279 1693 τολμῶσι.
1343 1643 1381 1681 2.
1413 1640 1813 1694 ὑποτονθορύζουσιν

229 1698 367 1749 Mein]
400 1698 783 1753 ὑποτονθορύζουσι.

970 1817 1057 1860 366

445 1897 530 1941 ἀπὸ
561 1903 639 1954 τῆς
670 1898 875 1958 πατρῴας
906 1897 1052 1951 ἑστίας
1083 1899 1302 1958 ἐξέρχεται

443 1970 559 2013 κάτω
590 1971 794 2026 κεκυφὼς
824 1970 1005 2014 κούδέν’
1042 1971 1086 2025 ἐξ
1118 1972 1326 2015 ἐναντίου

348 2054 608 2108 προσβλέπων
635 2052 824 2111 (fortasse
843 2054 1085 2112 προσορῶν).
1118 2057 1358 2110 [Lucianus]
1382 2050 1518 2099 Anior.
1539 2062 1608 2099 44.
1672 2063 1709 2100 2.
1741 2059 1808 2101 καὶ

229 2113 381 2167 μηδένα
423 2122 502 2155 τῶν
543 2114 813 2157 ἀπαντώντων
855 2116 895 2166 ἐξ
940 2121 1018 2158 κτλ.
1089 2120 1318 2159 celebratur
1361 2120 1515 2170 priscae
1560 2121 1808 2160 educationis

229 2175 426 2215 modestia
458 2178 500 2215 et
531 2177 736 2217 severitas.

907 2295 1007 2338 367.
1039 2295 1126 2339 368

444 2373 657 2431 μηδέποτ’
693 2377 828 2420 ἐλάαν
859 2376 978 2421 ἔσθι’
1015 2378 1250 2435 ἀκαλήφην
1282 2382 1409 2436 ἔχων,

443 2455 659 2504 χειμῶνος
691 2450 785 2508 ὥρᾳ
817 2452 1120 2506 βολβοφακῆν.
1171 2453 1218 2493 Β.
1252 2453 1401 2508 βαβαί,
1432 2454 1576 2508 βαβαί.

350 2546 583 2587 Athenaeus
617 2550 656 2600 4,
691 2549 808 2588 158b
847 2548 1085 2600 Χρύσιππος
1116 2548 1159 2588 ἕν
1190 2551 1242 2605 τῷ
1273 2549 1362 2602 περὶ
1392 2556 1463 2590 τοῦ
1494 2553 1618 2590 καλοῦ
1649 2550 1810 2603 γνώμας

229 2603 338 2652 τινὰς
363 2604 558 2658 εἰσφέρων
582 2607 685 2658 φησί
701 2610 779 2647 κτλ.
823 2605 1010 2659 μηδέποτ’
1041 2607 1160 2648 ἐλάαν
1181 2608 1346 2662 Bergk]
1374 2609 1640 2662 μήποτελαίαν
1665 2611 1713 2650 Α.
1754 2610 1809 2662 μή

229 2665 300 2762 μοί
331 2661 419 2705 ποτ’
436 2663 589 2763 ί’,ἐλαίαν
620 2667 739 2706 Mein.
770 2667 889 2707 Anal.
922 2668 1017 2707 Ath.
1051 2671 1118 2708 75.
1187 2670 1369 2719 proxima
1400 2671 1506 2720 apud
1538 2670 1809 2721 Chrysippum

258 2737 327 2763 aec
359 2737 433 2764 sun
458 2740 467 2764 :

468 2797 705 2850 βολβοφακῆ
737 2794 776 2837 δ’
812 2798 900 2839 ἴσον
931 2797 1128 2855 ἀμβροσίῃ
1159 2799 1318 2852 ψύχους
1349 2800 1568 2853 κρυόεντος.

230 2865 317 2906 ἴσον
343 2866 480 2918 Meim]
518 2863 617 2908 οἷον.
649 2890 706 2896 —-
738 2872 780 2909 et
810 2871 1016 2910 trimetros
1054 2874 1095 2910 et
1132 2871 1333 2911 heroicum
1366 2885 1527 2912 versum
1560 2872 1807 2924 Chrysippus

230 2926 390 2966 videtur
421 2941 467 2967 ex
500 2928 705 2968 comoedia
735 2931 995 2981 excerpsisse.
