2014 3334
618 258 955 293 ΚΕΚΡΤΦΑΛΟΣ
1006 257 1305 293 ΚΙΘΑΡΙΣΤΗΣ
1698 257 1753 301 79

923 368 1010 411 275

389 451 665 509 ταύτόματον
695 451 804 508 ἡμῖν
835 448 1003 508 ἀφανὲς
1034 451 1088 494 ὃν
1119 452 1431 508 συλλαμβάνει.

295 540 494 580 Stobaeus
514 541 597 580 Eel.
622 542 659 590 1,
681 534 797 594 6(5),
822 541 875 578 14
890 552 914 578 a
933 539 1134 579 Wachsm.
1168 538 1417 591 Μενάνδρου
1444 539 1694 596 Κεκρυφάλῳ
1721 541 1752 578 F

174 614 275 652 mrg.
307 598 356 640 ’ὃν
388 599 520 651 Grot]
552 597 600 639 ὃν
632 600 711 640 FP.
744 599 911 652 συλαμβ.
943 599 1020 638 FP.
1083 599 1132 638 ef.
1167 600 1266 650 460,
1298 601 1339 638 4.
1373 601 1410 639 5.

922 716 1010 758 276

292 803 527 843 Athenaeus
567 806 611 856 6,
650 806 732 843 241
751 816 772 843 e
816 801 1059 855 μνημονεύει
1103 798 1138 842 δ’
1187 801 1310 842 αὐτοῦ
1354 797 1643 853 (Φιλοξένου
1686 808 1756 855 τῆς

173 858 588 920 Πτερνοκοπίδος)
620 862 687 903 καὶ
706 861 952 915 Μένανδρος
977 861 1020 902 ἐν
1039 861 1304 918 Κεκρυφάλῳ,
1332 860 1428 901 αὐτὸ
1453 861 1579 914 μόνον
1605 864 1754 915 Πτερ-

171 923 410 964 νοκοπίδα
442 921 564 964 αὐτὸν
595 926 740 964 καλῶν.
802 924 850 964 cf.
882 923 1063 962 Axionic.
1099 924 1136 974 6,
1171 925 1208 962 2.

921 1041 1007 1083 277

293 1127 524 1168 Athenaeus
565 1130 609 1179 6,
649 1130 733 1168 243
749 1130 779 1167 a'
817 1125 884 1167 καὶ
927 1125 1171 1179 Μένανδρος
1215 1124 1340 1165 αὐτοῦ
1385 1120 1755 1180 (Χαιρεφῶντος

171 1192 256 1227 τοῦ
287 1184 576 1243 παρασίτου)
610 1187 852 1240 μνημονεύει
883 1186 927 1227 ἐν
957 1186 1220 1243 Κεκρυφάλῳ.

922 1305 1008 1347 278

459 1387 544 1431 ἀπὸ
576 1393 774 1444 μηχανῆς
803 1389 911 1439 θεὸς
943 1387 1178 1444 ἐπεφάνης.

291 1473 537 1528 Μένανδρος
568 1505 577 1514 .
605 1505 613 1514 .
640 1505 649 1514 .
681 1475 944 1532 Κεκρυφάλῳ.
996 1475 1126 1515 Schol.
1153 1474 1257 1513 Plat.
1282 1475 1368 1514 394
1395 1474 1521 1515 Bekk.
1583 1474 1633 1514 cf.
1655 1476 1753 1514 227.

907 1593 1008 1635 ,279

458 1652 665 1710 δεύτερος
695 1655 835 1703 πλοῦς

291 1737 474 1791 ἐμνήσθη
511 1739 655 1791 ταύτης
688 1737 932 1794 Μένανδρος
963 1737 1228 1795 Κεκρυφάλῳ.
1285 1738 1418 1777 Schol.
1450 1737 1633 1777 Platonis
1667 1738 1749 1776 381

168 1798 294 1839 Bekk.
351 1800 398 1840 cf.
433 1802 531 1841 228.
565 1802 662 1840 241.

919 1881 1007 1924 280

458 1940 683 1999 ἀβυρτάκη

290 2026 516 2080 ὑπότριμμα
553 2025 798 2081 βαρβαρικὸν
836 2025 879 2066 ἐκ
917 2024 1088 2079 δριμέων
1126 2025 1415 2085 σκευαζόμενον
1446 2054 1456 2065 .
1491 2054 1500 2064 .
1538 2024 1753 2078 καρδάμων

171 2086 238 2127 καὶ
288 2088 492 2141 σκορόδων
541 2086 608 2127 καὶ
651 2087 848 2135 σινάπεως
890 2085 957 2126 καὶ
1001 2086 1226 2138 σταφίδων,
1270 2085 1301 2141 ᾡ
1343 2084 1442 2138 πρὸς
1484 2084 1754 2125 κοιλιολυσίαν

171 2146 338 2201 ἐχρῶντο
371 2179 380 2188 .
412 2178 422 2188 .
454 2146 533 2188 ἔστι
563 2146 630 2188 καὶ
671 2146 713 2187 ἐν
750 2147 1002 2204 Κεκρυφάλῳ
1040 2146 1290 2199 Μενάνδρου
1331 2143 1521 2197 τοῦνομα.
1582 2145 1752 2184 Bekker.

171 2208 321 2248 Anecd.
350 2210 448 2260 323,
477 2210 544 2248 26.
608 2208 753 2248 Suidas
785 2206 1007 2259 ἀβυρτάκη·
1038 2205 1265 2260 ὑπότριμμα
1296 2204 1540 2259 βαρβαρικόν
1566 2235 1576 2244 .
1603 2234 1612 2244 .
1640 2233 1649 2244 .
1675 2203 1753 2243 ἔστι

172 2266 214 2308 δὲ
263 2267 331 2308 καὶ
378 2267 422 2309 ἐν
471 2267 723 2325 Κεκρυφάλῳ
772 2267 1022 2320 Μενάνδρου
1071 2265 1260 2318 τοῦνομα.
1330 2267 1379 2306 cf.
1425 2266 1608 2305 Pherecr.
1656 2267 1753 2303 181.

172 2329 416 2380 Theopomp.
452 2331 517 2368 17.
555 2329 776 2380 Antiphan.
812 2330 909 2378 142,
943 2330 980 2368 3.
1018 2327 1175 2367 Alexid.
1213 2329 1309 2378 141,
1344 2328 1410 2366 13.

803 2442 1104 2478 ΚΙΘΑΡΙΣΤΗΣ

291 2520 349 2561 Cf.
376 2534 478 2574 quae
504 2521 557 2561 ad
580 2520 826 2571 Antiphanis
854 2519 1107 2560 Citharistam
1132 2519 1414 2558 adnotavimus
1441 2517 1482 2555 II
1503 2519 1570 2556 37.
1607 2513 1748 2566 [Κιθ-]

171 2580 330 2634 αριστής
365 2581 553 2621 Koehler.
591 2581 622 2620 I.
655 2580 705 2620 A.
744 2594 782 2620 n.
824 2582 922 2620 992.
985 2580 1034 2620 ef.
1066 2579 1202 2618 Herm.
1240 2578 1390 2628 Haupt.
1434 2577 1578 2615 Annal.
1610 2576 1750 2614 Fleck-

171 2641 292 2681 eisen.
327 2643 454 2693 1876,
488 2643 586 2682 671.

913 2721 998 2763 281

386 2805 513 2864 ᾤμην
544 2804 630 2860 ἐγὼ
661 2806 766 2856 τοὺς
795 2806 1054 2856 πλουσίους,
1088 2799 1122 2845 ὦ
1159 2802 1318 2854 Φανία,

387 2872 454 2928 οἷς
485 2878 543 2934 μὴ
574 2878 624 2920 τὸ
657 2878 939 2928 δανείζεσθαι
970 2876 1223 2932 πρόσεστιν,
1257 2872 1311 2915 οὐ
1344 2870 1518 2915 στένειν

385 2950 462 3000 τὰς
492 2950 655 3000 νύκτας
686 2946 793 2991 οὐδὲ
825 2945 1156 3004 στρεφομένους
1187 2945 1279 2987 ἅνω
1311 2944 1427 2987 κάτω
