2014 3334
220 241 309 284 316
586 242 906 278 ΣῼΣΙΠΑΤΡΟΥ
954 219 1422 279 ΚΑΤΑΨΕΤΔΟΜΕΝΟΣ

437 351 512 396 καὶ
542 360 634 403 πῶς
665 354 816 409 ἔχουσι
847 346 1038 410 πρὸςτὸ
1072 354 1269 409 δεῖπνον,
1299 352 1374 397 καὶ
1403 355 1507 397 πότε

439 424 648 480 εὔκαιρον
680 423 830 475 αὐτοῖς
862 423 953 467 ἐστι
984 431 1073 467 τῶν
1106 426 1230 476 ὄψων
1261 426 1314 467 τὰ
1345 423 1425 481 μὲν

435 495 582 551 θερμὰ
613 500 897 553 παραθεῖναι,
931 497 985 539 τὰ
1017 492 1058 539 δ’
1094 495 1321 551 ἐπανέντα,
1353 498 1407 539 τὰ
1439 494 1487 540 δὲ
1518 496 1674 553 μέσως,

434 568 487 609 τὰ
520 563 560 609 δ’
597 567 713 618 ὅλωςΥ
741 567 1042 623 ἀποψύξαντα,
1073 574 1210 611 ταῦτα
1241 568 1383 611 πάντα
1415 568 1469 623 δὴ

370 651 413 681 55
435 638 483 682 ἐν
515 647 608 690 τοῖς
640 647 997 697 στρατηγικοῖσιν
1029 640 1264 693 ἐξετάζεται

436 713 707 767 μαθήμασιν.
751 714 904 755 ΔΗΜ
937 714 1002 763 τίς
1034 713 1089 768 δή
1121 728 1162 755 τι
1193 712 1458 769 παραδείξας
1490 710 1587 768 ἐμοὶ

434 784 486 825 τὰ
519 779 661 827 δέοντ’
698 783 906 827 ἀπελθὼν
938 784 1070 834 αὐτὸς
1101 783 1290 839 ἡσυχίαν
1322 784 1411 839 ἄγε.

339 906 572 946 Athenaeus
600 910 637 957 9,
660 909 772 948 377f
799 905 940 961 μέγας
973 906 1068 947 ἐστὶ
1100 905 1331 958 σοφιστὴς
1361 905 1439 947 καὶ
1470 904 1612 947 οὐδὲν
1643 906 1794 958 ἥττων

219 971 310 1005 τῶν
343 965 516 1018 ἰατρῶν
555 966 621 1014 εἰς
658 965 942 1015 ἀλαζονείαν
973 966 1038 1007 καὶ
1068 965 1089 1007 ὅ
1120 966 1228 1019 παρὰ
1258 967 1503 1021 Σωσιπάτρῳ
1536 966 1720 1019 μάγειρος
1751 965 1793 1006 ἐν

220 1024 592 1082 Καταψευδομένῳ,
623 1025 747 1079 λέγων
785 1022 861 1066 ὦδε
892 1030 969 1066 κτλ.
1050 1029 1087 1066 2.
1113 1026 1183 1066 ἐὰν
1213 1028 1260 1066 A.
1342 1029 1378 1066 3.
1410 1025 1601 1077 πέπλυται
1630 1027 1793 1066 Porsen.

219 1086 322 1124 Med.
357 1087 439 1126 139
473 1100 511 1138 X,
551 1087 598 1126 cf.
632 1086 768 1126 Cobet.
795 1087 843 1126 V.
875 1084 919 1127 1.²
952 1089 1047 1127 225.
1083 1086 1126 1138 6]
1173 1085 1368 1126 πέπαυται
1398 1086 1485 1126 ΑΟ.
1538 1086 1720 1126 Aeschin.
1754 1088 1793 1138 3,

222 1147 305 1184 178
339 1150 416 1184 νῦν
449 1142 484 1185 δ’
520 1143 598 1197 ἤδη
631 1144 988 1186 καταπέπλυται
1025 1145 1066 1186 τὸ
1098 1152 1269 1200 πρᾶγμα.
1320 1147 1368 1186 cf.
1400 1146 1499 1186 Poll.
1535 1148 1571 1198 7,
1604 1147 1673 1185 38.
1752 1147 1792 1185 4.

220 1202 341 1244 οὐδὲν
372 1204 526 1256 Dindfi]
566 1203 692 1246 οὐθὲν
723 1207 771 1246 Α.
854 1209 890 1247 6.
929 1205 979 1245 ἂν
1017 1206 1127 1247 Grot.
1159 1208 1346 1257 Excerpt.
1387 1205 1491 1256 887]
1525 1204 1594 1245 ἐὰν
1626 1206 1672 1244 A.
1755 1208 1792 1245 8.

219 1264 438 1316 παθήματα
451 1265 586 1316 Rom]
603 1265 829 1318 μαθήματα.
862 1267 1053 1306 alimenta.
1072 1268 1259 1316 quomodo
1279 1268 1466 1314 adficiunt
1480 1261 1566 1318 (τὰς
1586 1261 1791 1316 δυνάμεις)

223 1328 255 1363 et
281 1327 465 1373 quomodo
496 1328 584 1375 ipsa
615 1328 852 1374 adficiantur
873 1322 937 1380 (τὰ
956 1322 1206 1379 παθήματα).
1257 1325 1424 1378 οὐράνια
1453 1324 1671 1376 παθήματα
1690 1325 1792 1364 Plat.

219 1385 302 1423 Ion.
336 1386 462 1424 5310.
513 1384 559 1423 τὰ
596 1390 666 1425 τοῦ
704 1385 855 1437 κόσμου
895 1386 1115 1438 παθήματα
1147 1384 1485 1436 [Plat.]·Axioch.
1519 1387 1643 1425 3700.
1726 1386 1792 1423 10.

219 1447 319 1496 τρεῖς
352 1441 387 1483 δ’
425 1444 471 1483 G.
492 1446 540 1484 A.
560 1445 761 1497 Hirschig.
786 1447 888 1484 Ann.
910 1447 998 1485 crit.
1020 1448 1085 1485 29.
1139 1447 1180 1484 in
1212 1446 1323 1484 exitu
1353 1444 1469 1495 μόνοι
1501 1444 1588 1484 add.
1610 1444 1793 1492 Casaub„

220 1502 274 1542 ἔτι
295 1500 431 1555 (ἐσμὲν
451 1501 662 1557 ἐπίλοιποι)
683 1505 800 1544 Both.
866 1507 930 1544 12.
967 1507 1032 1545 13.
1065 1506 1234 1545 forhasse
1260 1506 1403 1543 AHM.
1429 1504 1468 1543 τί
1483 1503 1580 1555 φήςς
1612 1502 1708 1556 ἐγώ;
1741 1506 1791 1543 A.

218 1562 260 1602 τὸ
280 1566 356 1602 κτλ.
389 1562 462 1616 ἐρῶ
482 1577 554 1614 pro
575 1563 649 1617 ἐγώ
669 1565 787 1604 Mein.
808 1565 922 1604 Anal.
951 1566 1044 1604 Ath.
1075 1567 1169 1604 166.
1236 1566 1300 1604 15.
1332 1564 1374 1603 in
1405 1564 1514 1603 exitu
1533 1563 1669 1602 Σίκων
1701 1563 1790 1602 add.

222 1623 335 1662 Grot.
382 1625 427 1662 Β.
459 1624 585 1676 βαβαί
611 1625 730 1664 Mein.
749 1625 867 1664 Anal.
888 1625 982 1663 Ath.
1044 1639 1079 1664 v.
1104 1627 1155 1664 17
1190 1626 1283 1663 ante
1319 1625 1371 1663 15
1405 1623 1542 1673 posuit
1574 1623 1619 1662 Gr.
1635 1623 1680 1661 A.
1695 1623 1790 1661 Hir-

220 1683 344 1734 schig.
376 1684 478 1722 Ann.
500 1684 587 1723 crit.
610 1686 677 1724 29.
709 1685 807 1723 mihi
838 1687 1047 1734 praeterea
1077 1699 1113 1724 v.
1137 1686 1309 1724 20—23
1343 1684 1448 1722 inter
1485 1685 1536 1721 14
1570 1685 1611 1721 et
1647 1685 1712 1722 17.
1735 1684 1786 1722 15

220 1742 453 1782 conlocandi
482 1743 732 1783 videbantur.
799 1746 970 1783 19-24
1004 1757 1079 1783 om.
1102 1743 1143 1783 C.
1207 1745 1273 1783 20.
1306 1738 1388 1790 οἷος
1408 1738 1510 1795 εἴγε
1542 1738 1624 1782 ‘vix
1651 1755 1793 1781 sanum

220 1798 308 1841 est'.
358 1803 476 1842 Mein.
507 1803 624 1842 Anal.
656 1805 826 1843 fortasse
866 1802 1073 1854 ἐννοεῖς,
1111 1798 1141 1842 ὦ
1173 1804 1347 1854 φίλτατε;
1430 1804 1497 1842 22.
1529 1800 1668 1853 μικρὸν
1708 1802 1792 1840 ‹inoc-

220 1861 358 1913 μνήσω
390 1863 542 1902 Iacobs.
566 1865 609 1902 at
639 1864 822 1902 imitatur
842 1864 966 1903 Arist.
986 1864 1091 1903 Nub.
1113 1866 1210 1903 477.
1274 1865 1342 1903 23.
1374 1864 1466 1902 ante
1498 1863 1603 1901 hunc
1633 1875 1793 1901 versum

222 1923 416 1961 nonnulla
448 1923 639 1962 excidisse
672 1926 807 1963 censet
837 1923 1041 1964 Herwerd.
1072 1923 1189 1962 Anal.
1222 1923 1308 1962 crit.
1343 1924 1410 1962 35.
1444 1924 1481 1961 6.
1531 1922 1701 1960 fortasse
1739 1923 1791 1977 τῷ

222 1980 308 2034 γὰρ
346 1985 476 2021 λαλεῖν
515 1980 760 2034 ἐλάβομεν.
842 1979 983 2036 24.’γ’
1029 1983 1119 2022 add.
1151 1983 1285 2022 Dindf.
1318 1980 1371 2029 ὡς
1403 1979 1587 2035 ἐργῶδες,
1630 1993 1793 2020 caesura

222 2042 439 2091 rarissima,
473 2042 640 2082 casaub.
704 2044 770 2083 28.
804 2041 866 2082 ε’πὶ
897 2041 970 2092 τὴν
1001 2041 1156 2095 μακρὰν
1186 2040 1252 2081 καὶ
1282 2039 1354 2092 τὴν
1385 2041 1446 2095 βρ.
1476 2041 1680 2080 Herwerd.
1701 2039 1793 2079 Obs.

223 2102 308 2140 crit.
344 2104 440 2141 104.
529 2104 594 2141 29.
628 2100 733 2141 ἔσται
763 2103 882 2141 Mein.
915 2103 1031 2142 Anal.
1117 2104 1186 2142 30.
1218 2099 1314 2152 ὄψα,
1346 2101 1458 2152 φασί,
1489 2099 1556 2139 καὶ
1586 2099 1653 2150 K]
1697 2097 1794 2150 ὄψα,

223 2161 335 2212 φασί,
366 2161 495 2200 πάντα
526 2160 602 2200 καὶ.
643 2161 689 2201 τὰ
720 2178 754 2214 γ.
787 2160 870 2213 ὄψα
901 2161 1030 2201 πάντα
1060 2159 1127 2200 καὶ
1156 2160 1203 2200 τὰ
1234 2161 1295 2213 βρ.
1328 2158 1466 2212 σχεδὸν
1500 2160 1618 2199 Mein.
1637 2160 1678 2198 in
1697 2160 1792 2198 Ath.

222 2223 344 2272 atque
377 2235 452 2260 om.
485 2221 586 2271 φασί
614 2221 655 2260 O.
718 2224 786 2261 32.
819 2219 954 2274 ἑτέραν
985 2220 1028 2261 ἐν
1059 2218 1201 2273 ἑτέροις
1233 2221 1351 2259 Mein.
1384 2220 1500 2258 Anal.
1533 2218 1666 2266 αὐτοῖς
1696 2222 1792 2270 λαμ-

222 2279 336 2332 βάνει
362 2281 411 2332 A,
440 2294 518 2321 non
549 2280 776 2333 λαμβάνειν.
839 2283 906 2321 34.
939 2280 1127 2333 προσήκει
1152 2279 1200 2330 G]
1234 2284 1407 2332 προσῆκε
1434 2280 1480 2319 A.
1544 2280 1612 2319 38.
1644 2276 1718 2331 ἐγὼ
1752 2275 1788 2317 δ’

222 2338 433 2391 ἐθαύμασα
464 2341 512 2379 Α.
562 2338 636 2393 ἐγὼ
676 2337 711 2379 δ’
753 2337 967 2392 ἕθαύμασ’;
1005 2340 1123 2379 Mein.
1162 2340 1277 2378 Anal.
1312 2339 1413 2378 conl.
1447 2338 1622 2377 Straton.
1656 2340 1679 2377 7
1719 2336 1793 2390 ἐγὼ

221 2397 390 2451 κέκληκα
421 2398 612 2451 μέροπας;
644 2402 705 2439 ich
735 2402 806 2440 soll
836 2402 935 2440 mich
962 2401 1184 2449 yewundert
1212 2399 1363 2439 haben?
1436 2399 1505 2437 39.
1535 2395 1793 2437 τούπτάνειον

222 2459 302 2498 AC.
351 2459 666 2511 καταβάλλεσθαι
696 2462 743 2499 A.
825 2461 892 2498 40.
923 2460 1059 2511 λαβεῖν
1093 2457 1278 2508 Oasaub]
1322 2457 1538 2509 λαμβάνειν
1567 2456 1649 2496 ΑΟ.
1725 2459 1792 2496 41.

223 2517 300 2557 ἐστὶ
319 2519 367 2559 A.
429 2522 497 2559 42.
531 2516 638 2571 δεῦρ’
673 2514 794 2559 ἐκεῖσε
825 2519 1028 2559 Herwerd.
1048 2519 1192 2557 Mnem.
1212 2531 1301 2557 nov.
1323 2517 1380 2555 VI
1402 2519 1470 2556 81.
1532 2519 1599 2556 43.
1633 2514 1793 2567 ὄψοισιν

225 2579 344 2618 Dobr.
367 2579 468 2618 Adv.
500 2579 540 2617 ΙΙ
574 2577 677 2629 321]
711 2577 880 2630 ἓψοῦσιν
908 2578 991 2618 AG.
1053 2579 1120 2617 44.
1153 2577 1191 2616 τί
1208 2572 1293 2616 ,οὖν
1325 2575 1513 2627 Οιιεειιιὶ).]
1547 2580 1726 2616 τοιοῦτον
1745 2576 1792 2616 A.

224 2651 297 2676 om.
321 2638 362 2677 C.
384 2639 524 2677 deinde
557 2637 611 2677 ἔτι
643 2638 764 2690 δίειμί
792 2649 852 2678 σοι
877 2637 924 2677 τὰ
950 2636 1191 2690 στρατηγικά.
1234 2633 1258 2687 ἡ
1291 2635 1395 2684 τάξις
1422 2634 1549 2687 σοφὸν
1579 2640 1793 2687 πανταχοῦ.

222 2694 320 2736 καθ’
355 2694 459 2748 ἡμᾶς
491 2695 533 2737 δὲ
564 2698 671 2737 πάνυ
693 2698 732 2737 Ο.
777 2700 869 2749 post
899 2699 1004 2736 hunc
1034 2712 1071 2737 v.
1103 2698 1286 2735 lacunam
1318 2696 1513 2735 indicavib
1531 2695 1666 2735 Dindf.
1693 2690 1794 2734 εἶναι

225 2754 267 2795 δέ
294 2772 396 2808 φημι
422 2757 505 2796 δεῖν
533 2757 888 2811 στρατηγικώτατον
913 2758 979 2797 vel
1003 2755 1163 2796 πάντων
1187 2754 1261 2808 γὰρ
1288 2749 1362 2794 οὗν
1387 2754 1508 2806 κρίνω
1535 2753 1793 2806 στρατηγικώ-

226 2816 340 2855 τάτον
372 2815 491 2869 ἔγωγε
523 2815 590 2856 τὸν
621 2833 648 2868 μ
692 2818 853 2867 supplet
871 2817 1075 2856 Herwerd.
1102 2815 1194 2855 Obs.
1228 2815 1313 2854 crit.
1350 2816 1444 2854 105.
1506 2815 1575 2854 45.
1607 2812 1723 2866 ἔχωγε
1743 2814 1791 2852 Α.

225 2876 397 2915 fortasse
429 2872 532 2928 (sine
563 2872 725 2930 lacuna)
746 2878 889 2915 AHM.
921 2875 1020 2926 ζηλῶ
1053 2886 1094 2914 σε
1124 2873 1192 2914 τὸν
1218 2874 1414 2927 μάγειρον.
1446 2875 1496 2912 Α.
1527 2870 1552 2923 ἡ
1584 2875 1660 2912 κτλ.
1723 2875 1790 2913 47.
1854 2871 1863 2876 ’

222 2932 391 2988 ἡγεῖται,
422 2949 501 2975 non
532 2933 675 2989 ἡγεῖτο,
695 2937 742 2976 Α.
807 2937 873 2977 52.
906 2934 1039 2983 αὐτοῖς
1057 2933 1197 2985 Both]
1217 2928 1359 2974 αὐτῶν.
1423 2934 1491 2974 54.
1522 2930 1572 2983 δὴ
1597 2932 1686 2972 add.
1705 2932 1786 2971 LV.
