2014 3334
245 227 304 268 40
631 198 634 200 ¹
805 228 808 230 ·
881 223 1179 258 MENANAPOT

245 339 391 377 Heaut.
424 340 462 385 4,
496 340 534 387 2,
567 339 591 375 8
623 338 680 375 nil
711 337 790 375 tam
822 336 1017 383 difficilest
1047 335 1140 382 quin
1175 335 1390 381 quaerendo
1421 334 1647 382 iuve'stiyari
1669 333 1816 382 passiet

244 401 349 437 cont.
383 397 427 436 O.
447 397 636 435 Ribbeck.
656 396 753 446 Agr.
777 396 841 434 15.
883 397 1004 445 atque
1038 393 1236 432 sententia
1268 395 1329 432 est,
1360 393 1601 432 comicorum
1633 405 1814 431 sermone

245 457 470 495 tritissima.

994 544 1076 586 133

363 633 600 671 Ammonius
634 633 687 670 62
734 629 754 670 ὅ
787 624 861 670 οὖν
898 629 1148 669 ἐναλλάσσων
1180 624 1325 681 (εὐθύς
1357 632 1398 669 eb
1429 624 1552 684 εὐθύ)
1588 628 1814 681 ἁμαρτάνει,

246 691 355 731 καθὰ
387 690 628 741 Μένανδρος
671 689 712 729 ἐν
745 689 952 744 Δυσκόλῳ·
996 689 1034 727 τί
1075 687 1167 739 φὴς
1211 687 1326 728 ἰδὼν
1370 687 1512 728 ἔνθεν
1554 703 1603 742 γε
1645 695 1734 737 πᾶς
1775 685 1811 728 δ’

244 751 511 802 ἐλευθερῶν
543 749 758 801 ἀπῆλθες
798 748 948 795 εὐθὺς
979 746 1037 795 ὡς
1068 747 1195 800 ταχύ.
1255 749 1547 787 Valckenarius
1579 746 1743 788 ἐνθένδε
1773 753 1815 788 et

241 808 499 862 Ἐλευθερῶν.
548 810 769 848 Meinekius
801 809 839 847 τί
867 807 965 859 φής;
1001 810 1044 846 Β.
1077 806 1149 846 ἰὼν
1181 804 1339 847 ἐνθένδ’
1369 805 1390 846 ὃ
1415 811 1509 854 παῖς
1536 806 1541 858 Ι
1565 804 1813 859 Ἐλευθερῶν

244 869 425 921 ἀπῆλθεν
457 867 582 915 εὐθὺς
619 866 672 915 ὡς
702 868 809 920 ταχύ.
871 865 924 914 ὡς
954 867 1069 919 τάχος
1100 866 1236 906 Cobet.
1266 867 1316 906 N.
1348 868 1373 906 1.
1408 870 1475 906 73.
1514 880 1594 906 non
1626 867 1815 906 audiendi

244 932 338 968 sunt.
379 929 549 967 Lobeck.
582 928 729 978 Phryn.
765 930 848 966 144
878 929 961 966 not.
995 922 1038 981 ⁹¹²)
1077 929 1118 966 et
1155 927 1348 966 Fritzsoh.
1381 926 1504 966 Arist.
1536 927 1694 966 Thesm.
1729 929 1810 966 727

243 1003 280 1038 p.
302 991 399 1028 264.
448 1001 605 1026 servum
636 988 854 1037 fugitivum
888 983 982 1026 ‘non
1014 987 1097 1025 sine
1125 986 1306 1025 acumine
1339 986 1576 1025 Eleutheras
1609 986 1813 1038 aufugisse

245 1044 356 1086 dieit'
392 1048 508 1085 Mein.
541 1047 646 1096 apud
682 1047 889 1085 Platonem
914 1046 1076 1097 Protag.
1102 1048 1222 1085 3100
1255 1058 1393 1085 servus
1425 1046 1621 1097 fugitivus
1654 1044 1816 1084 Oenoen

243 1107 454 1156 petiverat.
516 1106 563 1144 de
602 1106 790 1145 adverbio
823 1103 949 1152 εὐθύς
992 1106 1040 1144 cf.
1072 1105 1255 1144 Pherecr.
1291 1106 1374 1144 110
1420 1107 1460 1144 et
1503 1118 1604 1155 quae
1643 1105 1693 1144 ad
1729 1105 1814 1144 eius

244 1163 471 1211 Μεταλλέας
508 1166 804 1214 adnotavimus,
847 1166 894 1203 de
926 1165 1147 1204 Eleutheris
1176 1165 1362 1203 Bursian.
1395 1163 1539 1215 Geogr.
1572 1178 1632 1215 gr.
1663 1164 1683 1203 Ι
1716 1166 1812 1204 249.

246 1226 314 1265 50.
345 1238 473 1276 neque
507 1223 604 1263 ἰδών
635 1238 764 1275 neque
797 1223 869 1263 ι’ών
900 1224 1109 1263 Menandri
1141 1227 1213 1263 est.

984 1363 1070 1404 134

815 1451 957 1501 σιωπῇ
990 1457 1101 1500 φασι
1131 1445 1274 1504 τούτῳ
1305 1450 1366 1503 τῷ
1397 1449 1490 1503 θεῷ

530 1516 584 1559 οὐ
618 1517 712 1559 δεῖν
745 1516 987 1572 προσιέναι.

364 1603 493 1642 Sehol.
508 1604 713 1653 Aristoph.
727 1604 820 1654 Lys.
837 1606 860 1643 2
883 1607 922 1642 et
944 1603 1086 1642 suidas
1106 1605 1274 1659 Πανικῷ
1295 1603 1459 1654 δείματι·
1492 1602 1602 1642 Πανὶ
1621 1601 1813 1656 ὧργίαζον

244 1663 288 1702 αἰ
315 1666 498 1716 γυναῖκες
530 1661 623 1713 μετὰ
654 1668 840 1716 κραυγῆς.
901 1662 968 1701 καὶ
995 1661 1238 1715 Μένανδρος
1270 1661 1312 1702 ἐν
1332 1662 1523 1718 Δυσκόλῳ
1555 1668 1681 1718 σιωπῇ
1714 1675 1813 1714 φησι

243 1722 367 1777 τούτῳ
399 1724 451 1777 τῷ
483 1724 566 1777 θεῷ
597 1720 645 1761 οὐ
679 1722 743 1761 δεῖ
767 1720 982 1773 προσιέναι.
1063 1726 1101 1762 1.
1133 1734 1232 1773 φασι
1263 1723 1427 1762 Porson.
1461 1723 1585 1772 Toup.
1617 1736 1679 1766 1111
1707 1722 1811 1773 464]

244 1793 353 1832 φησι.
417 1784 454 1820 2.
487 1781 569 1820 δεῖν
602 1781 636 1819 R
667 1784 708 1820 et
739 1780 865 1832 suia]
900 1782 969 1821 δεῖ.
1032 1780 1111 1829 δεὶς
1136 1782 1172 1819 V
1205 1782 1311 1821 Suid.
1345 1777 1389 1836 (i.
1415 1795 1447 1821 e.
1474 1777 1636 1835 οὐδεὶς).
1685 1781 1810 1838 τούτῳ

246 1842 368 1880 etiam
401 1841 558 1892 Suidas,
589 1842 695 1891 quod
726 1855 866 1881 moneo
898 1844 1064 1892 propter
1094 1842 1284 1881 Meinekii
1316 1855 1502 1880 errorem.

993 1981 1077 2023 135

814 2063 896 2106 οὐκ
928 2065 1075 2106 ἔνεστί
1103 2075 1174 2106 σοι
1205 2071 1368 2119 φυγεῖν

530 2135 793 2190 οἰκειότητα,
829 2136 946 2191 δᾶερ.

364 2218 492 2258 Schol.
525 2220 663 2270 Eurip.
696 2220 886 2260 Androm.
921 2223 1003 2260 976
1041 2222 1157 2261 Dind.
1218 2221 1259 2261 τὸ
1293 2219 1477 2275 συγγενὲς
1507 2221 1604 2261 κατὰ
1636 2220 1812 2273 φυσικὴν

245 2276 422 2330 ἀνάγκην
455 2278 613 2329 δοῦλον,
645 2276 698 2326 ὡς
729 2278 794 2318 καὶ
826 2279 868 2319 ἐν
900 2280 1091 2337 Δυσκόλῳ
1124 2280 1222 2333 φησὶ
1254 2280 1497 2333 Μένανδρος
1528 2284 1605 2321 κτλ.
1649 2295 1697 2321 ex
1727 2282 1812 2321 cod.

245 2337 374 2376 Vatia.
402 2340 442 2376 et
466 2338 585 2376 Marc.
605 2339 757 2388 primus
785 2339 956 2379 Oobetus
989 2342 1048 2379 ed.
1068 2356 1105 2391 p.
1129 2344 1208 2380 291
1240 2341 1348 2380 Geel.
1368 2364 1426 2368 -
1457 2339 1532 2381 οὐκ
1563 2338 1682 2380 ἔνεστ’
1720 2341 1812 2388 ἴσως

245 2396 366 2435 οἰκεῖν
408 2418 450 2423 -—
489 2396 574 2435 δάει
607 2397 709 2448 Vat„
742 2398 835 2451 δάερ
867 2400 986 2438 Marc.

985 2539 1067 2581 136

420 2617 474 2659 οὐ
504 2623 593 2674 πῦρ
625 2619 708 2673 γὰρ
740 2621 890 2675 αἰτῶν,
923 2618 1028 2664 οὐδὲ
1059 2620 1215 2664 λοπαδ’
1253 2623 1514 2678 αἰτούμενος

363 2703 537 2754 Etymol.
570 2704 671 2744 Gud.
706 2708 780 2756 23,
815 2709 868 2746 26
914 2705 1156 2759 Μένανδρος
1196 2706 1239 2746 ἐν
1276 2710 1328 2763 τῷ
1366 2708 1557 2766 Δυσκόλῳ
1602 2706 1811 2749 διαστέλλει

243 2759 315 2811 τὴν
359 2761 557 2830 διαφορὰν
602 2760 742 2818 (αἰτεῖν
786 2768 826 2805 et
869 2761 1082 2820 αἰτεῖσθαι)
1127 2769 1204 2805 κτλ.
1271 2768 1663 2809 Plaut.Au1u1.91
1709 2770 1809 2817 quod

243 2822 437 2870 quispiam
473 2824 599 2868 igmem
635 2826 814 2872 quae'rat,
858 2827 1051 2875 exstingui
1083 2827 1183 2870 volo,
1227 2839 1275 2864 ue
1311 2829 1453 2866 causae
1489 2830 1582 2876 quid
1618 2830 1669 2867 sit
1709 2828 1809 2876 qudd

244 2882 278 2918 te
314 2882 516 2929 quisquam
557 2884 741 2930 quaeritet
871 2882 1052 2935 cultrum,
1095 2887 1276 2930 securim,
1313 2888 1524 2938 pistillum,
1566 2887 1807 2931 mortarium,
