2014 3334
886 237 1171 273 ΔιοΦΑΝΤοΣ
1733 234 1821 277 375

784 393 1273 445 ΔΗΜΟΝΙΚΟΣ

851 491 1021 531 Meinek.
1053 491 1072 530 1
1106 492 1204 531 492.

899 582 1155 617 Aanmoz:

1015 657 1037 699 1

524 740 790 784 ἐσπουδάκει
822 737 862 782 δ’
900 738 1097 793 ἕκαστος,
1130 739 1186 789 ὡς
1217 736 1273 781 ἂν
1305 736 1463 781 ἑστιῶν

524 813 612 869 ἅμα
644 810 682 854 τ’
720 810 957 863 ὀξύπεινον
989 811 1133 867 ἄνδρα
1163 808 1238 853 καὶ
1270 809 1508 852 Βοιώτιον·

523 885 573 927 τὸ
605 890 718 939 γοῦν
748 884 858 927 κατὰ
888 883 1036 939 χειρὸς
1067 878 1327 939 περιέγραψ’
1365 885 1504 936 εἴπας,
1537 881 1604 924 ὅτι

524 956 631 1014 μετὰ
664 957 848 999 δεῖπνον
882 955 1001 1014 αὐτῷ
1033 960 1166 998 τοῦτο
1197 956 1367 1009 γίνεται
1399 951 1565 1009 λαβεῖν.

356 1046 591 1085 Athenaeus
614 1047 651 1096 9,
671 1044 793 1084 410d
838 1039 1032 1095 Πολέμων
1064 1040 1152 1082 ssv‘
1138 1039 1234 1098 ε’κτῳ
1266 1047 1344 1080 τῶν
1376 1039 1476 1093 πρὸς
1496 1037 1725 1093 Ἀντὺγονον
1757 1038 1823 1079 καὶ

236 1104 398 1147 Ἀδαῖον
429 1103 519 1158 περὶ
549 1110 618 1157 τῆς
650 1103 848 1157 διαφορᾶς
878 1100 979 1156 λέγει
1010 1107 1081 1143 τοῦ
1112 1100 1211 1142 κατὰ
1248 1100 1375 1154 χειρὸς
1405 1099 1504 1153 πρὸς
1534 1099 1576 1140 τὸ
1609 1100 1823 1151 νίψασθαι.

239 1165 465 1218 Δημόνικος
486 1161 522 1205 δ’
547 1163 590 1204 ἕν
608 1166 661 1221 τῷ
672 1160 888 1220 Ἀχελωνιῳ
903 1158 981 1218 (sic
994 1159 1049 1216 A)
1070 1161 1112 1202 τό
1133 1157 1192 1214 (τε
1211 1162 1290 1201 add
1316 1156 1454 1215 Mein.)
1474 1159 1551 1213 πρὸ
1571 1166 1641 1201 τοῦ
1656 1160 1821 1200 δείπνου

241 1223 328 1281 (καὶ
346 1224 388 1266 τὸ
409 1223 504 1278 μετὰ
529 1223 579 1264 τὸ
598 1224 763 1265 δεῖπνον
789 1224 878 1263 add.
900 1218 1038 1276 Mein.)
1070 1220 1168 1262 κατὰ
1199 1220 1326 1274 χειρός
1350 1233 1450 1273 φησι
1483 1219 1549 1260 διὰ
1574 1220 1725 1261 τούτων
1745 1223 1822 1260 κτλ.

238 1286 447 1326 Demonici
466 1286 648 1337 eclogam
668 1297 743 1325 om.
761 1283 800 1323 C.
844 1286 879 1322 1.
901 1281 1039 1322 ἑστιῶν
1054 1281 1224 1322 Casaub.
1226 1280 1242 1332 ]
1258 1280 1469 1321 ἕσθίωνΑ.
1528 1283 1566 1321 3.
1585 1276 1818 1354 περιέγραψ’

239 1346 350 1394 είπας
383 1345 523 1386 Cobet.
554 1345 604 1384 N.
636 1345 662 1384 1.
697 1341 741 1394 2]
774 1342 1008 1397 περιγράφει
1039 1347 1118 1390 πᾶς
1148 1341 1197 1383 A.
1230 1337 1504 1392 ‘perspicuum
1537 1344 1598 1380 est
1629 1339 1687 1380 ὅτι
1700 1337 1821 1393 “-Ηρα

237 1409 334 1459 κλῆς
365 1404 570 1456 ξενίζεται,
608 1404 677 1455 qui
708 1416 844 1444 morae
875 1403 1078 1454 inpatiens
1109 1400 1151 1442 τὸ
1191 1400 1289 1442 κατὰ
1321 1400 1447 1454 χειρός
1478 1403 1570 1440 ante
1603 1414 1743 1441 cenam
1774 1403 1823 1440 ut

237 1466 382 1506 inutile
412 1460 645 1519 περιέγραψ’
680 1463 793 1511 εἴπας
824 1462 883 1503 ότι
907 1465 984 1503 κτλ.
1035 1457 1128 1503 εἶπα
1160 1464 1201 1502 et
1225 1462 1365 1513 imper.
1398 1457 1524 1511 εἶπον,
1557 1456 1678 1512 εἶπαι,
1710 1460 1823 1509 εἴπας

238 1526 362 1577 apud
389 1525 593 1578 sequiores
636 1524 854 1564 tritissima
897 1518 1021 1563 sunt'.
1071 1522 1209 1564 Cobet.
1271 1521 1532 1576 περιγράφειν
1575 1525 1638 1561 est
1681 1523 1822 1566 tollere,

237 1589 408 1626 omittere
427 1583 564 1637 (Mein.
566 1579 599 1638 )‚
622 1597 697 1636 pro
718 1597 797 1636 quo
816 1583 946 1624 Attici
976 1583 1219 1624 vetustiores
1244 1582 1328 1622 fere
1355 1580 1592 1635 διαγράφειν
1624 1581 1820 1621 dicebant.

237 1647 286 1687 ef.
319 1646 529 1686 Ruhnken.
562 1645 666 1686 Tim.
697 1646 765 1684 81.
788 1645 824 1684 2.
847 1645 885 1684 3.
940 1665 989 1671 -
1043 1643 1229 1683 Herculis
1271 1655 1362 1682 cum
1399 1641 1579 1682 Acheloo
1617 1645 1822 1681 celtamen

237 1706 399 1747 fabulae
432 1706 714 1759 argumentum
750 1704 909 1745 videtur
939 1704 1074 1744 fuisse.

711 1954 755 2002 Δ
768 1952 819 2001 H
833 1952 883 2000 M
898 1950 941 2001 Ο
956 1952 998 2000 Σ
1012 1951 1057 2000 Τ
1070 1951 1112 2000 Ρ
1126 1950 1170 1999 A
1183 1951 1229 1999 T
1244 1950 1288 2000 O
1303 1951 1346 1999 Σ

360 2052 418 2090 Cf.
455 2048 735 2102 Τιμόστρατος,
766 2049 813 2088 fr.
850 2051 887 2088 2.

780 2271 1280 2322 ΔΙΟΦΑΝΤΟΣ

859 2368 1076 2411 Meinek.1
1102 2370 1200 2408 492.

811 2459 1251 2495 ΜΕΤΟΙΚΙΖΟΜΕΝΟΣ

364 2538 422 2578 Cf.
455 2551 558 2590 quae
589 2539 641 2579 ad
672 2537 852 2578 Alexidis
884 2534 1211 2588 Εἰσοικιζόμενον
1241 2534 1535 2575 adnotavimus.

1014 2666 1037 2708 1

528 2737 683 2795 φέρειν
713 2738 793 2780 τὸν
825 2733 952 2780 οἶνον

364 2824 427 2866 ἐπὶ
467 2830 537 2865 τοῦ
577 2823 734 2876 νήφειν.
801 2822 1030 2875 Διόφαντος
1067 2819 1400 2876 Μετοικιζομένῳ.
1462 2821 1634 2860 Bekker.
1671 2820 1820 2860 Aneed.

247 2889 354 2938 115,*
381 2888 448 2926 31.
