2014 3334
210 202 297 236 v111
630 208 632 212 ’
803 239 807 242 ,
842 183 1151 233 coRmcENDA

212 310 270 344 est
293 307 443 353 ignotus
468 306 702 351 nescioquis
729 306 842 351 poeta
859 304 1111 345 Atheniensis,
1138 305 1202 340 sed
1226 304 1378 340 minime
1403 304 1555 350 ignotus
1579 303 1644 339 ille
1671 303 1773 340 Sicu-

211 356 269 391 lus
294 355 354 390 vel
382 354 566 390 Pausania
595 354 692 389 teste
718 356 751 397 5,
771 356 828 398 27,
855 354 948 399 1(2).
981 354 1062 397 4(7)
1094 351 1318 396 Maenalius,
1350 352 1398 386 ab
1428 352 1512 387 aliis
1546 350 1684 398 Φόρμις
1709 351 1772 386 ad-

211 401 388 448 pellatus,
414 413 524 446 quem
545 413 628 436 cum
648 400 871 446 Epicharmo
892 399 1086 445 coniungit
1104 398 1326 435 Aristoteles
1346 398 1449 435 Poet.
1470 402 1491 434 5
1518 402 1556 434 et
1577 399 1772 444 aequalem

211 450 325 485 fuisse
349 448 566 495 Epicharmi
592 448 818 493 Gelonisque
844 446 1066 483 familiarem
1090 447 1209 482 tradit
1233 446 1376 482 Suidas.
1405 467 1449 472 —
1475 446 1603 492 itaque
1623 446 1774 482 Phormi

209 507 345 533 nomen
370 507 454 532 cum
480 496 533 531 eis
559 506 654 540 quae
680 494 941 531 adnotavimus
966 504 1116 540 prorsus
1143 494 1342 530 delendum
1367 495 1434 529 est.

306 543 510 580 Menand.
541 543 586 578 fr.
619 546 663 578 58
701 544 792 578 extr.
826 554 892 578 scr.
926 541 1162 578 comicorum.
1213 542 1287 577 sed
1326 542 1480 577 fortasse
1519 562 1564 567 —
1603 540 1775 586 (excidit

212 592 372 638 fragm).
399 611 443 617 —
471 595 515 627 72
542 602 610 625 scr.
631 591 690 625 W.
716 590 877 635 Meyer.
905 610 947 615 -—
970 586 1161 636 Ἐπιτρὲπ.
1189 589 1256 624 sub
1281 588 1392 624 titulo
1418 588 1482 623 lin.
1511 592 1554 624 17
1581 599 1650 624 scr.
1675 590 1770 624 Hw-

212 642 377 685 λεμαῖον,
403 639 474 674 εἴτε
503 637 627 673 Θαΐδα
652 639 726 673 κτλ.
754 658 797 663 --
826 640 892 672 182
917 636 983 673 lin.
1009 640 1030 672 5
1058 649 1123 672 scr.
1149 641 1236 680 νοῶ,
1262 634 1389 682 λέγεις.
1416 656 1460 662 -
1493 639 1562 671 239
1589 637 1678 672 extr.
1705 646 1773 672 scr.

211 686 256 722 in
283 686 416 722 verbis.
437 707 480 712 —
503 683 773 731 Καρχηδόνιος.
812 684 882 719 del.
903 684 1018 720 verba
1039 683 1281 730 equamquam
1301 683 1396 718 alius
1415 685 1549 729 poetae
1570 683 1677 718 cet’:
1702 683 1776 719 fuit

213 734 311 770 enim
331 733 444 770 etiam
458 733 623 768 Alexidis
641 730 910 778 Καρχηδόνιος.
925 753 970 758 -
990 735 1059 768 285
1085 732 1167 767 adn.
1189 732 1213 766 1.
1237 736 1252 766 1
1277 742 1344 766 scr.
1371 733 1618 777 Κιθαριστῇ.
1631 751 1674 756 -
1690 732 1775 776 post

212 781 255 818 fr.
278 785 348 817 300
372 791 438 826 pro
461 784 550 816 1085
569 792 636 815 scr.
665 780 776 816 1086.
804 800 848 806 -
875 783 941 815 301
968 791 1003 824 p.
1026 783 1070 815 86
1092 779 1156 814 lin.
1177 783 1199 814 4
1225 789 1292 813 scr.
1313 777 1495 824 παράσχε.
1523 798 1566 804 -
1594 782 1662 813 302
1689 779 1774 814 adn.

212 829 276 864 lin.
306 833 348 863 11
375 839 443 863 scr.
469 828 702 873 ταλαίπωροί
727 840 777 864 τε.
819 848 860 852 -
899 830 967 862 325
999 839 1031 862 v.
1060 831 1080 861 2
1113 838 1181 862 scr.
1214 823 1472 871 ἐπαριστέρως.
1505 846 1548 851 —-
1585 830 1653 861 326
1689 826 1774 862 adn.

212 875 277 911 lin.
300 882 316 911 1
339 887 406 911 scr.
434 875 767 920 δεισιδαιμονίας.
796 895 840 901 -
865 878 933 909 327
954 886 989 919 p.
1005 879 1049 910 96
1069 873 1150 908 init.
1172 885 1239 910 scr.
1265 874 1500 919 τρίπτυχον.
1528 894 1571 899 -
1598 876 1667 908 335
1688 873 1773 910 adn.

211 923 275 959 lin.
302 927 323 958 2
349 934 415 958 scr.
441 920 870 969 παραλαμβανομένων.
905 942 948 947 --
978 925 1047 957 344
1073 920 1157 956 adn.
1185 922 1247 956 lin.
1275 925 1295 956 3
1323 931 1390 956 scr.
1417 919 1701 966 ἀπε-κτάγκασι.
1729 940 1774 946 -

214 974 283 1006 360
309 971 394 1006 adn.
407 969 473 1005 lin.
488 974 508 1005 3
536 981 603 1005 scr.
624 967 757 1015 νόμιμό
772 983 790 1010 ς
814 982 864 1004 τε.
891 989 933 994 -
959 969 1047 1014 post
1071 972 1139 1003 401
1167 968 1238 1004 del.
1254 972 1332 1004 602.
1361 972 1429 1004 862
1445 968 1552 1013 (haec
1571 967 1668 1004 enim
1689 969 1776 1003 suut

213 1016 551 1064 Περικειρομένης).
579 1038 622 1042 -α
647 1020 717 1052 409
742 1029 777 1062 p.
795 1021 861 1052 119
888 1017 978 1051 extr.
1000 1027 1068 1051 scr.
1089 1013 1253 1051 διδοῦσ’.
1282 1037 1324 1041 -
1352 1019 1420 1050 421
1446 1028 1481 1060 p.
1499 1019 1566 1050 123
1585 1015 1648 1051 lin.
1664 1018 1685 1050 5
1706 1025 1774 1051 scr.

212 1065 278 1101 τὸν
304 1065 482 1111 σώφρονα
507 1065 668 1100 Naber.
695 1064 830 1100 Mnem.
864 1085 906 1089 —
941 1067 1010 1099 438
1037 1063 1120 1098 adn.
1147 1062 1210 1097 lin.
1238 1067 1259 1097 3
1286 1074 1353 1099 scr.
1381 1062 1496 1111 ἅβρα.
1523 1084 1568 1088 ——
1595 1066 1662 1098 513
1689 1062 1774 1100 adn.

214 1114 305 1148 extr.
333 1113 404 1148 del.
437 1111 741 1158 interrogationis
775 1111 921 1154 signum
956 1112 1043 1156 post
1075 1114 1263 1146 mortuo.
1308 1131 1351 1135 —-
1391 1114 1458 1146 547
1486 1110 1571 1146 adn.
1596 1109 1677 1145 init.
1706 1121 1774 1145 scr.

215 1159 347 1195 Strabo
376 1159 408 1204 7,
435 1163 514 1195 296.
531 1163 561 1195 7.
594 1179 639 1184 -
671 1162 739 1193 805
765 1158 836 1193 del.
864 1159 979 1194 verba
997 1155 1270 1203 ‘Zomonzs'ovg'
1306 1159 1344 1193 et
1369 1169 1464 1202 quae
1489 1158 1702 1202 sequuntur.
1731 1178 1773 1182 —

216 1211 284 1242 812
311 1210 401 1242 extr.
424 1217 492 1242 scr.
512 1207 556 1243 fr.
578 1205 685 1241 1084.
713 1227 756 1232 —
783 1209 851 1241 825
872 1207 962 1241 extr.
988 1217 1056 1240 scr.
1077 1205 1182 1240 Crob.
1205 1205 1242 1240 7.
1269 1225 1313 1231 -
1339 1209 1407 1240 951
1434 1216 1501 1240 scr.
1521 1204 1637 1250 praef.
1666 1204 1724 1242 19.

307 1254 573 1300 Apollodor.
605 1252 775 1299 Caryst.
811 1257 871 1297 11,
895 1257 914 1288 2
949 1253 1001 1288 sic
1033 1253 1159 1297 script.
1192 1263 1236 1287 ex
1269 1252 1413 1288 emend.
1438 1252 1548 1288 Mein.
1589 1272 1631 1277 —
1670 1255 1729 1298 25,
1754 1255 1775 1286 3

214 1301 298 1337 adn.
324 1313 360 1347 p.
388 1305 456 1337 288
482 1301 546 1337 lin.
573 1301 737 1347 paenult.
765 1312 832 1336 scr.
859 1301 1079 1343 τοξαλίους
1107 1303 1146 1334 A.

310 1349 547 1385 Damoxen.
575 1353 607 1393 2,
635 1353 654 1384 7
682 1348 764 1384 adn.
791 1361 827 1393 p.
854 1351 921 1383 352
949 1348 1033 1382 add.
1061 1347 1111 1383 cf.
1139 1347 1289 1392 adesp.
1318 1347 1401 1383 776.

308 1396 552 1432 Athenion.
583 1402 611 1440 1,
638 1399 683 1431 20
709 1407 777 1431 scr.
805 1392 1083 1441 ἐξηνρημένοι.

308 1443 469 1489 Adesp.
495 1446 564 1479 243
590 1443 673 1479 adn.
694 1443 758 1479 lin.
779 1447 800 1478 3
816 1454 883 1478 scr.
909 1443 1130 1478 inridente.
1157 1462 1202 1468 —
1228 1446 1297 1477 302
1318 1443 1407 1478 extr.
1428 1453 1495 1488 pro
1518 1441 1774 1488 ‘Antiphanis’

214 1503 283 1527 scr.
308 1491 606 1526 Anaxandridis.
633 1511 678 1516 —
704 1494 772 1526 596
798 1490 882 1526 adn.
907 1490 972 1525 lin.
999 1494 1020 1525 3
1046 1490 1125 1525 init.
1153 1489 1224 1525 del.
1250 1489 1380 1525 Mein.
1411 1510 1451 1515 —
1485 1493 1553 1525 623
1580 1489 1644 1526 lin.
1665 1494 1688 1525 4
1708 1502 1776 1526 scr.

215 1535 278 1584 ἐφ’
308 1535 359 1574 ὧν
377 1538 419 1573 τὸ
440 1537 751 1586 ἀναβάλλεσθαι.
788 1558 830 1564 -
863 1541 930 1573 708
951 1537 1034 1573 adn.
1056 1537 1118 1572 lin.
1140 1541 1160 1572 3
1185 1549 1253 1572 scr.
1280 1548 1463 1582 prorsus.
1497 1558 1540 1562 —
1575 1538 1778 1574 1293adn.

215 1586 279 1622 lin.
309 1590 350 1620 11
379 1598 445 1622 scr.
471 1585 511 1620 in
537 1586 743 1630 Thesauro,
770 1585 816 1620 cf.
842 1606 887 1610 —
916 1588 1008 1620 1424
1033 1584 1101 1620 sub
1127 1585 1188 1621 fin.
1214 1586 1300 1630 post
1329 1583 1592 1630 θαυμάζοντος
1617 1584 1779 1621 delenda

172 1666 177 1670 .
215 1635 273 1669 est
297 1632 560 1679 interpunctio.

310 1682 352 1715 In
372 1682 571 1725 conspectu
590 1691 824 1716 numerorum
844 1680 917 1716 vol.
938 1679 954 1713 I
978 1690 1053 1715 non
1078 1679 1173 1714 nihil
1192 1679 1381 1714 turbatum
1403 1681 1470 1715 est.
1508 1678 1548 1714 in
1568 1679 1776 1716 Chionid.

215 1727 260 1764 fr.
285 1739 352 1773 pro
379 1732 446 1772 6,2
508 1732 529 1762 3
555 1739 621 1762 scr-
651 1728 719 1771 7,2
745 1727 778 1763 5.
861 1726 1029 1763 Cratin.
1057 1738 1124 1772 pro
1152 1730 1238 1771 110,
1265 1731 1284 1762 9
1312 1738 1380 1762 ser.
1409 1727 1493 1771 111,
1521 1731 1552 1762 9.
1621 1727 1775 1772 Eupol.

217 1787 284 1820 pro
301 1779 390 1818 550,
418 1779 438 1810 5
465 1786 531 1811 scr.
559 1778 639 1819 550,
665 1779 698 1811 5.
718 1774 754 1811 6.
804 1786 871 1820 pro
897 1777 980 1818 558,
1006 1775 1079 1810 27*
1105 1777 1174 1809 455
1195 1786 1263 1810 scr.
1285 1777 1364 1818 558,
1391 1778 1436 1810 27
1462 1774 1545 1809 457.
1583 1775 1779 1820 praeterea

215 1823 359 1858 numeri
385 1822 498 1858 Mein.
525 1825 844 1867 574‚lO8--575,
867 1826 932 1857 122
972 1822 1058 1857 sunt
1095 1821 1271 1857 editionis
1303 1821 1475 1867 minoris,
1508 1833 1581 1857 non
1613 1821 1776 1857 maioris.

215 1869 447 1914 Aristoph.
473 1881 541 1915 pro
569 1873 677 1913 1088,
705 1874 750 1905 26
777 1873 845 1905 388
872 1881 938 1905 scr.
966 1872 1045 1904 338.
1113 1880 1180 1914 pro
1208 1873 1319 1911 1222,
1347 1873 1438 1905 1259
1466 1880 1535 1904 scr.
1564 1869 1670 1912 1220,
1696 1873 1776 1906 259.

214 1929 282 1962 pro
304 1921 406 1959 1220,
433 1921 501 1952 262
528 1929 596 1953 scr.
619 1917 723 1960 1221,
750 1917 832 1953 265.
878 1929 944 1961 pro
967 1920 1069 1960 1221,
1097 1920 1164 1952 265
1191 1928 1257 1952 scr.
1279 1916 1363 1953 266.
1402 1928 1469 1962 pro
1495 1920 1564 1952 266
1585 1916 1670 1952 267.
1709 1928 1778 1962 pro

219 1969 320 2005 1221,
342 1969 410 2000 267
432 1975 500 1999 scr.
524 1964 634 2008 1220,
663 1964 744 2000 262.
766 1967 835 1999 894
853 1963 887 1998 Κ
907 1967 964 1999 est
984 1963 1095 2008 1184,
1118 1963 1167 1999 33
1188 1964 1237 1999 M.
1275 1971 1342 2009 pro
1366 1968 1467 2009 1093,
1486 1968 1507 1998 2
1528 1976 1597 1999 scr.
1620 1968 1721 2008 1093,
1741 1964 1777 2000 3.

310 2012 352 2046 In
391 2013 593 2057 conspectu
630 2023 867 2047 numerorum
905 2011 976 2047 vol.
1009 2010 1043 2045 II
1077 2011 1319 2056 Antiphan.
1364 2015 1433 2047 243
1466 2011 1515 2046 M.
1548 2013 1606 2046 est
1638 2012 1708 2047 279
1734 2012 1776 2047 K.

217 2063 290 2142 29}
311 2059 360 2094 M.
387 2059 458 2094 278
483 2058 526 2095 K.
576 2058 751 2096 Alexid.
777 2062 846 2095 284
867 2059 913 2095 Μ.
942 2059 1012 2094 344
1033 2058 1076 2094 K.
1126 2058 1313 2094 Philem.
1339 2062 1384 2094 88
1405 2059 1451 2095 M.
1482 2058 1551 2095 103
1569 2058 1612 2094 K.
1642 2062 1707 2094 141
1727 2058 1778 2093 Μ.

316 2212 357 2248 Ο.
384 2212 504 2248 Crusii
524 2212 772 2248 Goniectanea
792 2213 839 2247 ad
859 2212 1074 2248 comoediae
1099 2212 1273 2257 antiquae
1293 2212 1505 2258 fragmenta
1523 2212 1672 2257 (Philol.
1695 2225 1777 2249 nov.

220 2270 287 2295 ser.
309 2261 324 2294 I
351 2263 395 2294 33
410 2262 481 2305 sq)
508 2262 545 2294 et
571 2270 666 2304 quae
692 2261 737 2294 de
764 2259 996 2296 Pherecratis
1024 2260 1238 2305 anapaestis
1264 2260 1511 2305 συμπτύκτοις
1534 2260 1591 2306 (fr.
1620 2261 1679 2305 79)
1706 2259 1778 2295 dis-

219 2306 368 2352 putavit
393 2306 500 2351 (Mus.
527 2307 643 2342 Rhen.
670 2307 857 2342 XXXXlll
885 2311 951 2343 197
967 2308 1038 2353 sq.)
1070 2318 1152 2342 sero
1184 2308 1230 2342 ad
1256 2318 1315 2342 me
1341 2310 1600 2353 pervenerunt.
1649 2307 1778 2352 itaque

223 2367 336 2390 unum
361 2364 494 2390 moneo
522 2366 581 2390 me
608 2354 645 2389 in
672 2355 781 2390 rebus
805 2355 1002 2399 perniultis
1028 2354 1076 2389 ab
1102 2366 1145 2390 eo
1172 2354 1378 2390 dissentire.
