2014 3334
516 255 905 294 ΠΑΡΑΔΙΔΟΜΕΝΗ
931 278 975 284 -
996 257 1203 293 ΑΔΗΛΩΝ
1223 258 1483 293 ΔΡΑΜΑΤΩΝ
1701 251 1790 302 323

209 365 266 420 εἷς
295 368 471 423 κέφαλος
500 372 622 412 Both.
684 373 724 412 8.
755 370 919 427 αἰτήσῃς
949 369 1105 422 Dindf]
1138 370 1328 423 αἰτήσαις.
1391 373 1429 411 9.
1463 365 1507 411 οἶ
1525 371 1661 411 Dindf.
1725 372 1791 412 15.

210 429 345 473 οὑτοσὶ
364 430 520 483 Dind1.]
565 429 684 479 αὐτὸς
716 429 851 472 οὑτοσὶ
870 432 919 471 Α.
967 430 1119 486 πάραγε
1152 432 1228 471 del.
1260 431 1482 483 Schweigh.
1565 433 1632 472 16.
1669 441 1793 485 προσ-

198 487 366 545 ·έρχεσθ’
400 492 450 531 A.

330 564 483 604 coquus
527 552 680 592 famulo
711 551 919 604 praecipit.
965 548 1318 604 ‘quandocumque
1356 552 1581 592 mercedem
1621 551 1792 603 accipies

210 613 406 664 quantam
440 612 687 664 poposceris,
730 625 811 652 non
841 613 937 652 licet
972 612 1084 652 furta
1120 612 1202 652 ista
1239 612 1489 652 committere
1527 625 1630 663 quae
1667 625 1692 651 a
1728 625 1792 651 me

209 671 403 712 didicisti:
443 674 486 712 at
514 685 639 723 nunc,
677 686 769 712 cum
800 685 919 712 senex
959 672 1071 712 dives
1104 674 1144 712 et
1175 684 1322 713 avarus
1358 672 1541 712 mercede
1572 672 1793 723 perexigua

209 732 410 783 promissa
439 733 604 783 nuptias
638 727 731 787 (filii
762 733 905 783 opinor
935 733 1000 773 vel
1030 726 1156 786 filiae)
1190 732 1380 784 celebrat,
1413 732 1570 783 surripe
1596 732 1793 784 quidquid

209 788 390 842 poteris'.
454 794 521 832 10.
553 790 824 845 ἀνδροφόνον,
856 793 906 833 cf.
928 792 1117 843 Amphid.
1139 793 1208 842 30,
1230 794 1255 832 8
1283 794 1324 832 et
1349 805 1451 844 quae
1477 794 1528 831 ad
1547 792 1793 832 Philemonis

204 847 481 905 Ἀνδροφόνον
513 853 770 893 adnotantur.
832 850 884 893 ἂν
914 848 1020 892 τοῦτ’
1056 851 1250 908 αἰσθάνῃ,
1281 854 1318 892 si
1346 854 1466 892 sentis
1496 854 1590 901 quid
1619 853 1688 892 hoc
1718 854 1794 892 sibi

207 913 315 958 velit,
346 909 605 964 ἀνδροφόνον
636 925 735 953 esse.
759 953 764 957 ,
806 913 989 954 14.s10n.
1020 915 1126 965 trag.
1157 913 1206 952 fr.
1240 914 1294 953 29
1327 912 1377 952 N.
1410 907 1648 966 (Hecatam-29)
1686 910 1792 952 κατέ-

206 985 297 1012 πινε
314 969 447 1012 καὶτὰ
477 975 579 1014 κᾶλα
609 971 687 1013 καὶ
716 971 827 1021 τοὺς
859 970 1125 1026 ἄνθρακας.
1189 974 1255 1012 16.
1282 972 1406 1013 Arist.
1426 973 1547 1024 Vesp.
1569 974 1656 1013 900
1676 969 1730 1020 ὡς
1750 970 1792 1012 δὲ

206 1030 273 1072 καὶ
302 1029 469 1073 κλέπτον
499 1030 644 1085 βλέπει.

751 1137 958 1173 ΑΔΗΛΩΝ
983 1137 1245 1172 ΔΡΑΜΑΤΩΝ

206 1255 231 1281 3
974 1223 1025 1265 11

421 1305 506 1362 ἐγὼ
539 1306 742 1362 μαθητὴς
772 1304 994 1362 ἐγενόμην
1025 1306 1306 1363 Σωτηρίδου,

421 1377 470 1429 ὃς
502 1377 587 1422 ἀπὸ
619 1378 844 1434 θαλάττης
875 1378 1125 1434 Νικομήδει
1157 1378 1331 1421 δώδεκα

421 1449 530 1492 ὁδὸν
562 1448 770 1506 ἀπέχοντι
802 1457 976 1507 πρῶτος
1007 1449 1186 1507 ἡμερῶν
1216 1464 1322 1493 ποτε

420 1521 568 1578 ἀφύης
598 1520 927 1578 ἐπιθυμήσαντι
958 1529 1174 1578 χειμῶνος
1205 1521 1345 1577 μέσου

350 1605 400 1637 μὅ
419 1593 645 1652 παρέθηκε
675 1595 732 1650 νὴ
765 1592 844 1636 Δί’
880 1594 992 1637 ὥστε
1023 1594 1190 1645 πάντας
1222 1593 1501 1651 ἀνακραγεῖν.

420 1669 469 1708 Β.
500 1673 594 1717 πῶς
626 1664 675 1709 δὲ
708 1667 904 1710 δυνατὸν
934 1665 1054 1709 τοῦτ’
1092 1666 1203 1718 έστί;
1237 1670 1291 1710 Α.
1322 1669 1513 1723 θήλειαν
1545 1669 1695 1724 λαβὼν

420 1740 680 1794 γογγυλίδα,
716 1739 883 1795 ταύτην
914 1740 1037 1796 ἔτεμε
1069 1739 1204 1782 λεπτοὶ
1235 1738 1309 1782 καὶ
1341 1740 1500 1797 μακρά,

418 1810 501 1866 τὴν
532 1811 638 1862 ὄψιν
670 1811 805 1867 αὐτῆς
835 1817 912 1867 τῆς
943 1811 1091 1867 ἀφύης
1122 1811 1411 1868 μιμούμενος·

421 1882 647 1938 ἀποζέσας,
681 1885 833 1926 ἔλαιον
865 1881 1054 1940 ἐπιχέας,
1086 1883 1196 1935 ἅλας

358 1965 400 1997 10
421 1955 529 2008 δοὺς
559 1962 798 2010 μουσικῶς,
829 1956 1035 2011 μήκωνος
1065 1954 1281 2006 ἐπιπάσας
1312 1957 1405 1999 ἄνω

419 2028 608 2078 κόκκους
640 2029 850 2083 μελαίνης
880 2028 960 2070 τὸν
992 2027 1189 2084 ἀριθμὸν
1222 2028 1409 2082 δώδεκα,

418 2097 518 2156 περὶ
549 2099 632 2155 τὴν
665 2101 874 2143 Σκυθίαν
905 2101 1035 2143 ἔλυσε
1065 2100 1148 2156 τὴν
1179 2099 1435 2156 ἐπιθυμίαν.

418 2169 491 2214 καὶ
524 2172 800 2228 Νικομήδης,
830 2173 1078 2228 γογγυλίδα
1110 2173 1385 2229 μασώμενος,

418 2242 566 2299 ἀφύης
596 2241 686 2287 τότ’
724 2245 843 2299 ἔλεγε
874 2252 968 2296 τοῖς
999 2246 1149 2301 φίλοις
1181 2244 1412 2302 ἐγκώμιον.

356 2326 399 2358 15
419 2312 555 2358 οὐδὲν
586 2315 610 2358 ὁ
643 2316 852 2374 μάγειρος
882 2323 963 2360 τοῦ
994 2324 1183 2373 ποιητοῦ
1218 2317 1438 2375 διαφέρει·

420 2387 443 2430 ὁ
474 2394 583 2439 νοῦς
613 2388 698 2445 γάρ
730 2388 853 2432 ἐστιν
884 2388 1073 2448 ἑκατέρῳ
1106 2390 1277 2434 τούτων
1308 2390 1451 2447 τέχνη.

323 2485 557 2527 Athenaeus
586 2490 623 2538 1,
651 2490 674 2527 7
688 2489 714 2527 d
745 2487 968 2540 Νικομήδει
998 2491 1051 2546 τῷ
1083 2491 1277 2529 Βιθυνῶν
1308 2490 1467 2542 βασιλεῖ
1491 2489 1786 2543 ἐπιθυμήσαντι

204 2542 341 2596 ἀφύης
372 2540 549 2599 (μακρὰν
581 2544 623 2586 δὲ
649 2542 766 2596 οὗτος
790 2543 843 2600 ’ἦν
867 2554 937 2601 τῆς
956 2544 1182 2604 θαλάσσης)
1215 2549 1398 2603 μάγειρός
1428 2565 1486 2599 τις
1512 2552 1786 2604 μιμησάμενος

203 2603 246 2644 τὸ
272 2604 460 2657 ἰχθύδιον
489 2604 719 2660 παρέθηκεν
751 2605 822 2659 [ὡς
853 2607 1020 2660 ἀφύας].
1082 2607 1103 2649 ὃ
1134 2615 1236 2663 γοῦν
1266 2606 1360 2663 παρ’
1403 2608 1592 2666 Εὔφρονι
1623 2614 1677 2668 τῷ
1707 2628 1786 2652 κω-

204 2667 306 2721 μικῷ
336 2664 520 2719 μάγειρός
551 2678 675 2719 φησιν
706 2670 784 2708 κτλ.
845 2683 883 2709 v.
917 2671 1073 2709 6-12
1106 2669 1252 2710 Suidas
1284 2668 1416 2721 ἀφύα·
1447 2671 1617 2722 θήλειαν
1649 2670 1785 2724 λαβὼν

148 2768 150 2770 ,
203 2725 418 2778 γογγυλίδα
454 2725 600 2778 ταύτην
631 2725 764 2779 ἔτεμεν
801 2727 858 2776 εἰς
888 2728 1020 2781 μακρὰ
1056 2727 1124 2769 καὶ
1154 2728 1273 2769 λεπτὰ
1304 2728 1379 2781 τὴν
1417 2728 1516 2782 ὄψιν
1546 2737 1616 2784 τῆς
1645 2730 1786 2784 ἀφύης

204 2783 447 2837 μιμούμενος
477 2784 668 2838 ἕπιζέσας,
700 2786 834 2828 ἔλαιον
865 2787 1031 2841 ἐπιχέας,
1063 2789 1174 2839 ἅλας,
1206 2789 1395 2841 μήκωνας
1425 2789 1634 2842 ἐπιπάσας,
1672 2790 1784 2832 ἔλυσε

204 2842 277 2895 τὴν
308 2843 539 2897 ἐπιθυμίαν.
621 2849 659 2886 2.
690 2847 887 2900 θαλάττης
919 2848 1074 2900 Dindf]
1107 2849 1323 2901 θαλάσσης.
1405 2852 1444 2890 3.
1474 2856 1630 2905 πρῶτος
1659 2851 1783 2903 BCD]

203 2910 359 2956 πρῶτον
373 2905 459 2945 VL.
478 2909 713 2958 corruptum
731 2908 903 2948 videtur.
965 2911 1004 2949 5.
1024 2907 1228 2960 παρέθηκε
1247 2907 1298 2960 νὴ
1315 2907 1379 2949 Δί’
1397 2910 1535 2961 Mein.]
1556 2908 1785 2966 παρέθηκεν

204 2959 340 3016 ἡδείας
359 2965 389 3004 C
415 2961 546 3019 (ἡδεῖς
565 2961 669 3020 VL).
735 2970 773 3008 7.
791 2967 939 3020 ταύτην
958 2967 1065 3021 ἔτεμε
1085 2967 1203 3008 λεπτὰ
1228 2967 1301 3021 τὴν
1327 2967 1425 3022 ὄψιν
1443 2971 1563 3013 ΒΟΙ).
1594 2985 1642 3011 ex
1663 2972 1786 3011 Suida

1424 3037 1497 3074 21*
