2014 3334
715 208 924 244 ΑΔΗΛΩΝ
948 207 1213 243 ΔΡΑΜΑΤῼΝ
1661 204 1750 247 245

294 394 569 443 Quintilianus
601 396 640 445 9,
672 395 712 444 3,
745 395 799 433 89
840 395 955 433 etiam
985 395 1028 433 in
1051 404 1246 442 personae
1285 395 1437 442 fictione
1467 393 1640 432 accidere
1670 394 1752 442 qui-

172 457 268 497 dam
302 457 404 496 idem
433 457 687 506 putaverunt,
730 457 772 493 ut
808 456 851 493 in
888 454 1014 492 verbis
1057 455 1151 492 esset
1190 453 1284 493 haee
1319 455 1471 503 siqura:
1513 452 1752 492 crudelitatis

171 519 297 556 mater
339 518 394 556 est
435 516 606 555 avaritia
650 543 659 552 .
704 544 714 554 .
759 545 767 554 .
813 514 928 562 quale
970 516 1025 552 est
1067 514 1176 562 apud
1211 513 1498 557 Menandrum,
1545 511 1752 562 Oedipus

175 576 441 617 Thriasius.
494 571 729 614 ‘Menander
759 573 1026 612 coniectorem
1057 569 1237 624 aliquem
1269 572 1406 612 risisse
1438 572 1612 622 videtur,
1645 571 1751 623 quod

172 647 299 688 genus
337 634 546 675 hominum
581 634 624 673 in
655 631 845 673 Thriasio
883 645 1023 683 eampo
1061 632 1176 671 sedes
1208 644 1302 671 suas
1344 632 1532 671 habuisse
1563 627 1751 671 constat?

173 693 293 735 Mein.
322 695 495 734 Bekker.
527 693 677 733 Aneed.
711 695 808 742 265,
845 695 895 732 11
941 691 1131 744 Θριάσιον
1166 691 1307 732 πεδίον
1330 723 1339 731 .
1359 723 1368 732 .
1390 722 1398 731 .
1422 689 1500 731 ἀπὸ
1538 697 1618 731 τῶν
1655 691 1751 743 βλη-

171 758 322 796 θεισῶν
362 754 418 802 εἰς
458 752 554 794 αὐτὸ
594 757 725 806 θριῶν
763 749 834 792 ὑπ’
874 748 1064 804 Ἀθηνᾶς.
1113 751 1228 804 θρίαι
1268 749 1312 791 δέ
1348 751 1447 792 εἰσιν
1485 751 1530 790 αἱ
1568 749 1753 802 μαντικαὶ

171 819 309 867 ψῆφοι
339 809 410 870 (cf.
430 814 548 854 Phot.
580 816 621 854 et
646 813 821 864 Hesyeh.
852 807 998 866 θρίαι).
1048 811 1206 864 νύμφαι
1237 809 1281 852 δέ
1310 825 1423 863 τινες,
1458 810 1574 863 Θρίαι
1605 808 1751 863 ὀνομα-

4 867 6 870 Ῑ
87 923 97 931 κ
172 873 351 927 ζόμεναι,
388 873 549 927 ἐξεῦρον
585 871 659 925 τὴν
695 871 883 924 τοιαύτην
922 871 1122 924 μαντείαν.
1185 871 1324 923 Steph.
1354 872 1452 923 Byz.
1493 871 1594 923 Θρΐα
1626 871 1752 923 δῆμος

171 938 243 988 τῆς
270 933 459 986 Οἰνηίδος
484 936 634 986 φυλῆς.
656 965 664 972 .
687 930 822 985 ,θριαὶ
847 930 890 972 δὲ
915 931 961 971 αἱ
981 930 1165 984 μαντικαὶ
1189 936 1341 983 ψῆφοι,
1371 929 1419 979 ἃς
1449 925 1563 983 εὗρεν
1584 927 1751 983 Ἀθηνᾶ.

174 995 319 1035 Zenob.
353 996 392 1044 5,
425 995 480 1034 75
519 992 658 1034 πολλοὶ
693 991 922 1046 θριοβόλοι,
959 996 1109 1046 παῦροι
1147 989 1190 1031 δέ
1220 1005 1259 1032 τε
1297 990 1455 1043 μάντιες
1485 988 1639 1044 ἄνδρες.
1701 993 1752 1031 cf.

173 1055 293 1106 Soph.
331 1054 379 1095 fr.
413 1055 497 1094 425
538 1055 589 1094 N.
620 1054 792 1093 Lobeek.
824 1053 917 1104 Agl.
950 1053 1049 1092 814.
1106 1052 1292 1092 Bursian.
1333 1051 1478 1104 Geogr.
1510 1065 1568 1103 gr.
1602 1052 1621 1090 I
1655 1053 1755 1092 328.

171 1115 339 1156 Gemoll.
372 1114 534 1154 Homer.
565 1114 713 1165 Hymn.
749 1115 788 1164 2,
820 1114 905 1152 552
939 1127 975 1163 p.
1011 1113 1110 1152 254.

922 1228 1012 1272 950

291 1306 565 1354 Quintilianus
594 1308 660 1354 10,
703 1308 740 1357 Ῑ,
774 1307 828 1345 69
862 1298 1133 1358 (Euripidem)
1166 1305 1387 1343 admiratus
1417 1305 1586 1343 maxi-me
1616 1306 1681 1348 est,
1712 1307 1755 1342 ut

171 1378 311 1417 saepe
342 1369 562 1411 testatur,
595 1369 631 1405 et
659 1368 822 1410 secutus,
854 1377 1091 1414 quamquam
1121 1365 1164 1403 in
1195 1376 1307 1413 opere
1337 1365 1500 1406 diverso,
1520 1364 1751 1403 Menander.

900 1532 907 1540 ,
921 1480 1007 1524 951

293 1567 444 1616 Seneca.
474 1570 636 1617 Quaest.
664 1571 746 1609 nat.
780 1570 807 1608 4
839 1568 963 1620 praef.
997 1571 1067 1608 aut
1095 1569 1196 1608 ilbud
1225 1569 1444 1607 Menandri
1473 1596 1484 1607 .
1517 1598 1525 1606 .
1558 1597 1567 1606 .
1599 1579 1755 1608 omnes

141 1628 143 1630 ’
171 1633 228 1670 ait
250 1631 399 1670 malos
428 1632 603 1674 vivere,
635 1633 670 1669 et
691 1631 736 1670 in
759 1641 943 1669 scaenam
967 1629 1068 1668 vehit
1098 1630 1269 1668 rusticus
1293 1630 1412 1677 poeta
1434 1628 1631 1677 prosiluit.
1675 1641 1754 1667 non

170 1702 299 1731 senem
329 1692 484 1740 excepit,
515 1702 595 1729 non
611 1702 795 1739 puerum,
826 1701 905 1728 non
935 1690 1135 1739 feminam,
1165 1700 1245 1727 non
1269 1689 1421 1734 virum,·
1454 1691 1488 1726 et
1513 1689 1632 1727 adicit
1661 1700 1753 1726 non

171 1751 386 1800 sinyulos
420 1762 637 1800 peceare,
680 1762 771 1788 non
805 1760 1005 1798 paucos,
1049 1749 1128 1788 sed
1170 1750 1264 1788 iam
1307 1749 1463 1787 scelus
1506 1759 1604 1786 esse
1648 1760 1752 1787 eon-

172 1813 344 1850 textum
375 1810 697 1859 (confertum).

923 1876 1011 1920 952

292 1954 450 1993 Plinius
478 1954 528 1992 N.
547 1954 584 1992 h.
608 1954 676 2004 13,
704 1954 757 1992 13
791 1953 987 1992 telinum
1017 1945 1308 2006 (unguentum)
1340 1954 1386 1999 fit
1416 1963 1461 1991 ex
1491 1953 1570 1990 oleo
1600 1955 1753 1998 recenti,

173 2015 316 2064 cypiro,
346 2014 522 2060 meliloto,
553 2014 641 2062 feno
670 2024 821 2063 yraeeo‚
850 2013 971 2056 melle,
1001 2024 1125 2056 maro,
1158 2023 1353 2052 amaraco.
1415 2012 1484 2050 hoe
1518 2013 1638 2051 multo
1671 2016 1754 2052 erat

173 2074 459 2174 (ἰοέὠὲνέιέἒιιὲη
489 2073 705 2113 Menandri
734 2075 872 2122 poetae
909 2073 1042 2112 comici
1072 2074 1206 2111 aetate.
1273 2071 1323 2110 ef.
1355 2070 1501 2110 Athen.
1536 2073 1580 2123 5,
1617 2074 1699 2112 195
1715 2073 1752 2111 d.

235 2164 246 2185 ,
440 2162 450 2172 .

887 2224 889 2226 ·
924 2199 1011 2244 953

295 2288 450 2327 Plinius
481 2289 530 2329 N.
562 2289 601 2328 h.
635 2289 703 2339 18,
737 2289 790 2327 72
825 2289 1138 2336 antiwissimum
1168 2288 1210 2326 in
1242 2289 1336 2327 cibis
1371 2288 1611 2331 hordeum,
1655 2288 1755 2326 sieut

166 2347 469 2388 Atheniensium
498 2350 580 2388 ritu
609 2349 834 2388 Menandro
865 2350 1021 2387 auctore
1052 2347 1226 2396 adparet.

922 2461 1012 2506 954

298 2539 451 2578 Plinius
482 2539 531 2578 N.
550 2539 588 2578 h.
611 2541 679 2591 19,
701 2541 785 2579 113
818 2539 1039 2578 Menander
1064 2567 1074 2578 .
1087 2567 1097 2577 .
1123 2542 1257 2578 auctor
1289 2542 1342 2578 est
1373 2539 1512 2577 allium
1543 2538 1752 2582 edentibus,

175 2602 211 2639 si
254 2600 424 2638 radicem
468 2600 573 2638 betae
611 2601 654 2638 in
688 2611 827 2648 pruna
858 2602 997 2638 tostam
1031 2599 1314 2647 superederint,
1357 2599 1511 2636 odorem
1551 2599 1751 2645 eus-linqui.

178 2654 363 2698 ‘fortasse
395 2658 446 2697 ad
477 2658 749 2708 Synaristosas
779 2653 1062 2697 referendum'.
1103 2657 1219 2696 Mein.
1251 2657 1352 2696 conl.
1383 2658 1432 2695 fr.
1465 2658 1562 2695 455.

922 2773 1010 2817 955

297 2848 453 2888 Plinius
484 2849 534 2888 N.
564 2849 602 2888 h.
636 2850 704 2899 20,
738 2849 822 2888 252
862 2849 1028 2888 blitum
1063 2849 1193 2887 iners
1229 2848 1381 2886 videtur
1412 2859 1459 2885 ae
1494 2848 1577 2885 sine
1613 2859 1752 2896 sapore

179 2912 248 2948 aut
285 2910 501 2948 acrimonia
537 2909 639 2951 ulla,
677 2909 780 2948 wnde
817 2909 1082 2948 convicium
1118 2908 1309 2956 feminis
1346 2907 1454 2955 apud
1484 2906 1751 2946 Menandrum
