2014 3334
707 244 912 279 ΑΔΗΛΩΝ
937 245 1198 281 ΔΡΑΜΑΤΩΝ
1657 244 1739 287 177

283 358 482 399 Stobaeus
512 357 652 397 Floril.
687 358 755 409 62,
791 359 845 397 10
877 356 1126 410 Μενάνδρου
1158 357 1206 396 Α.
1291 360 1327 398 1.
1359 356 1396 397 εἰ
1423 356 1498 411 γὰρ
1530 355 1552 397 ὁ
1590 357 1742 398 Iacobs.

119 434 121 436 ·
162 418 275 459 Lect.
306 417 418 458 Stob.
453 419 549 458 101.
614 418 652 456 2.
684 417 741 456 sic
772 417 857 456 AB.
889 415 1083 458 ἀπολαύει
1115 417 1252 468 Gaisf.,
1292 418 1397 469 quod
1430 418 1538 468 apud
1570 418 1743 458 comicos

162 489 320 531 semper
345 490 436 517 cum
461 479 594 529 geneb.
620 476 889 529 coniungitur.
936 476 1152 517 ἀπολάπτει
1171 477 1323 517 Iacobs.
1370 479 1412 517 at
1431 479 1478 517 cle
1501 490 1571 518 suo
1590 478 1743 529 aliquid

161 536 404 579 ἀνωλάπτειν
421 537 605 588 ineptum
623 538 698 576 est.
741 538 789 577 cf.
804 537 929 577 Arist.
942 538 1048 578 Nub.
1070 539 1168 577 811.
1205 536 1362 589 λαμβάν
1382 531 1599 592 (superscr.
1614 532 1674 591 ςς)
1695 538 1744 577 A.

162 597 346 651 λαμβάνῃ
377 598 424 637 Β.
487 599 526 637 3.
558 594 705 637 σαυτὸν
731 595 863 647 Grot]
896 596 1074 637 σεαυτὸν.
1124 597 1297 637 Hanovii
1329 597 1433 637 ratio
1466 592 1626 651 (Exere.
1655 599 1743 637 erit.

165 660 263 699 126.
292 652 336 712 7)
368 670 449 697 non
480 659 542 696 est
571 656 810 708 probabilis,
842 657 921 696 nisi
953 658 1060 708 quod
1091 659 1199 696 recte
1231 657 1421 708 inprobat
1451 656 1487 696 εἰ
1514 657 1600 710 γάρ.
1658 671 1744 697 sen·

162 718 293 758 tentia
323 717 535 758 manifesto
555 717 654 756 haec
685 718 764 756 est:
797 712 848 756 ‘si
880 730 972 756 erus
999 729 1072 756 sua
1098 718 1240 767 sponte
1261 717 1395 756 omnia
1414 717 1633 768 profundib,
1663 731 1744 757 non

163 778 358 818 iniustum
390 779 452 817 est
483 779 523 816 te
555 777 631 816 tibi
657 778 1027 828 quantumcumque
1062 779 1178 828 potes
1209 772 1442 816 vindicare?
1506 777 1643 829 itaque
1669 790 1744 817 scr.

164 837 275 878 ὅταν
306 834 328 877 ὁ
360 837 469 877 δεσπ.
501 835 619 884 αὐτὸς
650 834 899 892 ἀποβάλλῃ
931 835 1082 887 πάντα,
1114 835 1163 876 σὺ
1196 833 1239 875 δὲ
1269 834 1323 887 μὴ
1356 835 1610 892 λαμβάνῃς,
1647 847 1744 876 σαυ-

163 896 232 938 τὸν
263 896 383 949 ἔπιτρ.
416 920 471 926 -
505 893 705 948 ὠφελῶν.
755 897 804 943 cf.
836 896 961 937 Arist.
993 897 1100 936 Eccl.
1134 898 1232 936 811.
1283 896 1435 948 Diphil.
1469 898 1537 946 32,
1572 898 1609 936 6.

912 1037 997 1080 581

378 1119 476 1178 ἐμοὶ
507 1122 636 1171 πόλις
667 1119 759 1164 ἐστὶ
790 1119 864 1163 καὶ
895 1120 1129 1176 καταφυγὴ
1161 1118 1236 1163 καὶ
1261 1122 1398 1176 νόμος

377 1192 452 1237 καὶ
483 1199 564 1236 τοῦ
596 1193 774 1235 δικαίου
804 1198 886 1235 τοῦ
917 1190 956 1234 τ’
993 1191 1153 1235 ἀδίκου
1184 1193 1349 1243 παντὸς
1379 1193 1531 1248 κριτὴς

379 1264 403 1307 ὁ
437 1265 664 1320 δεσπότης.
726 1265 837 1320 πρὸς
868 1269 1029 1312 τοῦτον
1060 1262 1139 1306 ἕνα
1173 1264 1245 1306 δεῖ
1274 1266 1350 1319 ζῆν
1382 1262 1468 1319 ἐμέ.

285 1352 483 1392 Stobaeus
514 1352 652 1405 Floril.
687 1339 756 1402 6⁷2,
789 1353 845 1390 34
889 1350 1139 1404 Μενάνδρου
1163 1333 1220 1390 Ἀ.

914 1491 1003 1535 582

358 1574 545 1634 πατρῷ’
583 1577 700 1632 ἔχειν
731 1575 804 1618 δεῖ
830 1558 912 1618 τὸν
940 1578 1085 1625 καλῶς
1116 1574 1378 1631 εὐδαίμονα·

380 1648 433 1691 τὰ
465 1648 573 1706 μετὰ
603 1648 814 1702 γυναικὸς
847 1645 888 1690 δ’
925 1643 1104 1690 εἰσιόντ’
1141 1648 1204 1698 εἰς
1235 1648 1381 1690 οἰκίαν

366 1717 476 1763 ὀὔτ’
513 1719 690 1776 ἀσφαλῆ
723 1720 804 1774 τὴν
835 1725 989 1775 κτῆσιν
1022 1718 1125 1762 οὔθ’
1170 1719 1328 1776 ἱλαρὰν
1360 1720 1459 1775 ἔχει.

286 1807 485 1847 Stobaeus
516 1807 656 1846 Floril.
691 1808 760 1858 68,
794 1809 848 1847 28
883 1806 1132 1859 Μενάνδρου
1164 1808 1212 1845 A.
1274 1821 1310 1846 v.
1344 1808 1382 1845 2.
1416 1809 1440 1846 3
1478 1807 1583 1845 idem
1617 1808 1685 1857 72,
1719 1809 1742 1846 7

166 1867 417 1921 Μενάνδρου
448 1866 497 1906 Α.
560 1869 598 1906 2.
630 1865 677 1906 τὰ
708 1865 802 1919 μετὰ
833 1883 868 1920 γ.
902 1863 938 1906 δ’
974 1866 1140 1906 Person.
1166 1867 1267 1907 Adv.
1296 1865 1399 1917 289]
1433 1865 1479 1905 τὰ
1512 1863 1554 1905 δὲ
1585 1864 1679 1918 μετὰ
1709 1881 1745 1918 γ.

167 1925 210 1967 δὲ
241 1940 318 1967 om.
352 1929 419 1968 72.
513 1929 551 1967 3.
583 1923 786 1967 οὐκ-οὐδ’
825 1929 892 1967 72.
930 1949 988 1953 -
1032 1925 1100 1966 τὸν
1137 1929 1265 1974 καλῶς
1303 1924 1542 1978 εὐδαίμονα,
1573 1929 1620 1965 ut
1649 1928 1744 1965 145.

167 1988 410 2039 Theopomp.
442 2000 540 2026 com.
576 1989 644 2027 34.
695 1986 845 2026 Cratin.
878 1988 973 2026 min.
1006 1989 1044 2027 4.

915 2115 1003 2159 583

382 2199 490 2243 ὅταν
519 2197 655 2255 πένης
688 2200 751 2242 ὢν
782 2197 854 2242 καὶ
887 2206 1046 2255 γαμεῖν
1077 2214 1142 2249 τις
1175 2197 1383 2254 ἑλόμενος

382 2272 436 2314 τὰ
468 2272 575 2328 μετὰ
606 2271 818 2328 γυναικὸς
849 2269 1102 2327 ἐπιδέχηται
1133 2271 1346 2326 χρήματα,

383 2343 521 2387 αὑτὸν
553 2345 754 2399 δίδωσιν,
787 2343 870 2386 οὐκ
901 2342 1076 2398 ἐκείνην
1108 2342 1333 2398 λαμβάνει.

98 2471 101 2474 ,
288 2430 485 2472 Stobaeus
522 2432 662 2473 Floril.
696 2434 764 2482 70,
797 2432 821 2470 5
868 2429 1118 2481 Μενάνδρου
1154 2430 1198 2469 Α.
1269 2431 1306 2467 2.
1339 2425 1451 2480 μετὰ]
1491 2426 1598 2479 παρὰ
1631 2427 1745 2466 Voss.

169 2489 290 2530 Hens.
340 2489 436 2543 μετὰ
466 2497 535 2544 τῆς
567 2486 662 2546 (om.
693 2486 759 2546 τὰ)
791 2506 826 2544 γ.
860 2490 986 2530 Cobet
1017 2490 1064 2530 N.
1087 2490 1112 2528 l.
1144 2491 1210 2528 87.
1263 2490 1305 2527 at
1335 2488 1383 2526 cf.
1418 2489 1513 2526 582.
1578 2488 1747 2526 fortasse

170 2564 261 2590 cum
292 2550 388 2598 Eur.
420 2551 558 2603 Suppl.
592 2553 676 2591 876
717 2551 847 2603 φίλων
880 2547 922 2589 δὲ
960 2548 1107 2602 χρυσὸν
1147 2581 1153 2588 .
1188 2578 1196 2587 .
1228 2577 1238 2587 .
1276 2545 1351 2587 οὐκ
1388 2542 1592 2594 εἰσεδέξατ’
1635 2541 1748 2586 οἶκον

170 2610 423 2650 scribendum
455 2609 740 2664 εἰσδέχηται.

887 2714 976 2758 584

386 2794 457 2841 δύ’
493 2795 591 2842 ἔσθ’
627 2798 654 2841 ἃ
684 2806 834 2855 κρῖναι
865 2799 945 2841 τὸν
976 2803 1134 2852 γαμεῖν
1167 2794 1384 2850 μέλλοντα
1417 2794 1501 2846 δεῖ,

384 2870 483 2924 ἤτοι
514 2876 717 2926 προσηνῆ
748 2867 791 2925 γ’
826 2871 932 2921 ὄψιν
964 2867 991 2923 ἢ
1023 2867 1217 2923 χρηστὸν
1248 2867 1432 2920 τρόπον·

384 2941 467 2996 τὴν
496 2942 582 2997 γὰρ
614 2940 829 2997 ὁμόνοιαν
860 2940 943 2995 τὴν
973 2939 1084 2995 πρὸς
1115 2937 1332 2992 ἀλλήλους
1363 2943 1492 2979 ποιεῖ.

245 3016 362 3044 Comici
382 3018 493 3051 graeci,
515 3018 560 3045 od.
581 3017 633 3045 Th.
654 3018 748 3044 Kock.
768 3017 825 3044 III.
1418 3009 1460 3041 12
