2014 3334
284 254 342 300 84
850 254 854 257 ’
915 258 1214 294 MENANAPOT

495 459 641 510 οὐδεὶς
673 459 942 515 έπλούτησεν
973 460 1135 516 ταχέως
1168 461 1338 511 δίκαιος
1370 461 1449 503 ὥν·

495 530 518 572 ὁ
550 528 630 586 μὲν
661 531 745 586 γὰρ
778 530 895 589 αὑτῷ
927 531 1128 585 συλλέγει
1160 530 1233 573 καὶ
1265 532 1478 587 φείδεται,

495 601 518 643 ὁ
551 599 600 644 δὲ
631 603 710 644 τὸν
741 602 874 644 πάλαι
906 598 1112 658 τηροῦντ’
1149 601 1412 658 ἐνεδρεύσας
1442 600 1570 644 πάντ’
1607 603 1703 658 ἔχει.

401 687 596 727 Stobaeus
635 688 773 727 Floril.
808 690 879 738 10,
913 691 965 727 21
1018 687 1266 741 Μενάνδρου
1296 688 1493 742 Κολακεία
1523 688 1569 727 Α.
1626 687 1777 727 Κόλακι
1807 685 1852 727 α’

282 741 324 799 (i.
345 760 376 785 e.
402 747 532 796 prima
558 742 636 800 ed.)
670 746 791 788 Gaisf.
826 748 895 786 sed
932 748 979 787 cf.
1006 747 1172 786 Ritschl.
1200 748 1363 798 Parerg.
1389 750 1485 787 271.
1555 761 1589 787 v.
1626 750 1645 786 1
1680 749 1849 788 monost.

286 807 382 845 688.
431 820 467 846 v.
489 808 526 845 2.
555 808 578 846 3
613 807 758 845 desunt
787 807 829 845 in
853 807 967 846 Voss.
1035 811 1068 845 1.
1101 804 1239 853 οὐθεὶς
1264 806 1312 845 Α.
1361 805 1574 857 ἐπλούτησε
1599 807 1705 845 libri.
1755 805 1850 858 ταχὺ

282 868 453 904 monost.
487 867 582 905 688.
645 879 773 917 neque
806 879 899 905 cum
926 866 1065 905 Grotio
1097 880 1132 905 v.
1162 868 1199 904 2.
1232 867 1256 905 3
1290 866 1443 905 incerto
1474 867 1617 916 poetae
1648 865 1851 905 tribuente

281 937 409 974 neque
440 937 529 963 cum
561 923 606 964 O.
636 925 798 976 Hensio‚
830 926 939 964 Lect.
974 925 1083 965 Stob.
1117 927 1170 964 18
1209 927 1302 975 post
1331 939 1367 965 v.
1404 929 1424 964 1
1459 926 1659 964 inserente
1697 923 1765 964 τὸν
1797 922 1850 976 μὴ

283 983 437 1023 δίκαιον
462 981 586 1036 ἄνπερ
611 982 933 1038 ἀντιπαρατιθῇς,
961 985 1183 1024 consentio:
1210 985 1410 1023 hominem
1435 985 1588 1023 iustum
1614 984 1713 1023 dicit
1737 997 1850 1023 num-

283 1056 403 1093 quam
446 1044 629 1082 celeriter
673 1044 837 1083 divitem
880 1044 983 1090 fieri,
1028 1045 1122 1094 quia
1162 1044 1257 1082 dum
1300 1044 1368 1082 ille
1407 1044 1584 1095 conligat
1625 1045 1665 1082 et
1702 1046 1852 1096 parcat,

284 1103 386 1140 alius
419 1098 458 1154 (ὁ
492 1098 553 1155 δὲ)
585 1115 676 1142 eum
708 1103 896 1142 insidiose
929 1104 1083 1154 spoliet.

1027 1218 1113 1261 295

498 1290 712 1345 Χρυσίδα,
751 1289 977 1344 Κορώνην,
1007 1284 1279 1343 Ἀντίκυραν,
1307 1287 1496 1344 Ἰσχάδα,

495 1358 568 1402 καὶ
600 1359 859 1415 Ναννάριον
893 1361 1077 1415 ἔσχηκας
1109 1359 1277 1415 ὡραίαν
1309 1360 1497 1416 σφόδρα.

404 1447 633 1485 Athenaeus
668 1448 740 1495 13,
781 1447 865 1485 587
883 1446 908 1483 d
951 1443 1193 1498 Μένανδρος
1229 1445 1273 1485 ἐν
1311 1445 1460 1485 Κόλακι
1499 1445 1614 1484 τάσδε
1654 1443 1853 1498 καταλέγει

285 1503 436 1556 ἑταίρας
466 1508 543 1544 κτλ.
601 1501 847 1557 Ἀντίκιρραν
872 1505 988 1543 Mein.
1023 1507 1064 1543 at
1096 1518 1252 1555 semper
1274 1502 1481 1557 Ἀντίκυρα
1513 1505 1750 1556 adpellatur.
1801 1505 1848 1544 cf.

282 1565 427 1604 Athen.
457 1567 522 1615 12,
550 1566 633 1604 586
649 1565 674 1603 f.
725 1565 831 1603 Plut.
861 1565 1034 1603 Demetr.
1058 1566 1124 1603 24.
1174 1565 1365 1614 Harpocr.
1395 1561 1610 1616 Ἀντίκυρα.
1643 1565 1736 1604 fort.
1769 1559 1848 1603 εἶτ’

281 1619 444 1675 Ἰσχάδα.
494 1625 656 1663 videtur
687 1624 875 1662 meretrix
907 1624 1078 1663 amatori
1109 1624 1316 1674 perfidiam
1348 1625 1596 1674 exprobrare.

1027 1740 1112 1782 296

498 1807 593 1853 ἀλλ’
629 1807 735 1852 οὐδὲ
766 1811 984 1865 γεννήτην
1016 1807 1176 1865 δύναμ’
1213 1810 1360 1867 εὑρεῖν
1393 1809 1556 1853 οὐδένα

498 1883 640 1924 ὄντων
670 1882 911 1936 τοσούτων,
944 1880 1039 1923 ἀλλ’
1077 1881 1343 1937 ἄπείλημμαι
1374 1883 1522 1937 μόνος.

404 1969 581 2008 Erotian.
615 1971 682 2008 24.
716 1970 740 2008 5
775 1969 892 2007 Klein
935 1966 1152 2023 γενέτῃσιν·
1191 1968 1233 2008 οἵ
1266 1966 1337 2019 μὲν
1374 1971 1455 2016 τοῖς
1491 1973 1693 2021 γονεῦσιν,
1735 1967 1777 2007 οἵ
1810 1965 1852 2007 δὲ

286 2025 521 2080 συγγενέσιν.
584 2027 708 2075 οὕτως
741 2024 923 2067 Ἀττικῶν
960 2027 1172 2080 λεγόντων,
1209 2026 1264 2075 ὡς
1301 2026 1366 2067 καὶ
1400 2027 1590 2080 Φιλήμων
1627 2026 1669 2067 ἐν
1701 2026 1856 2066 Κόλακί

286 2093 410 2138 φησιν
440 2089 517 2126 κτλ.
579 2089 626 2127 cf.
659 2088 823 2127 Philem.
857 2089 954 2127 225.

1031 2192 1114 2233 297

499 2262 612 2316 γελῶ
644 2264 693 2305 τὸ
725 2263 834 2319 πρὸς
864 2263 943 2304 τὸν
975 2262 1180 2319 Κύπριον
1212 2261 1516 2318 ἐννοούμενος.

405 2348 647 2387 Plutarchus
678 2349 775 2388 Mor.
809 2350 903 2388 57a
933 2349 1120 2388 continuo
1151 2351 1244 2398 post
1276 2350 1448 2401 fr.‚293,
1476 2351 1512 2389 3.
1538 2351 1577 2389 4.
1609 2352 1706 2402 γελῶ
1738 2348 1779 2388 τὸ
1798 2371 1847 2376 -

287 2406 548 2459 ἐννοούμενος
585 2408 744 2460 egregie
782 2407 917 2447 Cobet.
949 2408 998 2448 V.
1029 2403 1073 2447 l.2
1106 2409 1203 2447 401.
1236 2407 1280 2458 2]
1322 2406 1457 2461 γέλωτι
1488 2430 1547 2454 ——r
1578 2407 1852 2460 ἐνηθούμενος

290 2463 409 2506 ‘rideo
439 2469 537 2506 illud
566 2469 609 2506 ioz
633 2467 819 2517 Cyprium
844 2469 986 2507 dictum
1017 2480 1102 2507 cum
1132 2470 1174 2507 in
1199 2471 1360 2507 mentem
1388 2465 1516 2508 venit?
1567 2469 1727 2509 Terent.
1750 2470 1852 2508 Eun.

290 2528 327 2576 3,
361 2529 399 2578 2,
430 2528 487 2565 44
520 2522 669 2580 (rideo)
702 2531 737 2566 et
764 2528 863 2566 illud
901 2529 946 2566 de
977 2528 1128 2566 Rhodio
1162 2529 1305 2566 dictum
1335 2540 1448 2576 quom
1478 2530 1520 2567 in
1549 2529 1711 2567 mente'm
1740 2530 1853 2568 venit.

1024 2643 1108 2685 298

572 2715 802 2769 πρόσεισιν
834 2708 932 2756 οἷον
963 2711 1160 2769 ἀψοφητὶ
1173 2712 1443 2769 ’θρέμματος

573 2784 864 2840 (ἁπτόμενος).

410 2871 648 2909 Plutarchus
681 2872 775 2910 Mor.
811 2874 863 2910 57
880 2872 935 2910 ab
973 2867 1013 2923 (ὅ
1044 2866 1179 2921 κόλαξ)
1220 2869 1294 2910 οὐκ
1325 2867 1392 2910 ἀπ’
1429 2870 1590 2918 εὐθείας
1620 2868 1753 2923 ἐπάγει
1783 2869 1851 2909 τὸν

290 2928 475 2979 ἔπαινον,
513 2927 594 2968 ἀλλ’
636 2928 852 2982 ἀπαγαγὼν
889 2929 1021 2982 πόρρω
1058 2933 1270 2969 κυκλοῦται
1313 2929 1376 2969 καὶ
1413 2934 1490 2970 κτλ.
1534 2929 1744 2981 ἐπιψαύων
1784 2928 1850 2968 καὶ
