2014 3334
515 243 879 278 KATAAOPAAHN
906 244 1430 278 ΜΕΊῈΣΧΗΜΑΤΙΣΜΕΝΑ
1673 241 1759 284 667

187 350 226 395 δ’
269 351 352 407 ἄρα
395 352 540 395 οὐδὲν
583 353 741 396 ἐδόκει
785 350 858 412 (τῷ
902 352 938 395 δ’
974 353 1094 395 οὐδὲν
1137 352 1201 408 ἄρ’
1248 354 1303 396 ἑδ.
1347 351 1457 409 ποτ’)
1503 352 1604 396 οὐδ’
1650 353 1763 395 ἀπε-

186 415 386 466 φαίνετο
413 413 420 466 Ι
448 412 567 455 οὐδὲν
593 418 742 467 μᾶλλον
773 413 800 468 ἢ
831 415 1064 469 ρηματίσκια
1095 412 1203 455 ταῦτ’
1240 411 1342 455 εἶναι
1375 414 1442 455 καὶ
1473 414 1631 468 φόβους
1661 411 1764 469 (for-

186 478 296 515 tasse
333 473 439 527 πλήν
476 472 696 528 ρηματίσκι’
731 473 826 515 άττα
856 491 920 516 και
956 475 1137 527 κόμπους
1168 474 1330 529 λόγων’
1325 507 1330 527 ,
1359 471 1462 516 εἶναι
1491 474 1538 515 τὰ
1569 473 1765 529 τοιαῦτα).

306 548 353 575 ex
385 536 525 576 eadem
556 536 653 575 haee
684 536 890 576 comoedia
920 536 1109 575 videntur
1140 538 1328 586 excerpta
1360 549 1458 585 esse,
1497 537 1610 575 cuius
1643 549 1764 587 argu-

186 597 366 636 mentum
407 608 530 647 supra
569 591 722 647 (adesp.
752 590 856 650 103)
902 596 1195 646 exscripsimus.
1258 597 1464 646 pertinent
1503 598 1641 635 autem
1682 597 1764 647 ple·

186 668 328 706 raquo,
374 669 455 695 non
505 656 657 707 omnia,
707 657 758 695 ad
804 657 1016 708 prologum
1064 656 1236 695 fabulae.
1308 656 1462 695 scilieet
1508 669 1600 695 cum
1646 658 1765 706 poeta

186 715 389 767 Lacydem
427 715 680 755 dubitantem
719 716 917 767 quomodo
956 717 1112 755 furtum
1149 716 1410 755 manifestum
1441 729 1466 755 a
1494 716 1619 755 servis
1658 729 1763 755 com-

185 847 351 887 prorsus
389 835 556 875 consilio
594 849 673 887 quo
713 835 964 887 Strepsiades
996 839 1037 882 et
1067 836 1328 886 Phidippides
1363 836 1569 875 Socratem
1604 836 1764 886 adeunt,

186 898 500 935 consentaneum
545 898 607 935 est
654 895 841 946 magistri
887 896 1093 946 ingenium
1135 896 1446 947 disputandique
1487 895 1684 935 rationem
1723 896 1765 933 in

186 955 348 995 exordio
375 956 535 995 fabulae
562 956 613 995 ad
632 954 810 995 Nubium
836 956 1141 995 similitudinem
1168 956 1454 995 adumbratum
1474 956 1609 995 fuisse.
1661 958 1764 994 eete-

186 1028 277 1054 rum
307 1016 482 1055 comicus
515 1016 687 1055 fortasse
724 1029 798 1067 pro
829 1016 1052 1066 inperfecto
1090 1018 1270 1067 tempore
1302 1015 1504 1066 praesenti
1534 1028 1632 1054 usus
1667 1018 1766 1066 erat,

186 1075 293 1126 quod
325 1075 475 1127 ubique
506 1076 623 1115 facile
655 1078 718 1115 est
745 1076 972 1116 restituere.

305 1135 578 1194 παλιναίρετος
607 1149 687 1175 non
719 1137 857 1175 eadem
889 1136 1181 1187 significatione
1213 1136 1391 1186 positum
1424 1149 1469 1175 ac
1496 1136 1668 1174 Nicostr.
1696 1137 1764 1175 34.

187 1195 424 1247 designatur
464 1197 582 1236 homo
615 1196 685 1247 qui
722 1196 840 1236 modo
871 1196 975 1237 hano
1010 1196 1127 1236 modo
1158 1196 1271 1234 illam
1304 1208 1465 1235 eausam
1499 1195 1693 1246 suscipiat
1724 1199 1764 1233 et

189 1255 231 1294 in
256 1258 470 1306 utramque
495 1258 653 1306 partem
678 1256 869 1307 disputet.
920 1252 1017 1307 σάφ’
1047 1254 1210 1295 εἰδότων
1239 1258 1302 1295 est
1327 1256 1452 1295 Arist.
1479 1255 1638 1294 Thesm.
1666 1257 1764 1306 596,

188 1327 235 1354 ae
267 1315 427 1366 saepius
460 1312 557 1367 σάφ’
593 1311 684 1355 οἶδα
717 1311 854 1370 (ἴσθι).

305 1375 429 1415 verba
466 1374 596 1423 δεινὸς
633 1386 725 1427 σοφ.
757 1398 814 1404 —-
847 1375 1024 1428 σφαγεύς
1064 1377 1187 1415 etiam
1219 1376 1448 1415 Dindorfius
1488 1376 1644 1414 solutae
1676 1388 1763 1414 ora-

186 1434 288 1474 tioni
333 1435 491 1474 exemit.
551 1449 633 1475 non
676 1438 783 1476 reete
827 1438 875 1475 ut
904 1436 1078 1490 ‚videtur
1120 1436 1328 1475 Nauekius
1372 1436 1478 1475 inter
1515 1435 1765 1485 tragicorum

188 1495 419 1545 fragmenta.
450 1491 602 1547 (adesp.
630 1491 737 1548 260)
769 1496 932 1547 recepit.

307 1552 360 1606 μὴ
390 1551 488 1606 ’χειν
520 1558 584 1594 est
615 1556 753 1606 Eurip.
785 1556 935 1595 Phoen.
968 1557 1067 1596 405.
1129 1554 1182 1607 μὴ
1218 1552 1291 1608 ’χει
1328 1556 1496 1595 Timocl.
1525 1557 1598 1606 35,
1627 1558 1664 1594 2.
1709 1553 1762 1606 μὴ

181 1609 248 1670 ’χῃ
280 1614 402 1667 Arist.
431 1615 550 1666 Vesp.
574 1618 700 1655 1121.
751 1616 842 1655 Pae.
865 1618 962 1655 801.
1012 1614 1066 1667 μὴ
1096 1612 1261 1668 ’χόντων
1288 1615 1425 1666 Eurip.
1446 1616 1585 1655 Helen.
1608 1617 1706 1655 433.

823 1732 1119 1775 1507—1510

308 1806 501 1845 Libanius
533 1806 768 1846 Boissonad.
801 1806 950 1846 Anecd.
977 1807 996 1845 Ι
1026 1808 1108 1846 165
1141 1805 1222 1846 τὸν
1258 1806 1415 1846 πάντα
1447 1803 1484 1846 δ’
1521 1805 1685 1859 ὄλβον,
1717 1807 1767 1854 ὅς

188 1881 269 1917 μοι
305 1865 455 1922 χρόνῳ
495 1861 576 1918 (χρ.
609 1862 701 1918 μοι)
739 1864 817 1905 καὶ
853 1865 981 1920 κόπῳ
1009 1863 1015 1918 Ι
1043 1869 1196 1914 καλῶς
1234 1863 1511 1915 συνείλεκτ’,
1548 1861 1676 1919 ἦμαρ
1715 1865 1765 1906 ἕν

188 1922 228 1977 μ’
263 1924 495 1975 ἀφείλετο.
531 1923 605 1978 Ιῶ
636 1924 779 1966 πόσαι
822 1941 875 1977 με
918 1926 1085 1974 νύκτες
1129 1923 1229 1966 οὐδ’
1274 1923 1441 1979 ἄκροις
1491 1924 1766 1979 ὀφθαλμοῖς

187 1990 258 2025 τοῦ
300 1984 458 2025 ὕπνου
501 1985 896 2039 παραγενόμενον
940 1985 1154 2040 ἔγνωσαν
1198 1985 1387 2039 (fortasse
1432 1986 1522 2026 ὅσαι
1561 1985 1636 2040 γὰρ
1671 1983 1762 2026 οὐδ’

187 2042 368 2097 ἅκροισιν
399 2042 498 2118 ὄφθΙ.
522 2044 657 2086 ’ὕπνου
680 2040 685 2100 Ι
706 2060 848 2100 παραγ.
881 2061 927 2098 με
952 2062 989 2086 ν.
1015 2041 1127 2100 ἕγν..)
1177 2043 1207 2085 ὢ
1233 2045 1415 2094 πόσους
1439 2042 1535 2101 (36.)
1562 2045 1766 2098 ἑκάστης

187 2102 367 2157 ἡμέρας
403 2102 605 2157 ἀνέτλην
641 2104 822 2154 πόνους
856 2107 995 2155 Ι..
1033 2109 1397 2160 προσμαρτυρεῖ
1427 2122 1517 2158 μου
1555 2108 1615 2179 τῷ
1653 2105 1766 2163 λόγῳ

189 2163 295 2217 (τοῖς
331 2161 506 2219 λόγοις)
518 2163 539 2205 ὃ
570 2166 746 2218 τρίβων
790 2164 928 2206 οὑτοσί
968 2162 1092 2219 (ὁδί).
1134 2166 1139 2216 Ι
1180 2163 1211 2205 ὃὸ
1253 2165 1404 2214 πόσας
1447 2161 1543 2220 (ὅσ.)
1588 2163 1766 2219 ἡμέρας

189 2222 418 2272 ἀπόσιτος
448 2221 534 2276 (ἀπ.
558 2220 646 2278 ἡμ.)
679 2223 907 2279 διαγέγονα·
936 2223 941 2276 Ι
970 2225 1006 2266 εἰ
1030 2222 1067 2266 δ’
1096 2225 1200 2266 ἔστιν
1232 2225 1293 2266 ὅτε
1325 2241 1392 2278 μοι
1423 2231 1575 2278 τροφῆς
1606 2224 1766 2278 ἐδέησεν

189 2286 410 2337 μετασχεῖν,
454 2282 593 2339 ἄρτος
630 2280 688 2338 ἦν
716 2285 721 2334 Ι
750 2285 849 2337 αὕτη
887 2301 954 2325 και
990 2281 1106 2334 οὗτος
1142 2284 1285 2338 μέλας
1322 2283 1430 2338 (add.
1462 2282 1518 2339 τ’)
1557 2285 1767 2339 ἀκριβῶς

189 2343 267 2384 καὶ
304 2344 638 2396 κατεσκληκώς,
676 2343 820 2386 οὐδὲν
856 2351 935 2386 τῶν
972 2346 1124 2386 λίθων
1165 2341 1318 2400 (λίθων
1357 2341 1363 2400 Ι
1404 2341 1595 2400 οὐδὲν)”
1581 2361 1608 2397 η
1638 2345 1768 2419 βραχὺΙ

191 2403 431 2456 διενηνοχώς
463 2399 653 2459 (fortasse
686 2400 921 2460 διαφέρων)
952 2405 1061 2458 πόμα
1093 2403 1136 2446 δὲ
1167 2404 1264 2445 ἄλλα
1295 2404 1363 2445 καὶ
1392 2410 1506 2446 τοῦτο
1534 2402 1541 2460 Ι
1568 2405 1766 2460 ὕδωρ,ο

191 2478 271 2515 μοι
307 2462 355 2504 τὸ
387 2462 539 2517 φρέαρ
574 2461 729 2517 ἀνίησ’
764 2462 1000 2517 ἄφθονον.
1029 2461 1033 2519 Ι

313 2525 396 2564 166
442 2521 615 2573 ἄλλους
664 2522 748 2577 μὲν
798 2521 926 2578 εἶχον
976 2524 1237 2578 συμπόσια,
1286 2525 1605 2579 πανηγύρεις,
1648 2526 1654 2575 Ι
1697 2524 1766 2566 ε’κ-

191 2583 402 2635 κλησίαι,
439 2581 638 2637 θέατρα,
667 2584 672 2635 Ι
701 2584 817 2625 ὅθεν
849 2583 1014 2634 οὐδενὸς
1045 2584 1293 2638 εὐπορῆσαι
1323 2585 1551 2637 πάρεστιν
1589 2583 1767 2639 ὀβολοῦ

192 2638 383 2696 (fortasse
418 2642 516 2684 ὅθεν
554 2641 692 2685 οὔποτ’
733 2641 823 2685 οὐδ’
864 2643 924 2698 ὀβ.
955 2659 996 2685 π.
1028 2642 1254 2699 εὐπορεῖν),
1288 2642 1293 2699 Ι
1328 2648 1506 2697 μᾶλλον
1551 2643 1635 2697 μὲν
1679 2641 1766 2686 οὖν

191 2701 270 2742 καὶ
300 2708 392 2742 τῶν
425 2701 576 2743 ὄντων
608 2699 856 2778 (παρόντων)
884 2703 1152 2779 ἀποβαλεῖν
1171 2700 1176 2759 Ι
1200 2705 1335 2757 συχνά.
1398 2703 1463 2757 ἐμὲ
1494 2704 1536 2744 τὸ
1569 2705 1768 2757 δωμάτιον

191 2765 272 2810 τοῖς
297 2761 425 2816 ἔργοις
450 2763 703 2834 σχολάζοντα
729 2764 822 2805 ὅτου
848 2764 962 2819 χάριν
987 2761 1108 2805 ταῦθ’
1131 2764 1401 2816 ὑφιστάμενον
1426 2763 1492 2804 καὶ
1523 2765 1561 2804 τί
1583 2765 1767 2818 μηχανώ-

194 2836 335 2874 μενον;
380 2818 451 2873 ἐφ’
498 2815 582 2879 ᾧτέ
625 2839 705 2875 μοι
746 2823 800 2864 τὰ
842 2823 1108 2865 ποθεινότατα
1151 2824 1358 2877 χρήματα
1401 2823 1659 2865 ἐπιδοῦναι
1701 2824 1768 2865 καὶ

192 2879 415 2934 ἁδροτέρων
458 2880 682 2923 ἀπολαῦσαι
724 2889 803 2924 τῶν
845 2884 1090 2937 βαλλαντίων
1129 2916 1138 2925 .
1219 2881 1475 2937 .(sequitur
1519 2885 1767 2937 periphrasis

193 2941 356 2982 Hesiod.
390 2941 463 2993 Op.
489 2942 527 2982 d.
553 2945 651 2983 361.
686 2939 796 2998 2),
788 2942 835 2984 ὂν
871 2943 1020 2998 τρόπον
1062 2959 1139 2984 και
1182 2943 1398 2997 ποταμὸν
1441 2943 1484 2985 ἐκ
1523 2944 1767 2999 σταγόνων
