2014 3334
511 290 872 325 ΦΙΛΕΤΡΙΠΙΔΗΣ
925 290 1130 358 ΔΔΗΛὶὶΝ
1156 291 1417 326 ΔΡΑΜΑΤΩΝ
1671 290 1759 333 309

176 402 317 460 Λαμία
353 400 420 443 καὶ
457 404 597 456 Δημοῖ
626 401 693 443 καὶ
719 399 948 460 Ἀντικύρᾳ,
991 406 1076 452 ταῖς
1111 379 1282 456 πόρναις
1311 402 1498 455 ἐκείναις,
1538 406 1759 445 συνακολα-

177 462 341 504 σταίνοι.
396 467 437 504 et
471 465 523 504 12
557 461 777 516 ἐπεσήμηνε
810 461 852 503 δὲ
890 467 971 512 τοῖς
1014 463 1207 513 πλείστοις
1246 463 1288 504 τὸ
1331 467 1460 505 θεῖον.
1510 462 1531 504 ὁ
1570 461 1643 517 μὲν
1682 462 1758 518 γὰρ

175 520 337 575 πέπλος,
363 515 468 581 ᾧπερ
494 522 743 575 ἐψηφίσαντο
767 521 862 576 μετὰ
882 529 951 564 τοῦ
972 522 1068 573 Διὸς
1086 522 1153 564 καὶ
1171 529 1240 578 τῆς
1255 520 1435 576 Ἀθηνᾶς
1453 530 1759 577 προσενυφῆναι

177 565 408 637 Δημήτριον
443 582 510 624 καὶ
543 580 792 637 Ἀντίγονον,
835 583 1087 636 πεμπόμενος
1131 582 1198 624 διὰ
1240 589 1311 625 τοῦ
1348 585 1597 637 Κεραμεικοῦ
1641 582 1758 637 μέσος

177 641 321 697 ἐρράγη
357 641 530 695 θυέλλης
567 641 872 696 ἐμπεσούσης..
895 642 993 684 ,καὶ
1029 643 1181 697 πάχνης
1218 643 1388 697 βαθείας
1428 643 1676 697 ἐμπεσούσης
1707 644 1757 686 ού

175 702 302 755 μόνον
331 701 532 755 ἀμπέλους
557 702 621 744 καὶ
649 709 773 752 συκᾶς
803 701 960 752 ἁπάσας
991 702 1190 745 ἀπέκαυσε
1214 703 1257 744 τὸ
1282 709 1427 757 ψῦχος,
1458 703 1556 745 ἀλλὰ
1586 703 1653 745 καὶ
1685 710 1756 746 τοῦ

175 762 286 804 σίτου
327 761 371 803 τὸ
413 766 595 804 πλεῖστον
638 762 899 815 κατέφθειρεν
944 762 986 804 ἐν
1028 763 1135 820 χλόῃ.
1181 786 1234 792 -
1280 765 1432 816 scripta
1468 766 1566 806 haec
1606 768 1702 805 sunt
1733 779 1758 805 a

174 823 403 875 Philippide
436 822 497 864 Ol.
532 826 637 864 120:
680 837 773 864 nam
805 825 996 864 archonte
1028 825 1192 864 Nicocle
1224 823 1284 865 Ol.
1321 827 1416 875 119,
1450 826 1474 864 3
1509 824 1654 876 μύησις
1684 826 1757 865 illa

175 884 284 924 facta
314 885 412 924 erat.
443 884 561 924 Mein.
594 884 614 924 I
646 885 745 924 437.
774 884 844 936 ‚de
867 884 1059 925 Stratocle
1077 885 1274 924 Demetrii
1306 885 1516 924 adulatore
1548 886 1597 925 cf.
1631 886 1755 925 etiam

175 943 370 996 Droysen.
389 943 624 984 Hellenism.
643 944 664 983 Ι
684 945 751 984 81.
773 946 812 984 2.
845 946 930 984 438
947 958 1005 997 sq.
1037 946 1136 986 504.
1158 947 1195 985 5.
1230 941 1442 985 ‘versiculo
1463 946 1607 986 ultimo
1629 946 1754 997 signi-

175 1003 347 1043 ficantur
375 1006 582 1044 oratorum
607 1004 918 1053 criminationes,
953 1005 1023 1057 qui
1048 1007 1259 1056 poetarum
1285 1005 1511 1056 petulantia
1535 1006 1754 1057 rempubli-

175 1075 263 1102 cam
302 1076 462 1115 pessum
509 1065 596 1104 dari
639 1061 1020 1114 calumniabantur'.
1088 1064 1223 1105 Cobet.
1264 1065 1357 1106 Obs.
1397 1065 1485 1105 crit.
1518 1066 1620 1105 Plat.
1657 1068 1754 1116 123,

174 1123 363 1175 antiquae
395 1125 623 1164 comoediae
654 1125 831 1164 indolem
856 1125 1098 1178 Philippidis
1130 1138 1269 1166 versus
1297 1126 1450 1178 spirare
1484 1126 1710 1166 admonens.

934 1277 992 1321 26

388 1361 471 1405 οὐκ
502 1362 623 1405 ἔστιν
655 1361 947 1418 εε’μεθύσθην,
978 1361 1136 1418 πάτερ’
1169 1361 1356 1418 λέγοντα

391 1433 636 1490 *ἥμαρτονζ
669 1434 779 1477 ὥστε
809 1435 920 1491 πρὸς
951 1431 1026 1491 ἐμὲ
1058 1435 1323 1491 συγγνώμης
1352 1443 1515 1492 τυχεῖν.

387 1505 411 1549 ὁ
442 1506 527 1562 γὰρ
560 1507 623 1557 εἰς
652 1507 733 1549 τὸν
764 1505 934 1562 ἀσθενῆ
967 1508 1044 1565 βίᾳ
1074 1522 1131 1562 τι,
1164 1507 1390 1563 Πάμφιλε,

359 1585 528 1621 “ποιῶν
558 1578 769 1635 ὑβρίζειν,
803 1578 884 1635 οὐχ
916 1578 1187 1635 ἁμαρτάνειν
1219 1581 1352 1623 δοκεῖ.

293 1677 492 1718 Stobaeus
524 1677 664 1718 Floril.
698 1679 765 1728 18,
799 1681 850 1718 21
890 1678 1133 1718 Φιλιππίδου
1153 1679 1202 1718 Α.
1267 1682 1302 1719 1.
1334 1679 1383 1719 in
1408 1679 1520 1719 exitu
1552 1684 1629 1719 νῦν
1662 1680 1753 1719 add.

172 1737 334 1778 Gesner.
371 1747 413 1777 σε
450 1738 516 1777 vel
552 1735 620 1776 καὶ
657 1732 720 1792 (in
751 1732 881 1792 Stob.)
918 1738 1039 1778 Mein.
1074 1739 1272 1789 fortasse
1310 1736 1473 1792 λέγοντά
1510 1735 1547 1778 σ’
1588 1737 1625 1791 ὴ.
1714 1743 1751 1780 2.

171 1798 229 1837 sic
258 1797 308 1836 A.
339 1795 392 1845 ὦς
421 1795 464 1836 τὸ
494 1796 621 1850 πάρος
652 1808 694 1837 σε
725 1798 878 1838 Iacobs.
911 1798 1019 1838 Lect.
1053 1798 1164 1838 Stob.
1199 1801 1266 1839 14.
1315 1796 1370 1847 ὡς
1409 1797 1451 1839 τὸ
1483 1798 1636 1852 πρόσθε
1669 1795 1752 1854 (ἔμ-

171 1851 351 1926 προσθε)
382 1857 498 1896 Mein.
547 1860 671 1909 negat
706 1860 823 1908 pater
853 1858 936 1898 filio
967 1871 1049 1899 non
1083 1859 1229 1899 leviter
1259 1859 1459 1911 peccanti,
1498 1860 1566 1900 sed
1599 1860 1763 1899 homini·

172 1917 283 1969 inopi
314 1917 396 1957 vim
426 1917 617 1957 inferenti
648 1917 802 1970 ignosci
832 1931 962 1969 posse.

934 2059 990 2102 27

386 2141 439 2184 τὰ
469 2137 643 2199 ποτήρι’
679 2140 736 2184 ἂν
768 2142 867 2199 ἴδῃς
897 2143 951 2185 τὰ
981 2142 1388 2199 παρεσκευασμένα,

387 2214 561 2263 ἅπαντα
591 2219 749 2271 χρυσᾶ,
787 2215 998 2270 Τρόφιμε,
1031 2214 1089 2270 νὴ
1121 2215 1201 2257 τὸν
1233 2214 1443 2272 οὐρανόν,

387 2285 665 2344 ὑπερήφανα.
729 2286 814 2342 ἐγὼ
846 2285 928 2343 μὲν
960 2288 1045 2344 γὰρ
1077 2286 1256 2343 ἐξέστην
1289 2288 1411 2332 ἰδών.

386 2363 600 2416 κρατῆρες
631 2358 836 2416 ἀργυροῖ,
868 2360 998 2403 κάδοι
1029 2361 1203 2416 μείζους
1234 2359 1354 2415 ἐμοῦ.

293 2457 526 2497 Athenaeus
551 2460 616 2507 11,
638 2459 751 2498 781f
783 2458 1025 2510 Φιλιππίδης
1043 2462 1121 2499 κτλ.
1167 2474 1203 2499 v.
1225 2462 1308 2499 2-
1314 2461 1340 2499 4
1362 2460 1602 2499 Eustathius
1625 2462 1752 2511 1632,

175 2519 228 2556 29
258 2514 501 2590 ἀστειότερον
526 2515 699 2589 ἔφρασεν
724 2515 745 2558 ὁ
771 2518 930 2572 γράψας
956 2518 1077 2558 οὕτω·
1109 2514 1160 2570 νὴ
1187 2518 1255 2559 τὸν
1281 2517 1470 2571 οὐρανόν,
1495 2517 1752 2571 ὑπερήφανοι

172 2581 382 2628 κρατῆρες,
425 2575 598 2630 ἀργυροῖ
639 2577 757 2619 κάδοι
798 2577 865 2618 καὶ
907 2578 1082 2630 μείζονες
1126 2578 1234 2630 ἐμοῦ.
1330 2582 1368 2619 3.
1408 2577 1671 2631 ούπερήφανα
1709 2580 1751 2619 C

173 2632 420 2688 ὑπερήφαν’·
451 2634 571 2690 ἔγωγε
603 2637 719 2677 Mein
790 2640 829 2678 4.
861 2638 1016 2690 μείζους
1049 2637 1290 2691 Schweigh]
1329 2636 1396 2678 καὶ
1433 2638 1600 2690 μείζους.
1657 2653 1750 2690 apo-

173 2695 282 2735 dosis
315 2696 365 2735 ad
396 2708 518 2747 quam
547 2696 831 2748 pertinebat*¹
808 2713 860 2737 αν
884 2712 921 2738 v.
951 2702 971 2738 1
1007 2699 1140 2739 verbis
1172 2698 1447 2750 superioribus
1479 2712 1582 2750 quae
1615 2700 1752 2739 omisit

108 2792 111 2794 .
175 2755 406 2795 Athenaeus
431 2756 728 2797 continebatur:
759 2760 904 2798 utnon
924 2771 1023 2809 opus
1050 2759 1104 2798 sit
1123 2772 1214 2798 cum
1234 2759 1504 2798 Herwerdeno
1526 2759 1640 2798 Stud.
1661 2760 1749 2800 crit.

176 2816 230 2855 92
265 2815 437 2855 scribere
469 2813 533 2855 ἃν.
612 2830 649 2857 v.
682 2819 718 2857 3.
753 2819 779 2856 4
818 2831 908 2857 cum
939 2818 1173 2869 Eustathio,
1212 2818 1280 2869 qui
1315 2819 1379 2858 hic
1420 2819 1585 2858 meliore
1616 2819 1750 2859 codice

175 2874 336 2914 videtur
365 2887 464 2915 usus
497 2887 594 2926 esse,
627 2876 684 2916 sic
716 2877 985 2917 constituendi
1017 2878 1222 2918 videntur:
1263 2875 1518 2930 ὑπερήφανοι
1548 2884 1750 2932 κρατῆρες,

175 2931 348 2987 ἀργυροῖ
382 2934 512 2986 κάδοι,
546 2935 551 2983 Ι
585 2935 741 2987 μείζους
778 2933 930 2988 {froc-⁹
941 2935 996 2990 γὼ
1029 2934 1101 2988 μὲν
1131 2936 1205 2990 γὰρ
1238 2935 1393 2989 ἐξέστην
1425 2936 1534 2978 ἰδών.
1585 2938 1635 2978 ad
1663 2935 1749 2992 Α’ρ-

175 2993 316 3046 γυρίου
348 2991 577 3048 ἀφανισμόν
608 2996 809 3037 refe1ebat
840 2994 1064 3049 Schweigh.
