2014 3334
693 270 898 304 ΑΔΗΛΩΝ
922 270 1184 304 ΔΡΑΜΑΤΩΝ
1640 267 1726 310 257

885 402 1000 446 1033

438 463 714 520 Μαρμάριον

271 556 341 604 τῆς
387 549 567 604 Εὐβοίας
611 549 732 603 ὅρμος
773 548 840 590 καὶ
880 548 988 602 ἱερὸν
1021 546 1277 597 Ἀπόλλωνος.
1334 549 1437 589 οὕτω
1477 548 1730 603 Μένανδρος.

153 612 322 652 Photius
349 613 447 664 247,
474 613 542 651 25.
593 610 730 662 Steph.
749 611 843 662 Byz.
865 609 1130 664 Μαρμάριον·
1173 608 1285 657 πόλις
1306 608 1497 662 Εὐβοίας.
1547 611 1732 649 Bursian.

154 671 298 724 Geogr.
329 685 388 724 gr.
419 671 460 710 II
494 672 593 711 432.

887 751 1003 794 1034

440 836 519 879 τὸν
550 837 723 893 μάρτυν
755 839 821 876 καὶ
851 836 931 879 τὸν
963 836 1164 893 μάρτυρα

274 921 527 976 Μένανδρος.
579 924 763 964 Photius'.

889 1017 1003 1059 1035

441 1082 700 1132 μεγιστᾶνες

273 1163 490 1214 Phrynich.
521 1163 606 1203 Eel.
643 1165 724 1204 196
765 1159 964 1215 Ἀντίοχος
995 1159 1016 1201 ὃ
1049 1160 1266 1214 σοφιστὴς.
1292 1193 1302 1202 .
1329 1160 1532 1215 ,τοῦνομα
1572 1160 1735 1213 ἔθηκεν,

155 1222 249 1270 ἴσως
269 1222 501 1279 Μενάνδρῳ
533 1221 829 1275 ἀκολουθήσας,
861 1220 910 1263 οὐ
935 1221 1010 1277 γὰρ
1037 1221 1087 1274 δή
1112 1238 1190 1262 τινι
1220 1228 1299 1262 τῶν
1327 1221 1512 1275 ἀρχαίων.
1556 1219 1668 1274 ἡμεῖς
1694 1220 1736 1261 δὲ

154 1281 204 1323 οὗ
230 1289 454 1336 μεγιστᾶνες
486 1312 496 1321 .
529 1315 537 1322 .
570 1313 578 1323 .
611 1282 715 1334 ἀλλὰ1
733 1281 831 1336 μέγα
864 1281 1114 1335 δυναμένους
1145 1280 1320 1337 λέγομεν.
1370 1298 1449 1323 non
1480 1288 1572 1322 ante
1606 1283 1734 1322 Mace-

158 1343 341 1382 donicam
373 1345 549 1382 aetatem
580 1343 620 1382 in
654 1335 823 1384 Graecia
853 1344 1061 1383 usitatum.
1113 1343 1161 1383 ef.
1194 1344 1366 1384 Lobeek.
1400 1347 1441 1383 et
1472 1343 1689 1383 Herodian.
1717 1343 1735 1380 1

158 1404 226 1454 13,
258 1404 296 1442 8.
330 1404 397 1442 32.
434 1405 500 1454 16,
535 1406 600 1443 12.
634 1403 675 1442 11
707 1405 809 1456 862,
844 1406 911 1444 19.
945 1405 1012 1443 22.

891 1521 1005 1564 1036

442 1586 710 1636 μεσοπορεῖν

277 1666 493 1718 Phrynich.
525 1667 634 1718 Epit.
667 1668 752 1706 416
805 1665 871 1706 καὶ
902 1672 1017 1707 τοῦτο
1050 1665 1294 1720 Μένανδρος
1317 1699 1325 1707 .
1353 1699 1360 1707 .
1389 1699 1397 1707 .
1420 1666 1551 1707 πάντα
1581 1667 1736 1720 φύρων.

158 1727 207 1767 ef.
240 1727 301 1825 fri*
324 1729 448 1767 1007.
512 1725 754 1780 ὁδοιπορεῖν,
786 1726 1045 1780 εὐθυπορεῖν,
1077 1728 1359 1781 βραδυπορεῖν,
1391 1725 1615 1780 ὠκυπορεῖν
1647 1742 1736 1768 con-

158 1788 239 1826 fert
306 1788 442 1827 obeck.

894 1869 1006 1911 1037

446 1927 692 1984 μετριάζειν

279 2013 532 2064 Phrynichus
564 2015 673 2065 Epit.
705 2017 790 2056 425
823 2020 938 2055 τοῦτο
976 2015 1020 2055 οἱ
1052 2013 1124 2067 μὲν
1161 2013 1316 2068 ἀρχαῖοι
1354 2014 1419 2055 ἐπὶ
1448 2021 1518 2056 τοῦ
1556 2014 1603 2055 τὰ
1641 2018 1739 2067 συμ“-

160 2073 352 2126 βαίνοντα
388 2074 550 2126 μετρίως
590 2072 727 2127 φέρειν
757 2073 932 2127 wiffam,
969 2073 1212 2128 Μένανδρος
1250 2072 1287 2115 δ’
1327 2074 1393 2117 ἐπὶ
1429 2081 1500 2116 τοῦ
1538 2074 1740 2126 ἀσθενεῖν,

160 2132 268 2185 παρὰ
297 2131 372 2185 τὴν
402 2139 481 2173 τῶν
513 2134 689 2185 δοκίμων
720 2141 870 2189 χρῆσιν.
934 2133 1171 2188 εμετριάζειν
1203 2141 1245 2175 et
1269 2137 1400 2176 morbi
1429 2137 1619 2175 dicuntur
1649 2149 1739 2175 cum

162 2194 384 2244 paullisper
426 2194 658 2245 remittunt,
700 2198 740 2234 et
771 2196 850 2246 ipsi
881 2199 1137 2248 aegrotantes
1175 2210 1263 2235 eum
1297 2196 1348 2235 ad
1381 2197 1596 2235 sanitatem
1627 2196 1740 2235 incli-

162 2254 274 2292 nant.
322 2254 429 2292 unde
461 2254 614 2293 factum
646 2257 709 2294 est
738 2259 787 2294 ut
811 2258 852 2295 et
877 2256 914 2295 ei
940 2255 1155 2309 μετριάζειν
1181 2256 1410 2295 dicerentur
1435 2257 1503 2307 qui
1531 2269 1609 2294 non
1642 2256 1740 2294 satis

162 2312 278 2352 firma
306 2315 480 2352 utuntur
509 2311 768 2354 valetudine'.
819 2316 994 2355 Lobeck.

897 2433 1010 2476 1038

450 2492 717 2548 μονοπείρας

283 2575 377 2623 τοὺς
409 2575 462 2628 μὴ
496 2575 674 2630 ἀθρόους
705 2576 803 2618 ἀλλὰ
834 2575 1090 2635 μονολῄστας.
1142 2578 1245 2619 οὕτω
1268 2577 1520 2630 Μένανδρος.
1562 2579 1741 2618 Photius.

166 2633 411 2692 μονολῄστας
430 2636 594 2687 Coraes]
616 2636 741 2689 μόνον
766 2638 918 2694 λῃστάς.
971 2640 1140 2679 Aristot.
1159 2640 1264 2678 Hist.
1286 2651 1348 2677 an.
1369 2640 1407 2687 8,
1435 2641 1460 2676 5
1488 2653 1525 2689 p.
1541 2641 1661 2678 594a
1686 2641 1742 2679 30

166 2694 564 2749 ἀνθρωποφαγοῦσιν
594 2697 637 2736 οἷ
663 2701 899 2751 μονοπεῖραι
929 2704 1007 2738 τῶν
1038 2699 1171 2739 λύκων
1203 2701 1351 2749 μᾶλλον
1382 2695 1408 2748 ἢ
1440 2696 1486 2736 τὰ
1517 2696 1741 2751 κυνηγέσια,

900 2827 1013 2870 1039

453 2887 759 2943 μυκτηρισμόν

288 2968 361 3022 τὴν
391 2969 588 3024 ἕξαπάτην
620 2971 874 3028 Μένανδρος.
926 2974 1070 3013 Pollux
1103 2974 1141 3024 2,
1175 2974 1242 3012 78.
1292 2973 1340 3011 cf.
1375 2974 1474 3011 493.

243 3043 359 3071 comici
379 3045 491 3080 graeei,
512 3045 558 3073 od.
578 3046 630 3074 rh.
650 3047 746 3074 Kook.
766 3047 823 3074 111.
1416 3043 1455 3074 ¹7
