2014 3334
702 257 907 292 ΑΔΗΛῼΝ
932 258 1195 295 ΔΡΑΜΑΤΩΝ
1651 259 1737 303 227

905 392 992 435 846

372 473 396 518 ὁ
427 474 619 532 θάτερος
650 471 732 531 μὲν
763 482 861 518 τοϊν
893 476 1025 519 δυοῖν
1056 479 1332 535 Διοσκόροιν

277 562 496 602 Herodian.
526 562 586 602 De
618 563 762 603 soloec.
797 565 896 603 309.
925 565 980 604 10
1010 564 1166 603 Nauck.
1200 560 1314 617 (Lex.
1332 560 1525 620 vindob.)
1557 566 1737 606 Boisson.

35 593 50 644 f
75 659 77 661 .
156 621 306 664 Anecd.
330 622 394 662 111
421 623 518 672 258,
550 635 719 675 gramm.
749 623 935 663 Ammon.
959 626 1042 664 195
1064 625 1204 664 Valok.
1261 622 1506 678 Μένανδρος
1535 623 1638 679 λέγει
1661 628 1740 666 κτλ,

156 679 246 722 ἀντὶ
275 687 347 722 τοῦ
378 681 506 733 φάναι
531 680 553 722 ὅ
579 680 719 736 ἕτερος.
768 683 1011 723 Eustathius
1035 686 1162 735 1573,
1184 686 1237 724 62
1272 684 1510 737 Χρύσιππος
1542 683 1585 725 δὲ
1616 684 1741 740 λέγων

156 740 226 782 τὸν
261 741 436 795 θάτερον
478 747 557 783 τῶν
596 742 860 795 Διοσκούρων
898 742 1066 796 ἐσχάτως
1103 744 1340 797 βαρβαρίζει.
1402 759 1507 797 quae
1542 747 1741 798 quomodo

159 803 367 842 conciliari
403 804 562 855 possint
599 817 692 843 cum
730 804 1005 855 superioribus
1042 804 1190 844 nescio.
1220 826 1281 833 —
1312 804 1447 855 δυοῖν]
1494 805 1742 858 διδύμοινῖ)

159 865 337 903 ceterum
369 863 418 903 cf.
451 863 616 904 Lucian.
647 864 888 916 Pseudolog.
915 866 969 904 29
1002 863 1175 917 θάτερον
1206 871 1285 905 τῶν
1315 864 1498 917 πενήτων
1530 868 1572 905 et
1602 865 1742 919 ἅτερον

157 921 290 963 αὐτῶν
320 921 562 963 ἀπέκτεινεν.
613 924 729 964 Thes.
763 937 823 975 gr.
854 926 879 963 l.
912 925 996 964 IIII
1028 927 1125 965 256.

907 1042 992 1084 847

373 1125 603 1178 καθιζάνει
629 1122 711 1181 μὲν
742 1123 876 1168 ἐνίοτ’
914 1126 977 1176 εἰς
1007 1126 1061 1168 τὰ
1093 1127 1280 1182 σήσαμα.

278 1212 497 1252 Herodian.
516 1213 577 1252 De
597 1213 742 1253 soloee.
762 1214 860 1264 308,
894 1213 1096 1263 6¹Nauek.
1138 1207 1253 1268 (Lex.
1272 1209 1466 1268 Vindob.)
1498 1215 1549 1253 cf.
1583 1215 1682 1266 292,
1703 1216 1742 1254 8.

158 1273 395 1314 Boissonad.
414 1273 563 1313 Anecd.
587 1273 650 1312 111
683 1274 770 1313 240
802 1275 845 1312 et
877 1274 961 1314 257
996 1268 1264 1328 (σολοικισμὸς
1293 1272 1384 1326 περὶ
1413 1272 1482 1321 τὰς
1512 1271 1743 1328 προθέσεις)

158 1331 268 1386 παρὰ
298 1332 531 1390 Μενάνδρῳ
556 1336 635 1373 κτλ.
672 1354 721 1361 —-
755 1331 803 1373 τὰ
826 1332 986 1386 σήσαμα
1017 1336 1080 1374 est
1110 1347 1159 1374 ea
1189 1346 1284 1385 pars
1316 1334 1405 1384 fori,
1438 1334 1510 1373 ubi
1543 1347 1745 1374 sesamum

161 1394 338 1434 venibat.
369 1394 513 1444 Eupol.
546 1395 646 1433 304.

907 1475 997 1518 848

358 1547 412 1601 *0³2
445 1560 534 1600 Ζεῦ
564 1555 853 1614 πολυτίμηθ’,
885 1558 945 1609 ὡς
974 1557 1106 1602 καλαὶ
1136 1564 1230 1618 νςόν
1260 1559 1311 1602 αἱ
1338 1561 1483 1614 γυναί.

282 1645 459 1689 Cramer.
484 1645 634 1685 Aneod.
660 1644 731 1685 Ox.
756 1645 777 1684 Ι
811 1648 908 1698 102,
942 1649 965 1686 7
998 1644 1041 1686 τὸ
1073 1644 1182 1699 παρὰ
1212 1661 1444 1699 μιμηερμνω
1476 1649 1555 1686 κτλ.
1606 1644 1645 1686 εἰ
1673 1643 1745 1698 μὲν

161 1705 414 1759 περισπάσεις
455 1700 625 1760 (γυναΐ)
663 1702 747 1745 κατ’
788 1704 1002 1756 ἀποκοπὴν
1040 1705 1084 1746 ἐκ
1113 1711 1185 1747 τοῦ
1215 1710 1417 1760 γυναῖκες,
1452 1706 1488 1746 εἰ
1517 1704 1560 1746 δὲ
1592 1703 1748 1754 ὀξύνεις

163 1764 206 1806 ἐκ
236 1771 306 1818 τῆς
335 1765 439 1820 γυνή
472 1764 645 1813 εὐθείας.
707 1763 933 1823 Μιμνέρμῳ
963 1766 1192 1807 Cramerus.
1240 1766 1473 1823 Μενάνδρῳ
1499 1767 1617 1806 Mein.
1669 1780 1746 1806 om.

163 1827 324 1866 nomine
357 1826 533 1866 auessoris
565 1826 741 1877 Etymol.
767 1826 917 1865 Milleri
944 1823 1168 1879 (Melanges
1195 1823 1302 1881 275)
1334 1825 1464 1879 ὥσπερ
1494 1825 1563 1866 καὶ
1593 1825 1636 1866 τὸ
1667 1830 1746 1866 κτλ.

163 1884 343 1941 ἀποβολῇ
369 1891 440 1926 τοῦ
464 1888 651 1941 γυναῖκες
676 1882 703 1937 ἢ
728 1884 807 1925 ἀπὸ
832 1890 904 1925 τοῦ
928 1885 1032 1939 γυνή
1057 1886 1191 1940 γυναί,
1222 1884 1276 1934 ὡς
1301 1886 1406 1938 μονή
1432 1886 1564 1938 μοναί.
1607 1885 1747 1939 γυναί]

164 1946 294 1985 νωναί
321 1946 408 1986 cod.
437 1946 537 1985 Mill.
577 1942 741 1997 (postea
777 1940 918 2000 recte).
978 1960 1059 1986 non
1097 1947 1363 1987 dubitandum
1396 1947 1492 1998 quin
1524 1946 1749 1985 Meinekius

163 2008 272 2046 reete
291 2006 513 2045 Menandro
532 2005 736 2045 tribuerit.
778 2018 993 2057 perperam
1011 2006 1194 2046 Millerus
1214 2006 1448 2057 Philippidi‚
1480 2006 1594 2046 cuius
1625 2007 1675 2046 cf.
1702 2007 1749 2045 fr.

167 2068 206 2106 2.
235 2069 445 2118 praeterea
475 2066 526 2105 ef.
557 2065 742 2105 Pherecr.
776 2068 844 2106 91.
876 2066 1011 2117 adesp.
1043 2068 1169 2107 1336.

847 2195 947 2238 849.
979 2195 1067 2239 850

385 2281 501 2334 φιλῶ
534 2276 595 2333 σ’,
624 2276 842 2335 Ὀνήσιμε,
874 2277 949 2322 καὶ
981 2280 1038 2322 σὺ
1069 2280 1302 2336 περίεργος
1333 2275 1382 2322 εἷ.

384 2347 520 2394 οὐδὲν
551 2351 636 2407 γὰρ
668 2351 943 2408 γλυκύτερον
974 2349 1000 2406 ἢ
1032 2346 1161 2393 πάντ’
1197 2350 1376 2394 εἰδέναι.

291 2437 466 2477 Cramer.
504 2438 653 2477 Anecd.
685 2437 775 2477 Par.
807 2438 892 2477 IIII
924 2439 1010 2478 418
1057 2438 1179 2490 δηλοῖ
1213 2436 1256 2477 τὸ
1299 2436 1344 2477 ἐκ
1386 2437 1543 2476 παίδων
1581 2436 1751 2488 φιλομύ-

174 2502 279 2546 θους
310 2495 416 2550 ’ἡμᾶς
447 2492 550 2537 εἶναι
580 2495 648 2536 καὶ
678 2497 827 2551 χαίρειν
855 2496 934 2548 [ἓν]
967 2502 1012 2553 τῇ
1044 2497 1259 2553 περιεργίᾳ,
1291 2495 1344 2545 ὥς
1376 2508 1476 2549 φησι
1508 2494 1753 2549 Μένανδρος

173 2561 276 2609 φιλῶ
308 2579 363 2585 -
396 2552 442 2597 εἶ.
502 2555 581 2597 καὶ
617 2557 761 2597 πάλιν
798 2555 918 2598 οὐδὲν
949 2561 1028 2598 κτλ.
1088 2572 1124 2598 v.
1159 2560 1183 2597 2
1224 2557 1370 2597 omisso
1408 2559 1552 2608 poetae
1590 2557 1751 2596 nomine

174 2618 300 2658 Cicer.
331 2617 404 2668 Ep.
437 2618 524 2657 Att.
559 2619 598 2668 4,
633 2620 700 2657 11.
761 2618 1009 2658 Themistius
1041 2617 1109 2657 Or.
1143 2619 1218 2668 21,
1253 2619 1374 2656 2620
1424 2615 1499 2656 οὐκ
1542 2615 1621 2656 ἔστι
1663 2615 1752 2669 γάρ,

175 2677 293 2729 φασί,
330 2676 622 2731 γλυκερώτερον
658 2674 685 2729 ἣ
715 2671 833 2717 πάντ’
875 2675 1034 2717 εἰδέναι.
1099 2681 1135 2717 1.
1166 2675 1233 2716 καὶ
1264 2675 1314 2716 σὺ
1354 2675 1429 2729 γὰρ
1460 2677 1524 2716 vel
1557 2672 1612 2730 (V
1648 2671 1751 2729 110)

173 2735 320 2837 2303ng
343 2736 554 2837 1σκῖτερΙίερέκὲς
584 2750 641 2784 τις
674 2738 790 2776 Mein.
857 2740 893 2777 2.
925 2736 1001 2791 γὰρ
1027 2751 1103 2778 om.
1131 2737 1212 2777 Cic.
1235 2733 1355 2776 οὐδὲν
1379 2735 1618 2789 γλυκύτερόν
1649 2734 1753 2775 ἐστιν

925 2878 1008 2921 851

393 2959 506 3017 ὁμοῦ
539 2957 587 3003 δὲ
618 2965 678 3019 τῷ
710 2961 875 3004 τίκτειν
905 2957 1171 3016 παρεγίνεθ’
1209 2958 1236 3014 ἡ
1267 2960 1389 3016 κόρη.

1398 3028 1467 3065 15*
