2014 3334
270 239 359 282 402
638 248 642 252 ’
918 243 1179 277 ΑΔΕΣΠΟΤΑ

272 354 310 403 5,
332 354 384 391 57
406 354 454 392 Κ.
488 351 557 392 sle.
590 351 652 392 ἐπὶ
677 357 753 392 τῶν
781 352 1039 406 δυσμόρφων·
1080 348 1194 402 οὗτος
1224 353 1298 408 γὰρ
1320 354 1382 394 ἐπὶ
1408 354 1587 411 ἀμορφία
1607 356 1838 408 διεβάλλετο.

270 413 318 451 cf.
349 412 532 462 Aposssol.
554 415 591 463 9,
613 414 679 453 92.
729 413 954 464 Hesychius
985 414 1210 465 Κορυδεύς·
1241 412 1367 466 ὄνομα
1398 415 1548 468 κύριον.
1598 410 1713 463 οὗτος
1743 415 1836 456 ἐκω-

269 471 433 527 μῳδεῖτο
473 470 537 510 ἐπὶ
581 471 829 528 ὃυσμορφία,
872 471 938 512 καὶ
982 473 1024 512 οἰ
1057 474 1194 521 παῖδες
1232 473 1366 514 αὐτοῦ.
1418 476 1465 514 de
1496 475 1757 515 Archestratis
1788 477 1837 519 cf.

269 532 410 582 Eupol.
446 534 541 572 276.
604 533 774 572 forbasse
804 557 865 574 υ,
895 533 944 571 Κ.
989 531 1091 572 ἐστὶν
1122 532 1192 572 εἰὸ.

1027 650 1084 691 22

551 734 754 774 Μουσῶν
786 732 982 775 εὐκόλων
1014 731 1265 789 ἀνθρήνιον

386 817 657 858 Philostratus
684 820 808 871 Imag.
837 821 889 859 13
918 814 974 873 (p.
1001 821 1099 858 414.
1119 820 1144 858 5
1178 814 1361 872 Kayser.)
1393 813 1419 870 ἧ
1449 818 1529 859 πού
1560 832 1616 866 τις
1645 818 1711 859 καὶ
1741 818 1836 859 ἀνα-

267 875 478 930 φθέγξεται
503 877 642 930 μικρὸν
667 878 831 930 «ὕστερον
857 877 920 918 ἐπὶ
945 879 1020 929 σοί,
1039 879 1224 918 Μουσῶν
1249 877 1422 918 εὐκόλων
1448 877 1671 930 ἄνθρήνιον
1701 877 1835 932 λέγων.

268 937 396 976 Schol.
429 938 612 987 Sophocl.
644 938 768 977 OCol.
804 941 855 978 17
895 936 1079 989 μέλισσαν
1112 937 1231 978 αὐτὸν
1270 933 1356 993 (τὸν
1380 933 1611 992 Σοφοκλέα)
1649 937 1836 979 ἐκάλεσαν

267 996 309 1035 οἶ
335 997 512 1048 κωμικοί.
574 999 621 1038 cf.
654 998 859 1049 Aristoph.
891 999 939 1037 fr.
972 1000 1068 1038 581.
1118 1011 1164 1037 ac
1194 998 1444 1048 Phrynichus
1475 999 1653 1049 tragicus
1685 996 1836 1049 μέλιττα

267 1056 413 1096 dicitur
443 1058 566 1098 Arist.
600 1057 672 1099 Av.
709 1059 806 1098 750.
857 1058 1099 1097 alterutrum
1131 1057 1347 1108 significari
1379 1059 1514 1097 censet
1544 1058 1662 1097 Mein.

1025 1174 1080 1216 23

551 1256 762 1300 οὐδέποτε
793 1255 1049 1316 προδέδιωκέ
1077 1272 1140 1311 με.

382 1344 552 1383 Bekker.
581 1333 727 1383 A'necd.
757 1346 831 1393 53,
865 1346 888 1382 2
934 1341 1165 1394 εὑρίσκομεν
1208 1341 1256 1382 ἐν
1299 1347 1350 1398 τῇ
1394 1341 1565 1398 ἀρχαίᾳ
1610 1342 1834 1398 κωμῳδίᾳ

263 1402 304 1442 τὸ
338 1401 524 1443 οὐδέποτε
555 1402 621 1442 καὶ
651 1402 715 1443 ἐπὶ
743 1401 1030 1459 παρῳχημένου
1063 1402 1207 1455 χρόνον
1238 1405 1314 1441 κτλ.
1366 1398 1551 1442 ‘fortasse
1583 1400 1627 1442 δέ
1658 1397 1833 1442 excidit?

263 1463 381 1503 Mein.
414 1464 478 1503 vel
509 1463 591 1516 γάρ.

1018 1543 1153 1598 24>

382 1630 605 1680 Hesychius
645 1626 892 1681 Ἐξήκεστος·
942 1625 1173 1680 ἡταιρηκώς.
1247 1627 1345 1668 ὅθεν
1388 1626 1455 1667 καὶ
1496 1627 1589 1675 τοὺς
1628 1626 1833 1680 πρωκτοὺς

264 1687 484 1741 ὁμωνύμως
498 1686 805 1740 Ἐξηκέστους
830 1688 974 1741 ἔλεγον.
994 1683 1483 1739 Ἐξηκεστιδαλκίδαι·
1509 1686 1617 1740 παρὰ
1635 1686 1703 1727 τὸν
1716 1683 1831 1738 Ἐξη-

262 1749 443 1800 κεστίδην
487 1747 554 1788 καὶ
591 1743 746 1803 Ἀλκ(ε)
757 1749 847 1799 ι’δην
890 1746 983 1796 τοὺς
1024 1747 1289 1804 κιθαρῳὸούς.
1347 1741 1606 1801 Ἀλκ(ε)ίδην]
1647 1743 1831 1786 Ἀλκαῖον

263 1810 380 1848 Mein.
412 1829 472 1836 —
503 1809 552 1848 cf.
582 1808 707 1848 Arist.
733 1809 808 1849 Av.
843 1810 893 1847 11
929 1810 969 1847 et
1002 1809 1115 1847 1764
1148 1820 1238 1846 cum
1269 1808 1434 1857 interpr.
1453 1807 1598 1857 Bergk.
1620 1808 1665 1846 R.
1693 1819 1723 1846 c.
1743 1806 1830 1846 Atss.

263 1870 360 1909 373.
381 1870 420 1907 4.
471 1869 518 1907 de
549 1869 679 1908 forma
708 1868 879 1907 Lobeck.
910 1867 1084 1918 Paralip.
1117 1869 1214 1918 367,
1246 1867 1315 1918 qui
1353 1867 1508 1906 confert
1531 1862 1831 1918 ‘Hqoenlswgocv—

262 1928 359 1967 θίαν
402 1928 702 1979 Arisbophanis‚
747 1923 1137 1981 Ὀρεσταυτοκλείδην
1180 1926 1384 1976 Timoclis‚
1435 1923 1829 1978 Διονυσαλέξανδρον

262 1987 427 2039 Cratini,
448 1984 772 2042 Ἰκαρομένιππον
791 1987 971 2027 Luciani.
1020 1986 1122 2026 addo
1141 1985 1522 2039 Χοιριλεκφαντίδην
1548 1985 1702 2025 Cratini
1730 1986 1828 2025 335.

1014 2102 1072 2145 25

547 2187 769 2242 Οἰωνίχου
800 2192 1011 2241 μουσεῖον

379 2274 602 2326 Hesychius
624 2273 832 2325 Οἰώνιχον·
860 2275 1058 2323 μουσεῖον.
1101 2276 1214 2310 τοῦτο
1236 2268 1278 2309 δὲ
1301 2269 1497 2322 Οἰωνίχου
1520 2267 1619 2321 φησὶ
1639 2273 1825 2320 μουσεῖον

260 2329 371 2373 εἶναι.
431 2330 554 2373 ‘certe
594 2333 846 2373 scribendum
892 2331 1087 2382 Οἰωνίχου
1129 2333 1334 2381 μουσεῖον,
1375 2342 1455 2380 qua
1493 2330 1653 2380 quidem
1693 2329 1826 2379 adpel-

258 2394 409 2433 latione
440 2394 614 2433 comicus
646 2393 790 2444 aliquis
821 2391 970 2431 lasciva
989 2390 1179 2430 Oeonichi
1210 2389 1386 2429 carmina
1410 2389 1611 2428 notavisse
1635 2384 1822 2429 videtur'.
1855 2390 1863 2393 *

258 2453 406 2504 Bergk.
437 2454 483 2492 R.
515 2466 546 2493 c.
577 2452 665 2492 Atfi.
697 2454 795 2492 231.
844 2452 893 2491 cf.
925 2450 1074 2490 Gratia.
1108 2451 1204 2490 305.
1255 2449 1378 2488 Arisiz.
1411 2449 1483 2499 Eq.
1519 2449 1647 2488 1287.

1012 2578 1069 2621 26

543 2663 796 2719 αὐτόχρημα
827 2664 1066 2718 Χαιρεφῶν

376 2750 610 2800 Apostolius
645 2751 717 2801 18,
751 2751 803 2788 15
849 2750 1064 2800 Χαιρεφῶν
1101 2744 1340 2798 αὐτόχρημα·
1379 2744 1440 2785 ἐπὶ
1480 2750 1558 2784 τῶν
1589 2741 1725 2797 ὠχρῶν
1754 2743 1820 2784 καὶ

259 2809 412 2861 ἰσχνῶν.
463 2810 510 2848 cf.
543 2809 686 2848 Suidas
723 2810 956 2861 Χαιρεφῶν,
991 2807 1063 2846 ubi
1098 2806 1209 2845 deest
1245 2803 1489 2858 αὐτόχρημα,
1527 2805 1575 2843 de
1613 2817 1694 2856 qua
1722 2817 1820 2844 voce

258 2870 306 2908 cf.
337 2869 464 2908 Arist.
494 2869 565 2919 Eq.
602 2871 666 2908 78.
724 2869 856 2918 adesp.
891 2869 1015 2907 1525.
1070 2865 1233 2904 Lucian.
1271 2865 1476 2904 Demosth.
1515 2876 1596 2904 enc.
1631 2866 1684 2904 13
1728 2863 1821 2903 κλύ-

258 2928 386 2968 δωνα.
408 2959 416 2967 .
438 2925 684 2981 ,αὐτόχρημα
714 2926 937 2967 θαλάττιον.
