2014 3334
303 239 390 280 664
616 252 619 257 s
929 237 1190 270 ΑΔΕΣΠΟΤΑ

1031 344 1143 387 1493

423 432 622 470 Lussianus
648 431 782 482 Cynic.
811 433 836 470 8
864 430 1027 470 σκόπει
1051 429 1231 484 γάρ,ἐί
1256 429 1440 482 βούλει,
1465 429 1544 469 τὸν
1570 429 1868 470 πολύευκτον
1905 430 1907 433 ⁴

306 490 479 543 χρυσόν
511 485 560 543 (τ.
585 507 619 543 γ.
645 504 684 528 π.
713 505 783 542 χρ.,
814 490 850 529 εἰ
873 491 929 542 β.,
962 485 1062 544 σκ.),
1090 485 1095 544 Ι
1124 489 1290 530 σκόπει
1332 488 1411 529 τὸν
1454 487 1686 588 ἄργυρον,
1733 488 1869 529 σκόπει

307 547 495 603 (fortasse
527 564 565 588 τε
597 544 682 603 καὶ)
720 548 787 596 τὰς
825 549 980 597 οἰκίας
1007 548 1013 600 Ι
1040 548 1120 597 τὰς
1160 552 1437 596 πολυτελεῖς
1473 581 1480 589 .
1552 550 1596 597 ,Ι
1624 547 1789 588 σκόπει
1817 547 1870 588 τὰ

306 609 492 655 τούτοις
523 607 771 648 ἀκόλουθα
801 608 946 648 πάντα
979 604 1112 663 (πάντ’
1141 603 1238 663 ἀκ.),
1268 608 1421 648 πόσων
1446 607 1731 661 πραγμάτων
1756 602 1839 662 (πρ.
1854 602 1867 679 Ι

307 663 430 722 ὅσων)
463 666 585 707 ἐστὶν
616 666 752 717 ὤνια,
790 667 943 707 πόσων
974 667 1154 719 πόνων,
1190 667 1349 707 πόσων
1379 667 1620 707 κινδύνων
1651 662 1808 722 (πόνων
1832 663 1865 706 τ’

307 724 381 766 ἔστ’
430 725 529 766 ὤνια
566 743 599 766 κ.
637 724 681 766 θ’
717 723 854 781 ὅσων).
929 730 952 767 9
992 725 1070 766 καὶ
1112 732 1256 766 ταῦτα
1299 725 1459 778 μέντοι
1499 727 1628 766 πάντα
1670 727 1868 780 γίνεται,

307 793 394 826 τῶν
431 801 469 826 τε
505 787 735 826 ποικίλων
765 787 770 835 Ι
805 787 969 837 ἱματίων
1006 785 1148 827 οὐδέν
1185 803 1226 826 τι
1263 789 1439 838 μᾶλλον
1477 786 1683 826 θάλπειν
1721 786 1868 826 δυνα-

308 845 460 898 μένων
497 841 553 899 (δ.
583 849 625 886 θ.
657 842 850 900 πέπλων),
878 846 883 896 Ι
910 852 1000 885 τῶν
1045 844 1092 885 δὲ
1135 845 1449 898 χρυσορόφων
1493 845 1656 885 οἰκιῶν
1700 840 1798 898 (τῶν
1828 842 1865 884 δ’

309 906 380 945 οἰκ.
412 911 490 944 τῶν
515 900 591 958 χρ.)
621 905 626 954 Ι
655 903 794 944 οὐδέν
827 921 861 944 τι
892 908 1068 956 μᾶλλον
1100 910 1375 945 σκεπουσῶν
1406 901 1512 959 (ούδ.
1539 917 1595 944 σκ.
1622 901 1697 959 μ.),
1723 910 1801 945 τῶν
1825 902 1868 944 δὲ

309 960 438 1018 (οὐδ’)
474 963 757 1015 ἐκπωμάτων
797 964 802 1014 Ι
842 970 931 1004 τῶν
968 963 1186 1018 ἀργυρῶν
1230 964 1304 1004 οὐκ
1346 963 1659 1015 ὠφελούντων
1701 959 1867 1018 (ἕπωφ.)

309 1023 387 1063 τὸν
418 1023 573 1063 πότον.

429 1167 630 1206 Lucianus
667 1167 800 1218 Cynic.
831 1170 881 1206 13
913 1165 941 1218 ἢ
973 1167 1141 1218 νομίζεις
1177 1166 1257 1206 τὸν
1282 1163 1514 1219 Ἡρακλέα
1551 1161 1659 1220 (add.
1692 1162 1754 1221 δὲ)
1781 1198 1789 1206 .
1816 1199 1824 1206 .
1864 1196 1876 1217 ,

311 1230 451 1266 θεῖον
477 1224 630 1278 ἄνδρα
655 1225 732 1265 καὶ
756 1225 872 1266 θεὸν
899 1226 905 1276 Ι
934 1224 1090 1280 ὀρθῶς
1115 1224 1419 1278 νομισθέντα,
1445 1224 1511 1265 διὰ
1535 1226 1847 1278 κακοδαιμονιαν
1869 1222 1874 1281 Ι

310 1290 612 1337 περινοστεῖν
643 1285 826 1338 γυμνὸν
858 1286 907 1338 (γ.
933 1285 993 1338 π.)
1026 1284 1172 1338 δέρμα
1203 1285 1351 1337 μόνον
1383 1284 1550 1337 ε’χοντα
1582 1281 1878 1340 καὶΙμηδενὸς

311 1351 388 1384 τῶν
415 1344 544 1385 αὐτῶν
570 1344 666 1396 ’ὑμῖν
693 1345 901 1396 δεόμενον,
925 1340 928 1398 Ι
952 1342 1046 1384 ἀλλ’
1076 1345 1130 1385 ού
1155 1345 1464 1396 κακοδαίμων
1490 1339 1547 1397 ἧν
1574 1343 1721 1393 ἐκεῖνος
1743 1340 1878 1399 (οὗτος

312 1400 424 1457 ἦν).
457 1435 466 1444 .
498 1435 507 1444 .
540 1401 639 1444 οὐδ’
675 1420 731 1444 av
762 1419 908 1456 πενης
935 1401 977 1456 Ι
1051 1435 1061 1444 .
1094 1401 1163 1454 ἐφ’
1194 1404 1215 1443 ὅ
1246 1419 1287 1444 τι
1317 1403 1403 1457 γὰρ
1435 1402 1695 1477 ὁρμήσειεν,
1724 1403 1877 1444 ἅπαν-

312 1470 453 1516 ταχοῦ
486 1462 704 1537 (ὁρμήσειε,
725 1459 786 1517 π.)
815 1459 1244 1518 ’κράτει,Ικούδενι
1275 1470 1353 1503 τῶν
1378 1463 1460 1503 τότε
1485 1461 1698 1516 ἐνέτυχεν
1728 1462 1876 1520 ὁμοίῳ

314 1519 496 1576 (κούδενί
528 1520 564 1576 γ’
601 1521 660 1574 ὅμ.
695 1520 895 1575 ’νέτυχεν)
934 1522 1045 1563 οὐδὲ
1082 1519 1389 1576 κρείττονιΙ.
1462 1553 1472 1561 .
1509 1520 1604 1562 ἀλλ’
1647 1522 1878 1577 ἐγκρατὴς

313 1581 391 1622 καὶ
421 1582 696 1635 καρτερικὸς
728 1584 785 1634 ’ἠν
815 1581 894 1622 καὶ
925 1613 933 1621 .
967 1615 974 1622 .
1008 1614 1017 1622 .
1052 1589 1238 1635 τρυφᾶν
1266 1583 1271 1632 Ι
1300 1581 1375 1622 οὐκ
1406 1581 1600 1634 ἐβούλετο.

1042 1699 1154 1741 1495

432 1773 632 1812 Lucia-nus
670 1773 803 1823 Cynic.
833 1775 884 1812 17
919 1772 966 1812 τό
997 1787 1040 1825 γε
1071 1771 1183 1824 ἐμὸν
1216 1778 1368 1824 σχῆμα
1399 1770 1459 1823 (τὸ
1491 1783 1546 1824 σχ.
1578 1769 1743 1826 τούμόν)
1781 1788 1877 1813 τοι-

316 1831 458 1871 οῦτόν
502 1830 598 1870 ε’στι
637 1828 739 1885 (ε’στι
775 1837 953 1872 τοιοῦτον
991 1828 1167 1885 σχεδόν),
1205 1831 1211 1879 Ι
1244 1830 1489 1905 αὐχμηρὸν
1527 1827 1671 1882 εἶναι,
1713 1832 1880 1874 λάσιον

317 1887 461 1941 εἶναι,
493 1891 701 1943 τρίβωνα
732 1890 875 1943 ε’χειν,
907 1897 1057 1942 κομᾶν
1084 1887 1135 1945 (λ.
1162 1886 1263 1930 εἶναι
1288 1890 1354 1930 καὶ
1377 1906 1465 1942 κομ.
1493 1892 1499 1939 Ι
1527 1906 1578 1942 εχ
1604 1887 1678 1944 τρ.)
1705 1890 1880 1933 ἀνυπο-

317 1952 477 2001 δητεῐν
510 1947 652 2004 (κάν.)·
676 1945 749 2003 Ιτὸ
783 1948 819 1990 δ’
842 1949 1070 2002 ὑμέτερον
1102 1950 1269 2002 ὅμοιον
1291 1946 1295 2004 Ι
1317 1953 1375 2006 τῷ
1407 1956 1497 1990 τῶν
1526 1951 1779 2002 κιναίδων,
1803 1952 1881 1992 καὶ

318 2010 585 2061 διακρίνειν
617 2008 727 2049 οὐδὲ
760 2006 825 2057 εἷς
859 2012 864 2059 Ι
899 2009 948 2049 ἂν
986 2009 1067 2062 ἔχοι
1099 2042 1106 2049 .
1141 2040 1150 2049 .
1182 2042 1190 2049 .
1222 2008 1289 2049 καὶ
1325 2007 1557 2062 τρέφεσθε
1587 2014 1686 2058 τοῖς
1717 2011 1881 2060 αὐτοῖς

319 2067 367 2121 (τ.
400 2069 550 2108 αὐτοῖσι
581 2068 655 2122 γὰρ
684 2069 689 2118 Ι
717 2065 799 2124 τρ.)
836 2068 914 2108 καὶ
950 2073 1185 2121 κοιμᾶσθε
1224 2067 1399 2121 ὁμοίως
1435 2067 1513 2108 καὶ
1543 2069 1759 2121 βαδίζετε
1797 2067 1882 2124 (καὶ

278 2146 288 2149 -
318 2130 354 2180 β.
383 2128 389 2177 Ι
416 2128 568 2176 τούτοις
600 2124 779 2183 ὁμοίως),
810 2131 958 2180 μᾶλλον
990 2126 1032 2167 δὲ
1064 2129 1237 2181 βαδίζειν
1269 2127 1343 2168 οὐκ
1374 2126 1524 2168 ἐθέλετε
1565 2125 1755 2182 (fortasse
1787 2129 1881 2170 οὐδὲ

317 2187 398 2239 μὴν
423 2183 631 2241 βαδίζετε),
647 2183 652 2242 Ι
668 2187 890 2240 φέρεσθαι
911 2184 1118 2242 (φέρεσθε)
1140 2184 1176 2227 δ’
1199 2187 1352 2239 ὥσπερ
1377 2187 1424 2227 τὰ
1449 2188 1633 2239 φορτία.
1673 2192 1727 2229 19
1748 2185 1883 2230 οὗτοι

319 2247 517 2298 μάλιστά
557 2262 636 2298 μοι
678 2248 950 2300 προσίασιν·
994 2251 1075 2295 τοῖς
1111 2246 1185 2300 γὰρ
1222 2246 1413 2295 τοιούτοις
1451 2242 1549 2302 (οἷς)
1588 2246 1675 2301 ἐγὼ
1702 2247 1708 2297 Ι
1736 2249 1880 2301 χαίρω

319 2306 491 2354 ξυνών·
529 2306 683 2359 θύρας
721 2305 768 2346 δὲ
805 2313 894 2347 τῶν
931 2305 1186 2358 καλουμένων
1225 2306 1527 2358 εὐδαιμόνων
1554 2306 1560 2354 Ι
1588 2305 1637 2348 οὐ
1669 2309 1881 2360 θεραπεύω

318 2363 507 2418 (fortasse
540 2365 613 2406 οὐκ
644 2361 770 2421 οἶδα)·
807 2366 900 2414 τοὺς
937 2361 1052 2421 (om.)
1091 2364 1138 2406 δὲ
1175 2371 1383 2419 χρυσοῦς
1414 2362 1491 2420 (χρ.
1523 2362 1583 2418 δὲ)
1615 2367 1882 2419 στεφάνους

319 2424 396 2464 καὶ
438 2424 510 2476 τὴν
554 2421 668 2480 (om.)
712 2426 968 2478 πορφύραν
1008 2422 1013 2480 Ι
1053 2430 1206 2476 τῦφον
1236 2425 1412 2478 νομίζω
1448 2424 1514 2465 καὶ
1544 2431 1621 2465 τῶν
1653 2425 1882 2480 ἀνθρώπων

321 2481 510 2539 (fortasse
537 2490 615 2525 τῶν
639 2481 672 2524 τ’
707 2482 893 2537 ἐχόντων)
925 2488 1172 2538 καταγελῶ.

1047 2601 1160 2644 1496
1183 2624 1188 2628 -

443 2674 680 2726 [Lucianus]
720 2675 855 2714 Amor.
889 2678 913 2716 3
954 2673 1031 2715 σοὶ
1068 2673 1090 2715 6
1121 2673 1234 2723 θεὸς
1278 2673 1360 2715 οὐκ
1402 2674 1608 2727 αὐχμηρὰν
1649 2677 1883 2729 γεωργίαν

324 2732 586 2774 ἐπέκλωσεν
618 2730 701 2786 (σοὶ
730 2733 804 2788 γὰρ
836 2733 885 2774 οὐ
915 2751 949 2787 γ.
978 2734 983 2784 1
1013 2732 1136 2774 ἐπέκλ.
1159 2732 1180 2774 6
1199 2730 1260 2788 θ.)
1281 2730 1381 2774 οὐδ’
1406 2730 1519 2787 (οὐδέ
1537 2730 1597 2788 γ’)
1623 2733 1884 2788 ἐμπορικὰς

323 2791 456 2844 ἅλας,
484 2791 490 2845 Ι
517 2792 583 2833 καὶ
620 2789 752 2848 (οὐδὲ)
792 2793 1080 2846 στρατιώτην
1119 2789 1225 2848 (add.
1256 2790 1344 2847 τὸν)
1380 2792 1428 2832 ἐν
1460 2793 1623 2841 ὅπλοις
1655 2791 1762 2847 (add.
1793 2802 1883 2836 τοῦ·

324 2848 410 2906 τον)
455 2853 583 2904 βίον,
614 2853 619 2903 Ι
648 2852 745 2893 ἀλλὰ
788 2852 948 2906 λιπαραὶ
990 2856 1221 2906 παλαῖστραι
1263 2851 1427 2907 μέλουσί
1469 2850 1564 2905 σοιΙ
1597 2851 1663 2892 καὶ
1704 2855 1884 2908 φαιδρὰ

325 2909 396 2962 μὲν
434 2910 579 2963 ἐσθὴς
618 2907 722 2965 (ἔσθ.
755 2927 793 2952 τε
825 2908 888 2967 φ.)
926 2911 1059 2966 μέχρι
1095 2913 1254 2970 ποδῶν
1292 2911 1364 2964 τὴν
1394 2910 1550 2965 τρυφὴν
1580 2911 1840 2967 καθειμένη
1874 2911 1878 2970 Ι
