2014 3334
701 226 872 267 ΚΟΛΑΞ
900 249 939 255 -
965 228 1278 264 KTBEPNHTAI
1725 228 1782 270 85

196 340 535 395 ἀποπειρώμενος.
567 341 770 393 -Hesy0h.
807 338 1006 392 ἀψοφητί’
1047 338 1194 392 ἠρέμα,
1225 337 1382 393 ’ἡσύχως
1420 370 1430 381 .
1462 371 1472 381 .
1507 371 1516 381 .
1554 341 1780 397 κολακείᾳ

198 397 371 458 (Κόλακι
401 402 518 442 Mein.
554 401 759 442 Menandr.
791 401 916 452 praef.
938 394 1011 453 v1).
1061 395 1160 452 οἷον,
1192 403 1238 440 ut
1268 401 1391 441 Arist.
1413 401 1512 441 Ach.
1534 402 1631 442 668.
1675 401 1782 442 Nub.

200 464 328 504 1374.
359 459 519 515 θρέμμα
549 461 672 502 Arist.
706 461 800 513 Lys.
835 461 932 501 369.
974 460 1196 512 Antiphan.
1231 462 1327 513 182,
1362 463 1397 501 3.
1442 461 1545 501 Men.
1579 462 1677 502 874.

949 588 1035 631 299

915 674 1096 728 κωβιός,
1128 671 1413 727 ἠλακατῆνες,
1463 696 1465 698 -

548 746 684 796 κυνὸς
716 745 904 802 οὐραῖον

314 833 548 874 Athenaeus
572 835 609 884 7,
629 834 712 872 301
727 833 753 871 d
784 829 1028 884 Μένανδρος
1053 834 1198 872 κολωσι
1230 842 1330 882 φησι
1355 834 1432 870 κτλ.
1466 832 1522 871 sie
1548 831 1596 870 A.
1629 830 1779 871 Κόλακι

196 893 385 934 Clericus.
450 895 488 933 2.
519 891 587 932 καὶ
617 890 740 940 κυνὸς
770 906 983 944 perperam
1011 891 1093 933 AO.
1144 892 1193 931 cf.
1226 891 1405 932 Mnesim.
1439 893 1478 943 4,
1512 893 1579 932 35.
1613 894 1651 932 6.
1684 894 1779 932 sunt

194 967 334 995 versus
369 953 626 1005 anapaesffioi.

945 1046 1033 1088 300
1086 1038 1089 1039 ⁷

481 1120 591 1174 βοῦς
622 1118 825 1181 Κύπριος

315 1205 403 1246 ἴσον
434 1208 487 1262 τῷ
519 1204 769 1258 σκατοφάγος
801 1199 846 1244 εἶ.
884 1202 1061 1258 λέγονται
1093 1202 1168 1257 γὰρ
1201 1204 1244 1244 οἱ
1270 1203 1361 1257 βόες
1393 1202 1435 1243 ἐν
1461 1203 1614 1261 Κύπρῳ
1640 1216 1778 1244 σκατο-

196 1269 341 1320 φαγεῖν
373 1263 611 1318 (Antiphan.
643 1267 739 1318 126,
768 1261 826 1318 5).
881 1262 1074 1317 μέμνηται
1104 1263 1248 1316 ταύτης
1281 1261 1527 1317 Μένανδρος
1558 1263 1601 1304 ἐν
1627 1263 1779 1304 Κόλακι

194 1325 261 1366 καὶ
292 1325 335 1366 ἐν
363 1322 536 1378 Ἰάμβοις
569 1321 771 1379 (Ἰμβρίοις
802 1319 922 1379 Mill.)
956 1325 1101 1364 Miller.
1133 1325 1339 1377 Melanges
1373 1326 1470 1364 366.

313 1386 529 1425 Praeterea
561 1386 609 1424 cf.
644 1387 742 1425 562.
780 1380 1071 1435 1085.'adesp.
1107 1386 1203 1425 125.

917 1501 1049 1534 ΚΡΗΣ

314 1578 372 1618 Of.
402 1574 669 1631 Ἀνδρόγυνος
699 1574 726 1629 ἢ
758 1574 909 1635 Κρής,

827 1705 1141 1739 KTBEPNHTAI

939 1790 1023 1833 301

408 1875 651 1933 τάργύριον
684 1870 798 1916 εἶναι
830 1873 1060 1930 μειράκιόν
1093 1885 1164 1916 σοι
1197 1875 1403 1929 φαίνεται

410 1948 464 1991 οὐ
495 1954 584 1990 τῶν
617 1945 872 2003 ἀναγκαίων
903 1944 1007 1988 καθ’
1043 1944 1214 2001 ἡμέραν
1246 1946 1388 2000 μόνον

409 2020 541 2076 τιμὴν
571 2025 816 2074 παρασχεῖν
849 2018 1058 2071 δυνατόν,
1091 2018 1252 2073 ἄρτων,
1285 2016 1500 2072 ἀλφίτων,

410 2091 554 2146 ὄξους,
587 2089 754 2144 ἐλαίου,
787 2091 988 2146 μείζονος
1020 2085 1061 2132 δ’
1098 2090 1238 2132 ἄλλον
1269 2090 1412 2140 τινός;

369 2176 389 2207 5
411 2164 661 2213 ἀθανασίας
693 2158 734 2204 δ’
771 2161 854 2204 οὐκ
885 2163 1021 2216 ἔστιν,
1055 2159 1152 2204 οὐδ’
1190 2159 1246 2204 ἂν
1277 2160 1531 2217 συναγάγῃς

407 2237 463 2279 τὰ
499 2235 730 2278 Ταντάλου
761 2231 937 2276 τάλαντ’
976 2232 1121 2276 ἐκεῖνα
1153 2234 1386 2289 λεγόμενα·

410 2305 506 2351 ἀλλ’
542 2307 765 2351 ἀποθανεῖ
793 2304 866 2349 καὶ
897 2312 1036 2348 ταῦτα
1067 2307 1346 2356 καταλείψεις
1375 2307 1504 2347 τισίν.

409 2382 455 2422 τί
483 2375 566 2423 οὗν
599 2378 733 2434 λε’γως
767 2376 870 2434 μηδ’
907 2377 1040 2428 αὐτὸς
1072 2379 1114 2420 εί
1144 2375 1308 2434 σφόδρ’
1345 2376 1549 2433 εὐπορεῖς

409 2455 587 2495 πίστευε
618 2451 776 2509 τούτῳ,
809 2451 915 2506 μήτε
946 2457 1036 2492 τῶν
1067 2456 1254 2505 πτωχῶν
1285 2449 1421 2492 πάλιν

350 2536 390 2568 ιο
410 2523 537 2580 ἡμῶν
567 2523 852 2580 καταφρόνει,
883 2527 964 2565 τοῦ
998 2520 1050 2564 δέ
1078 2519 1119 2576 γ’
1156 2520 1358 2576 εὐτυχεῖν
1390 2519 1456 2563 ἀεὶ

411 2596 572 2653 πάρεχε
605 2595 794 2638 σεαυτὸν
825 2601 918 2645 τοῖς
950 2593 1115 2650 ὁρῶσιν
1147 2592 1283 2645 ἄξιον.

315 2695 513 2735 Stobaeus
532 2694 670 2734 Floril.
693 2696 760 2744 22,
784 2696 836 2733 19
870 2692 1120 2744 Μενάνδρου
1144 2692 1257 2731 VOSS.
1279 2687 1412 2745 (deest
1437 2691 1479 2729 in
1503 2685 1572 2743 A).
1605 2703 1641 2730 v.
1657 2692 1770 2730 5—7

197 2755 395 2795 stobaeus
426 2755 564 2794 Floril.
600 2756 696 2805 118,
731 2756 786 2794 10
818 2752 1068 2804 Μενάνδρου
1100 2750 1414 2803 Κυβερνήτου
1441 2750 1489 2788 Α.
1552 2752 1590 2788 4.
1624 2746 1660 2788 δ’
1697 2763 1773 2790 om.

196 2815 312 2855 Voss.
343 2810 446 2853 NBl.
485 2811 517 2853 τ’
552 2809 618 2854 B2.
713 2815 750 2853 5.
787 2811 1030 2862 ἀθανασίας]
1071 2810 1275 2850 ἀθανασία
1316 2812 1416 2857 118,
1459 2812 1622 2860 praeter
1658 2810 1772 2849 Voss.

197 2873 373 2927 συνάγης
404 2874 518 2913 Voss.
583 2876 620 2913 6.
653 2869 807 2912 τάλαντ’
843 2871 972 2912 ἐκεῖνα
1003 2872 1035 2910 L
1071 2869 1173 2921 118]
1213 2870 1382 2909 τάλαντα
1413 2867 1542 2908 ἱκανὰ.
1616 2872 1652 2909 7.
1684 2866 1768 2909 ἀλλ’

198 2932 248 2974 ἂν
279 2932 507 2990 ἀποθάνῃς,
538 2938 659 2973 ταῦτα
694 2935 762 2973 22.
788 2929 870 2972 ἀλλ’
907 2930 1098 2983 ἀποθανῆ
1125 2929 1190 2970 καὶ
1221 2934 1341 2970 ταῦτα
1375 2931 1472 2969 118.
1522 2928 1771 2981 καταλείψων
