2014 3334
744 223 947 258 ΑΔΗΔῼΝ
974 224 1237 259 ΔΡΑΜΑΤΩΝ
1691 223 1711 264 l
1719 223 1745 265 8
1754 224 1772 264 l

946 355 1032 398 597

411 436 600 495 πένητος
631 438 769 483 οὐδέν
800 439 892 483 ἐστι
925 438 1286 497 δυστυχέστερον.

412 509 587 554 ἅπαντα
618 515 785 567 μοχθεῖ
812 511 1061 567 κάγρυπνεῖ
1087 511 1359 568 κάργάζεται,

412 580 473 625 ἵν’
509 583 642 634 ἄλλος
673 582 823 627 ἐλθὼν
855 584 1078 640 μεταλάβῃ
1109 582 1183 627 καὶ
1214 585 1437 639 κτήσηται.

317 669 501 721 Compar.
521 670 623 710 Men.
645 673 685 710 et
704 671 806 710 Phil.
829 672 913 710 357
947 668 1192 723 Μένανδρος
1222 669 1312 723 περὶ
1342 670 1480 718 πενίας
1504 666 1776 725 (Studemund

198 729 253 769 24
269 742 325 781 sq.
357 743 397 780 p.
429 726 520 784 20).
584 733 622 770 1.
655 728 774 771 οὐδέν
805 729 885 770 ἐστι
917 729 1046 781 Grot]
1082 728 1228 783 ἀνδρὸς
1260 729 1334 770 οὐκ
1366 729 1454 770 ἔστι.
1505 729 1652 783 ἀνδρὸς
1690 729 1775 771 οὔτι

198 788 384 842 Rutgers.
433 791 477 830 at
502 788 551 831 οὔ
576 805 633 838 τις
658 793 699 830 et
724 787 810 830 οὔτι
836 786 927 843 (pro
954 788 1086 838 οὐδείς
1113 792 1153 830 et
1179 785 1319 845 οὐδέν)
1340 804 1420 831 non
1439 792 1500 830 est
1520 792 1775 831 comicorum.

197 847 362 901 Gregor.
384 849 480 890 Naz.
500 850 540 889 II
570 851 690 891 210b
722 848 870 904 ἀνδρὸς
901 847 1021 891 οὐδὲν
1052 848 1307 903 ἀθλιώτερον.
1364 845 1537 905 (Nauck.
1570 851 1775 902 Melanges

194 909 492 960 grecoromains
524 910 559 948 V
594 907 712 963 240).
775 912 844 951 ’3.
888 915 956 963 τῆς
999 909 1170 962 κτήσεως
1206 912 1271 951 vel
1307 911 1446 962 κτῆσίν
1482 906 1514 949 τ’
1555 909 1622 966 ἔχῃ
1657 911 1776 952 Mein.

195 967 430 1020 κεκτημένος
460 970 708 1010 Heimsoeth.
740 970 827 1010 Ind.
859 971 986 1011 Bonn.
1019 973 1116 1011 aest.
1153 972 1265 1011 1867
1299 984 1337 1011 v.

320 1031 356 1068 1.
389 1030 634 1070 contrarium
667 1030 766 1070 dicit
796 1030 947 1081 Diphil.
985 1032 1080 1071 104.

947 1147 1032 1190 598

412 1230 641 1287 ἄνθρωπε,
674 1231 733 1287 μὴ
766 1229 959 1286 στέναζε,
991 1230 1050 1286 μὴ
1083 1234 1229 1274 λυποῦ
1260 1231 1420 1287 μάτην·

411 1303 627 1359 χρήματα,
659 1310 850 1358 γυναῖκα
880 1301 953 1345 καὶ
985 1301 1153 1346 τέκνων
1184 1305 1364 1346 πολλῶν
1396 1303 1584 1359 σποράν,

411 1374 440 1416 ἅ
471 1384 542 1417 σοι
574 1375 684 1431 τύχη
716 1373 914 1432 κέχρηκε,
946 1370 1073 1417 ταῦτ’
1108 1374 1328 1430 ἀφείλετο.

310 1461 501 1517 Compar.
522 1462 625 1501 Men.
646 1462 688 1501 et
713 1462 814 1501 Phil.
837 1464 921 1502 362
956 1458 1227 1516 (studemund
1249 1463 1332 1502 195
1349 1475 1404 1514 sq.
1438 1477 1475 1514 p.
1498 1464 1566 1503 33.
1600 1457 1658 1516 4).
1709 1463 1777 1514 qui

197 1521 305 1573 apud
332 1520 670 1561 Studemundium
701 1522 808 1562 inter
837 1535 873 1563 v.
900 1525 930 1561 ·1
968 1525 1008 1562 et
1040 1524 1064 1562 2
1103 1523 1334 1573 interpositi
1372 1526 1468 1562 sunt
1504 1535 1644 1562 versus
1682 1524 1777 1574 tres,
1831 1520 1835 1524 ⁴

197 1593 264 1621 eos
297 1576 515 1621 Menandro
549 1582 776 1622 adscribere
809 1595 889 1622 non
920 1582 1060 1622 audeo.
1145 1584 1179 1622 1.
1220 1580 1273 1634 μὴ
1313 1581 1461 1633 λυποῦ]
1502 1580 1580 1621 καὶ
1620 1584 1776 1622 λυποῦὶ)

198 1642 237 1681 3.
268 1640 365 1693 τύχη
390 1639 552 1694 κέχρηκε
577 1640 708 1693 Grot.]
742 1641 926 1695 κεχώρικε
951 1641 1059 1694 τύχη.
1092 1642 1198 1682 Plut.
1222 1644 1318 1682 Mor.
1344 1645 1461 1683 1163.
1493 1638 1617 1695 (cont.
1637 1638 1776 1694 Mein.)

197 1699 247 1740 οὐ
279 1701 343 1741 δεῖ
369 1701 602 1754 δυσφορεῖν,
633 1700 704 1742 ἐὰν
736 1700 762 1741 ἃ
794 1701 965 1755 ἔχρησαν
997 1699 1095 1754 ἡμῖν
1126 1701 1225 1755 πρὸς
1256 1699 1390 1756 ὀλίγον
1423 1697 1484 1756 (οἱ
1511 1700 1623 1755 θεοί)
1655 1707 1777 1742 ταῦτα

197 1758 426 1801 ἀπαιτῶσιν.

945 1843 1032 1887 599

772 1927 898 1970 ὀκνεῖ
927 1925 976 1970 δὲ
1007 1933 1119 1970 νοῦν
1152 1925 1299 1983 ἔχουσ’
1337 1930 1459 1977 ἴσως·

484 1996 552 2041 ἀεὶ
584 1995 633 2042 δὲ
664 2005 757 2050 τοῖς
787 2005 981 2056 παροῦσι
1013 1999 1225 2055 δακρύοις
1256 1997 1430 2054 ἐμποιεῖ

484 2071 533 2113 τὸ
559 2073 681 2126 θῆλυ
712 2077 788 2126 τῆς
818 2077 961 2128 ψυχῆς
993 2070 1220 2126 ἀναβολὴν
1252 2075 1312 2128 τῷ
1342 2069 1489 2113 πάθει.

319 2157 452 2197 Schol.
485 2157 692 2209 Euripidis
723 2158 871 2198 Phoen.
907 2160 958 2198 61
1007 2163 1115 2197 πᾶσα
1150 2155 1254 2211 γυνὴ
1294 2155 1392 2209 πρὸς
1423 2155 1604 2196 θάνατον
1636 2155 1776 2195 δειλόν.

198 2214 444 2271 Μένανδρος
475 2220 552 2257 κτλ.
618 2221 654 2257 1.
687 2223 788 2258 νοῦν
820 2216 964 2270 ἔχουσα
989 2218 1094 2257 ΑΒΙ.
1143 2222 1344 2270 νουνεχῶς
1367 2217 1418 2256 Μ.
1484 2219 1519 2255 2.
1553 2213 1613 2266 δὲ]
1646 2214 1721 2269 γὰρ
1747 2217 1777 2255 Ι.

200 2274 443 2330 Μένανδρος
463 2278 584 2318 Dobr.
599 2278 702 2318 Adv.
716 2278 758 2316 Π
779 2277 884 2329 270]
907 2293 1032 2330 μεναν
1047 2274 1263 2331 (superscr.
1279 2272 1322 2331 δ)
1342 2277 1393 2317 Μ.
1420 2273 1492 2328 μὲν
1511 2274 1657 2328 ἀνδρὸς
1671 2276 1776 2314 ΑΒΙ.

947 2407 1035 2450 600

415 2490 496 2547 οὐχ
529 2490 552 2534 ὁ
584 2492 800 2547 τρόφιμός
832 2501 915 2533 σου
946 2491 1057 2545 πρὸς
1087 2494 1225 2543 θεῶν,
1255 2485 1472 2543 Ὀνήσιμε,

414 2561 438 2605 ὁ
469 2567 556 2605 νῦν
588 2563 702 2618 ἔχων
727 2559 1017 2617 Ἀβροτόνιον
1049 2562 1131 2616 τὴν
1162 2561 1395 2615 ψάλτριαν,

415 2632 540 2690 ἔγημ’
576 2635 779 2690 ἔναγχος;
818 2638 988 2676 ΟΝΗΣ.
1020 2633 1139 2676 πάνυ
1172 2629 1253 2687 μὲν
1285 2627 1379 2673 οὖν.

320 2720 451 2760 Schol.
482 2720 652 2760 Aristot.
685 2735 722 2772 p.
751 2723 819 2770 93,
856 2723 907 2760 13
941 2722 993 2760 τῶ
1025 2717 1097 2771 μὲν
1128 2717 1402 2773 ἐρωτηματικῷ
1434 2719 1565 2768 ταχεῖα
1590 2714 1719 2756 ἕπεται
1751 2712 1777 2766 ἡ

200 2778 426 2833 ἀπόκρισις,
466 2777 520 2828 ὡς
556 2779 663 2832 παρὰ
695 2780 925 2836 Μενάνδρῳ
979 2778 1051 2831 οὐχ
1087 2800 1136 2806 -
1171 2773 1368 2830 ἐναγχος;’
1407 2774 1505 2827 πρὸς
1536 2772 1559 2815 ὃ
1590 2779 1721 2828 ταχεῖα
1751 2773 1776 2827 ἡ

201 2837 407 2893 ἀπόκρισις
438 2838 617 2887 εἰπόντος
649 2835 774 2880 ’πάνυ
806 2838 878 2891 μὲν
910 2834 1012 2879 οὖν’.
1066 2852 1142 2878 om.
1163 2838 1320 2878 nomine
1352 2839 1494 2888 poetae
1515 2835 1639 2875 Walz.
1663 2836 1776 2875 Rhet.

201 2912 330 2951 graec.
357 2900 397 2938 ΙΙ
428 2901 525 2951 289,
555 2901 622 2939 14.
653 2899 730 2938 VII
765 2902 802 2951 3,
837 2902 903 2939 27.
937 2898 1036 2938 VIII
1064 2900 1163 2949 496,
1197 2899 1234 2937 6.
1296 2910 1333 2935 ν.
1367 2899 1387 2935 1
1424 2895 1554 2935 Schol.
1586 2895 1778 2934 Aristidis
