2014 3334
574 248 751 283 ANAPIA
812 248 1144 284 ΑΝΔΡΟΓΤΝΟΣ
1170 251 1205 284 Η
1231 251 1362 285 ΚΡΗΣ
1704 252 1757 294 19

296 359 469 400 Photius
501 365 542 400 et
575 360 720 401 Suidas
757 361 909 413 Λάμια.
972 360 1050 402 ἔστι
1088 360 1130 402 δὲ
1162 361 1228 403 καὶ
1266 362 1378 412 πόλις
1413 365 1628 413 Θεσσαλίας
1660 365 1758 406 ὅθεν

178 416 421 473 ὁρμηθέντες
458 420 501 461 οἷ
527 418 719 473 ‘EM-mteg-
756 420 851 473 μετὰ
888 421 956 461 τὸν
989 419 1252 476 Ἀλεξάνδρου
1289 424 1491 476 θάνατον,
1527 422 1759 477 Ἀθηναίων

176 476 429 534 ἡγουμένων,
460 486 529 533 τῆς
561 480 788 535 ἐλευθερίας
807 480 1160 535 ἀντιποιησάμενοι
1190 482 1258 524 τὸν
1276 481 1534 538 Ἀντίπατρον
1559 484 1759 538 ἐνίκησαν.

175 537 422 594 Μένανδρος
453 537 708 596 Ἀνδρογύνῳ
746 545 822 582 κτλ.
886 543 935 582 of.
973 543 1157 594 Apostol.
1199 546 1272 596 10,
1312 547 1381 585 44.
1443 546 1638 586 Arsenius
1675 548 1758 587 Ion.

177 602 276 642 332.
297 623 354 629 —
373 600 526 653 πλήσας
545 602 664 642 Phot.
685 602 828 654 Apost.
849 604 889 643 et
908 603 1016 642 ABE
1045 602 1175 654 said]
1216 603 1367 656 πλήξας
1397 606 1467 645 rel.
1490 606 1598 646 Suid.
1630 606 1760 655 πάσας

174 659 320 701 Arsen.
375 660 534 714 ἔφερεν]
569 660 758 715 ἔφθειρεν
790 663 900 702 Suid.
929 664 1075 714 Apost.
1107 660 1263 716 ἐ’φθειρ’
1302 665 1552 717 Bernhardy.
1608 666 1761 718 πλήσας

174 719 398 774 παρέφερεν
430 722 479 761 Η.
511 722 647 762 Iacobi
679 722 716 760 V
747 735 888 763 CCan
918 724 1020 763 conl.
1053 724 1157 763 Plat.
1191 737 1289 764 com.
1325 727 1398 776 71,
1437 739 1515 778 quo
1553 739 1634 766 non
1668 728 1759 777 plus

176 781 227 821 ad
257 781 575 880 ilntellegendum
593 795 755 823 versum
774 783 985 834 proficitur
1005 797 1126 835 quam
1153 784 1210 823 eis
1237 798 1340 836 quae
1365 786 1522 836 profert
1553 786 1761 829 Herwerd.

176 842 292 881 Ana.
324 842 412 882 crit.
446 844 512 883 38.
724 860 728 862 “

939 935 996 980 53

390 1018 440 1061 τὸ
472 1019 557 1076 γὰρ
589 994 788 1075 σύνηθες
820 1019 1024 1076 οὐδαμοῦ
1054 1019 1320 1078 παροπτέον.

295 1104 493 1145 Stobaeus
525 1107 663 1147 Floril.
685 1109 754 1157 44,
789 1109 813 1147 5
847 1107 1098 1161 Μενάνδρου
1125 1104 1380 1165 Ἀνδρογύνῳ
1412 1109 1461 1149 A.
1494 1123 1571 1149 om.
1598 1110 1759 1150 fabulae

173 1164 296 1205 titulo
329 1165 477 1207 Anton.
508 1166 600 1207 Mel.
634 1169 718 1208 102
751 1182 788 1218 p.
813 1169 908 1208 168.
966 1169 1015 1208 cf.
1045 1170 1142 1208 726.

939 1284 998 1328 54

391 1367 671 1423 μαρτύρομαι
702 1367 781 1411 τὸν
812 1370 976 1424 φίλιον,
1010 1365 1044 1411 ὦ
1077 1369 1283 1427 Κράτων,
1315 1371 1419 1413 Δία.

296 1453 466 1493 Photius
493 1456 534 1493 et
560 1454 705 1494 Suidas
737 1454 869 1505 φίλιος
903 1451 1055 1510 (Ζεύς),
1087 1454 1107 1495 ὁ
1139 1455 1186 1495 τὰ
1217 1455 1306 1510 περὶ
1337 1455 1406 1504 τὰς
1437 1458 1572 1508 φιλίας
1603 1456 1759 1498 ἐπισκο-

175 1518 275 1552 πῶν.
325 1511 570 1567 Μένανδρος
597 1510 854 1572 Ἀνδρογύνῳ
880 1518 958 1556 κτλ.
1008 1515 1267 1570 μαρτύρωμαι
1292 1515 1360 1556 τὸν
1386 1517 1506 1568 φίλον
1538 1519 1623 1558 cod.
1644 1518 1759 1558 Phot.

939 1634 997 1676 55

391 1717 568 1758 Μυσῶν
600 1706 782 1772 ἔσχατος
811 1714 1022 1772 πολέμιος

297 1800 428 1842 Schol.
459 1802 618 1842 Platon.
651 1805 734 1843 367
768 1803 895 1843 Bekk.
939 1805 1102 1843 Μυσῶν
1134 1802 1294 1856 ἔσχατος
1332 1803 1395 1844 ἐπὶ
1426 1810 1505 1844 τῶν
1538 1804 1757 1846 εὐτελεστά-

175 1876 255 1900 των
287 1893 296 1901 .
317 1893 325 1901 .
346 1893 356 1903 .
388 1860 634 1915 Μένανδρος
665 1859 920 1920 Ἀνδρογύνῳ
958 1866 1036 1904 κτλ.
1104 1864 1285 1915 Append.
1323 1865 1415 1905 Vat.
1447 1865 1468 1904 I
1508 1868 1562 1906 64
1602 1864 1760 1918 ἔσχατος

176 1922 350 1961 Μυσῶν.
371 1920 562 1974 μέμνηται
581 1922 725 1974 ταύτης
741 1922 997 1975 Μένανδρος.
1052 1937 1154 1975 quae
1174 1927 1312 1964 tamen
1332 1926 1455 1965 etiam
1475 1926 1526 1964 ad
1545 1926 1760 1976 Ephesium

175 1984 346 2032 possunt]
376 1983 589 2033 pertinere.
652 1985 700 2023 cf.
736 1985 833 2023 199.
869 1986 965 2024 751.
997 1985 1173 2035 Magnet.
1207 1986 1246 2024 5.
1278 1985 1446 2025 Philem.
1483 1988 1549 2026 77.

939 2101 996 2144 56

295 2186 531 2226 Athenaeus
564 2189 608 2238 6,
648 2188 772 2227 243b
814 2187 1057 2239 μνημονεύει
1089 2184 1371 2243 (Μένανδρος)
1405 2186 1530 2228 αὐτοῦ
1558 2187 1758 2243 (Χαιρε-

177 2251 367 2297 φῶντος
397 2252 481 2287 τοῦ
512 2244 800 2301 παρασίτου)
831 2245 899 2287 καὶ
930 2246 972 2288 ἐν
1000 2244 1255 2305 Ἀνδρογύνῳ
1286 2246 1313 2301 ’ἢ
1345 2249 1483 2302 Κρητί.

940 2365 995 2408 57

296 2450 427 2490 Schol.
470 2450 564 2502 Lys.
611 2453 695 2491 378
740 2449 829 2504 περὶ
872 2451 1121 2505 γαμηλίων
1169 2455 1382 2506 λουτρῶν
1426 2444 1671 2504 Μένανδρος
1716 2450 1759 2491 ἐν

175 2510 306 2563 Κρητί
334 2521 444 2562 φησι.
506 2510 637 2563 Κρητί
665 2510 840 2562 Alber‘n.]
873 2511 1023 2568 Κρήτῃ.

935 2628 993 2672 58

295 2714 427 2754 Schol.
460 2714 557 2753 Ven.
594 2714 712 2754 Hom.
750 2715 796 2754 Il.
833 2717 906 2766 13,
940 2717 1022 2755 291
1070 2713 1136 2754 καὶ
1175 2713 1195 2754 ὁ
1233 2715 1391 2762 Λυσίας
1428 2713 1496 2754 τὸν
1530 2710 1758 2767 Ἰφικράτην

174 2777 286 2814 ποιεῖ
315 2772 478 2828 λέγοντα
508 2770 728 2827 “τραύματα
765 2773 864 2827 ἔχων
902 2773 975 2827 οὐχ
1011 2772 1153 2827 ἑτέρων
1190 2771 1251 2814 ἐπ’
1288 2772 1353 2827 ἐμὲ
1391 2771 1634 2827 ἐρχομένων,
1671 2770 1754 2814 ἀλλ’

176 2832 294 2882 αὐτὸς
319 2828 489 2875 ἑπιώνῗ
522 2832 796 2888 ἀνδρογύης
833 2833 911 2874 καὶ
949 2830 1006 2874 ἔτ’
1048 2832 1184 2887 ὀλίγα
1221 2834 1468 2887 τραύματα
1500 2833 1758 2882 ἐξόπισθεν

176 2891 292 2946 ἔχων
323 2899 405 2947 τῆς
438 2894 618 2942 δειλίας
650 2898 822 2947 σημεῖα
852 2893 931 2934 καὶ
963 2892 1069 2946 οὐχὶ
1107 2899 1189 2934 τοῦ
1230 2894 1456 2947 θράσους.
1520 2895 1662 2934 comici
1693 2894 1758 2934 vel

175 2954 320 3006 tragici
363 2957 507 3005 poetae
552 2955 617 2994 hic
660 2967 823 2995 versum
866 2956 994 2994 latere
1038 2954 1233 2994 indicavit
1281 2955 1401 2994 Mein.
1441 2954 1534 2994 Cur.
1567 2955 1644 2993 orit
1689 2955 1756 2993 34.

1421 3021 1470 3056 2*
