2014 3334
0 1802 31 2502 *ffugwwmaewa
0 1763 7 1786 ““
0 1744 2 1746 ”
0 1719 10 1729 '⁵
0 1688 13 1707 Ἰ
0 1671 2 1674 ’

0 2503 26 2708 ῑῆἶῖᾞῖῒψῖυέ*

0 2843 11 2863 ⁷*
0 2709 24 2834 ‘ww-x

867 252 1094 287 Hmoxox
1715 249 1772 291 59

185 367 365 408 secundis
397 365 497 404 alios
523 366 719 405 miserari.
771 360 808 404 δ’
838 362 859 404 ὅ
885 362 1020 412 κοινὸς
1046 365 1248 404 Duebner.
1284 365 1391 416 apud
1410 365 1531 404 Both.
1565 360 1776 404 ‘humanus

184 429 226 467 ot
262 438 409 476 aequus
448 420 662 465 omnibus’.
713 423 834 464 ἐλεεῖν
873 421 909 464 δ’
952 423 1127 472 ἐλεινοὺς
1163 447 1213 451 -
1257 423 1411 477 ἀτυχῶν
1443 425 1649 464 Herword.
1681 423 1775 464 obs.

181 487 272 528 erit.
291 488 374 526 86.
437 484 559 525 ἐλεεῖν
593 481 630 524 δ’
667 483 833 533 ἐλεεινὸς
874 483 1025 553 ἔμαθεν
1057 483 1775 537 sz’aewx.Heimsoeth.1nd.Bonn.

185 548 299 588 1867
335 548 434 586 aest.
466 559 537 586 v11.
576 547 744 585 frustra.
813 545 1005 597 coniungi
1042 547 1216 596 possunt
1246 559 1283 586 v.
1321 549 1339 584 1
1377 547 1418 584 et
1452 547 1496 597 2,
1535 545 1570 584 si
1602 558 1694 584 cum
1724 544 1774 583 H.

181 606 317 649 Iacobi
352 606 390 645 V
424 619 536 646 Gonu
568 606 752 646 ordinem
781 606 958 645 inmutes
993 601 1052 661 (2.
1082 600 1139 660 1).
1205 607 1242 644 3.
1269 606 1469 657 quomodo
1501 618 1584 644 una
1616 605 1664 644 de
1696 605 1774 644 vir-

183 668 343 708 tutibus
374 668 440 707 vel
472 668 556 706 sola
587 666 720 707 virtus
747 666 827 705 dici
857 667 987 718 possit
1017 663 1086 705 τὸν
1118 663 1270 706 ἄτοπον
1295 666 1361 705 vel
1393 663 1466 716 τὴν
1496 663 1665 705 ἀτοπίαν
1698 659 1775 720 (sio

183 728 291 768 onim
309 727 604 778 interpretatur
625 727 797 766 Meinek.
817 726 903 766 IIII
929 720 1036 781 368)
1056 726 1198 779 fugero
1224 739 1304 765 non
1330 726 1459 765 video.
1490 738 1634 766 verum
1655 725 1776 764 enim-

183 801 280 829 vero
311 801 393 827 una
423 787 554 828 virtus
588 789 650 826 est
682 800 840 838 semper
870 788 1012 839 fugere
1045 787 1260 826 iniustum:
1299 786 1437 838 itaque
1470 798 1545 825 sor.
1577 782 1777 825 τᾶδικον

183 846 246 903 (τὸ
278 845 429 888 ἄτοπον
459 843 649 902 monost.)
682 847 846 901 φεύγειν
878 845 951 887 ἀεί.

901 971 903 973 ’
935 953 1025 996 204

688 1026 769 1068 τὸν
802 1022 851 1068 δὲ
883 1023 1005 1068 παῖδ’
1045 1022 1144 1068 οὐδ’
1183 1025 1378 1081 εἴδομεν,

474 1093 571 1141 ἀλλ’
608 1097 814 1154 ἁρπαγὴν
848 1097 967 1156 αὐτῷ
1001 1096 1395 1153 κατασκευάζομεν.

306 1187 544 1226 Ammonius
572 1188 626 1225 22
661 1183 858 1239 ἁρπαγή.
909 1183 1017 1236 ,τὴν
1050 1182 1145 1236 μετὰ
1170 1185 1261 1237 βίας
1287 1183 1499 1237 ἀφαίρεσιν
1532 1182 1753 1235 δηλώσει..

186 1245 253 1286 καὶ
282 1245 391 1299 παρὰ
425 1245 657 1320 Μενάνδρῳ
689 1276 699 1285 .
726 1276 735 1285 .
762 1276 771 1285 .
804 1244 847 1285 ἐν
872 1242 1045 1303 εΗνιόχῳ
1077 1248 1156 1285 κτλ.
1217 1260 1255 1285 v.
1290 1247 1314 1284 2
1348 1245 1595 1284 Baehmann.
1624 1245 1778 1284 Anecd.

187 1309 286 1359 376,
321 1309 375 1347 25
410 1304 569 1360 ἁρπαγή
608 1303 634 1358 ἡ
673 1305 768 1358 μετὰ
806 1306 895 1359 βίας
927 1305 1157 1358 ἀφαίρεσις,
1196 1303 1354 1359 ἁρπάγη
1395 1302 1438 1344 δὲ
1479 1303 1521 1344 τὸ
1553 1302 1779 1359 άγκιστρον,

726 1365 1037 1381 ἱῖἱῖἱῖἱῖ

184 1428 403 1467 Herodian.
435 1428 455 1466 I
490 1429 594 1479 304,
630 1429 667 1467 6.
702 1430 739 1467 7.
771 1427 812 1467 II
846 1429 948 1476 856,
985 1429 1053 1467 32.
1087 1429 1125 1467 3.
1191 1429 1228 1466 1.
1269 1423 1357 1466 οὐδ’
1402 1425 1561 1477 εἴδομεν
1598 1426 1781 1478 Heringa

188 1487 282 1528 obs.
317 1486 421 1538 286]
456 1486 505 1527 οὐ
539 1487 714 1539 δίδομεν.
760 1486 810 1527 οὐ
837 1486 1026 1539 διήσομεν
1054 1484 1147 1527 ‘non
1179 1482 1501 1527 tremsmittemus'
1535 1487 1656 1526 Mein.
1690 1499 1778 1526 sen-

185 1549 339 1588 tentiae
372 1548 502 1600 magis
545 1549 759 1588 convenire
791 1548 955 1588 videtur
1001 1546 1086 1600 οὐχ
1129 1546 1320 1599 εἵλομεν
1362 1560 1442 1587 non
1487 1550 1668 1597 cepimus,
1711 1547 1780 1586 sed

189 1611 380 1659 capturos
413 1621 499 1649 esse
532 1621 753 1659 speramus.
818 1611 855 1648 2.
887 1600 1074 1662 ἁρπαγὴν
1107 1609 1301 1647 Valcken.
1333 1608 1434 1647 conl.
1468 1607 1689 1658 Antiphan.
1713 1609 1780 1658 74,

189 1667 235 1720 3]
269 1666 466 1723 ἆρπάγην.

942 1749 1033 1793 205

1057 1818 1122 1865 ὧν
1155 1819 1204 1864 δὲ
1236 1822 1294 1878 μὴ
1328 1826 1469 1872 αἴτιος
1498 1822 1677 1878 τρόπος,

367 1895 422 1938 τά
453 1892 494 1951 γ’
529 1894 615 1938 ἀπὸ
647 1900 725 1951 τῆς
755 1895 891 1951 τύχης
922 1893 1079 1951 φέρειν
1112 1895 1184 1937 δεῖ
1211 1896 1407 1950 γνησίως
1437 1894 1517 1937 τὸν
1549 1893 1720 1948 εὐγενῆ.

310 1982 508 2023 Stobaeus
536 1983 676 2022 Floril.
710 1984 807 2035 108,
841 1984 896 2026 45
932 1981 1183 2051 Μενάνδρου
1209 1978 1381 2038 Ηνιόχῳ
1413 1982 1462 2020 A.
1528 1984 1564 2020 1.
1598 1979 1651 2032 μή
1680 1976 1781 2019 ’στιν

188 2044 308 2083 Mein.
373 2045 410 2082 2.
448 2042 489 2082 τό
521 2039 559 2096 γ’
596 2041 674 2082 ἀπὸ
708 2044 755 2082 Α.
817 2041 918 2082 τάπὸ
955 2043 1075 2082 Mein.
1113 2043 1155 2082 in
1194 2044 1254 2081 ed.
1294 2042 1405 2081 Stob.
1442 2042 1650 2081 trimetros
1689 2054 1780 2080 con-

192 2104 330 2144 stituit
356 2103 522 2144 Grotius
555 2097 612 2142 ὧν
645 2100 688 2142 δὲ
714 2101 768 2155 μὴ
795 2102 939 2156 τρόπος
966 2102 1103 2154 αι’τιος,
1131 2100 1137 2155 Ι
1164 2101 1211 2142 τὰ
1243 2101 1362 2155 τύχης
1388 2086 1485 2141 κτλ.
1511 2114 1675 2151 quorum
1704 2113 1783 2140 non

188 2165 355 2204 hominis
398 2165 598 2215 inqenium
642 2165 798 2213 culpam
836 2165 1015 2209 sustinet,
1060 2165 1169 2203 mala
1201 2177 1226 2203 α
1269 2165 1429 2212 fortuna
1476 2163 1586 2201 nobis
1632 2163 1783 2209 inflicta

190 2226 294 2274 ferre
334 2226 437 2264 decet
471 2225 663 2264 hominem
700 2226 921 2274 inqenuum.
985 2224 1139 2263 seilicet
1171 2237 1272 2275 quae
1312 2225 1454 2263 nostra
1485 2223 1607 2273 eulpa
1637 2221 1782 2260 animis

190 2285 315 2324 insita
354 2286 448 2324 sunt
485 2284 606 2332 vitia,
639 2297 687 2323 ea
716 2298 799 2324 non
829 2284 928 2323 ferri
968 2284 1036 2323 sod
1069 2284 1285 2335 exstirpari
1315 2284 1441 2323 iubet.
1475 2304 1530 2309 —-
1564 2295 1654 2322 cum
1685 2296 1722 2322 v.
1756 2283 1781 2320 2

191 2345 412 2396 Antiphan.
451 2347 535 2384 281
576 2345 750 2384 contulit
788 2344 1026 2384 Meinokius.
1066 2358 1165 2384 com.
1208 2357 1325 2384 anon.
1365 2344 1512 2383 Athen.
1548 2343 1620 2395 10,
1660 2343 1782 2382 4580

193 2404 318 2456 σοφός
350 2403 453 2444 ἐστιν
486 2402 507 2444 ὁ
540 2402 674 2458 φέρων
705 2403 807 2445 τάπὸ
839 2409 909 2457 τῆς
940 2404 1060 2457 τύχης
1091 2407 1233 2452 καλῶς.

946 2522 1035 2565 206

482 2581 789 2638 αὐτολήκυθοι

313 2688 323 2698 .
349 2688 358 2697 .
385 2687 395 2698 .
427 2657 469 2697 τὸ
508 2655 637 2710 ὄνομα
673 2655 740 2697 καὶ
776 2655 885 2710 παρὰ
918 2657 1151 2714 Μενάνδρῳ
1184 2655 1228 2696 ἕν
1259 2671 1298 2696 τε
1323 2653 1494 2712 Ἦνιόχῳ
1526 2653 1593 2694 καὶ
1625 2655 1782 2694 Δακτυ-

193 2718 273 2775 λίῳ.
324 2718 634 2769 Harpocration.
697 2719 746 2758 cf.
782 2719 879 2758 105.
920 2718 1143 2769 Antiphan.
1179 2719 1246 2756 16.

947 2836 1033 2878 207

481 2901 722 2952 παρῶμμαι

315 2969 359 3010 ἐν
390 2969 595 3027 ὑπεροψίᾳ
626 2970 717 3022 εἰμί.
768 2967 1013 3023 Μένανδρος
1038 2965 1230 3027 “Ηνιόχῳ.
1282 2968 1463 3009 Photius.
1495 2964 1665 3019 ἡνιόβωι
1696 2966 1781 3005 cod.
