2014 3334
615 264 892 300 ΣῙΚΤΩΝΙΟΣ
919 285 962 292 -
990 266 1357 303 ΣΤΝΑΡῙΣΤΩΣΑΙ
1691 268 1779 314 129

311 375 436 417 Orion
467 376 714 428 Anthologn.
752 379 794 428 1,
829 380 882 418 17
922 377 966 419 ἐκ
1002 385 1082 419 τῶν
1121 382 1380 433 Στρατιωτῶν
1411 381 1673 436 Μενάνδρου.
1742 387 1777 423 1.

189 434 354 489 ἀπορῶν
380 436 428 476 Κ.
459 437 564 476 Mus.
590 437 664 476 Rh.
691 437 802 476 XXX
827 440 927 478 410.
963 438 1036 490 11]
1070 437 1185 493 ὁρῶν.
1248 443 1296 481 cf.
1326 444 1424 494 301,
1460 445 1511 482 11
1546 446 1588 483 et
1613 444 1661 483 de
1689 456 1775 484 sen-

190 496 321 537 tentia.
355 498 481 537 1096.
531 495 632 550 ἒρῶν
664 497 817 537 Nauck.
851 498 1002 540 Bullet.
1034 499 1212 540 Petersb.
1247 501 1325 541 XII
1359 503 1458 542 514.

933 628 1021 671 448

477 707 626 760 οὐδεὶς
658 708 866 761 ξύνοιδεν
898 710 1212 769 ἐξαμαρτάνων
1242 715 1385 756 πόσον

476 779 720 838 ἁμαρτάνει
750 782 800 825 τὸ
834 781 1038 838 μέγεθος,
1070 783 1262 841 ὕστερον
1294 783 1336 827 δ’
1373 785 1470 844 ὁρᾷ.

310 866 511 907 Stobaeus
531 868 670 908 Floril.
692 870 730 919 4,
755 871 777 909 7
811 874 883 910 τοῦ
914 869 1039 910 αὐτοῦ
1066 865 1336 925 (Μενάνδρου
1359 867 1405 927 6)
1437 873 1703 926 Στρατιώταις
1727 876 1774 915 Α.

191 930 226 967 1.
259 925 355 967 ὅσον
385 928 507 967 Mein.
540 928 650 969 Stob.
682 929 703 969 I
733 942 804 969 ΧΠ.
915 948 919 953 s

798 1058 1166 1094 ΣΤΝΑΡΙΣΤΩΣΑΙ

142 1162 145 1165 .
306 1130 453 1172 Pollux
474 1134 512 1183 6,
535 1135 617 1172 101
652 1131 695 1173 τὸ
715 1133 966 1186 Μενάνδρου
993 1135 1126 1187 δρᾶμα
1143 1138 1459 1188 Συναριστώσαι.
1500 1137 1774 1187 Synaristosae

187 1191 352 1232 fuerunt
383 1191 550 1232 Caecilii
583 1193 716 1233 Statii.
769 1193 813 1234 O.
846 1195 962 1235 Ribb.
996 1194 1105 1235 Com.
1138 1197 1184 1235 R.
1217 1193 1285 1236 fr.²
1317 1199 1384 1236 68.

932 1325 1020 1367 449

831 1432 839 1435 -
895 1404 1042 1465 ’Ἐρως
1074 1406 1124 1452 δὲ
1155 1416 1245 1452 τῶν
1276 1394 1400 1453 θεῶν

402 1479 532 1534 ἰσχὺν
564 1480 678 1535 ἔχων
710 1481 923 1535 πλείστην
955 1478 1026 1523 ἐπὶ
1057 1482 1223 1524 τούτου
1256 1482 1501 1525 δείκνυται·

403 1550 478 1593 διὰ
508 1556 671 1594 τοῦτον
702 1550 962 1609 ἐπιορκοῦσι
993 1554 1099 1603 τοὺς
1130 1554 1294 1604 ἄλλους
1324 1555 1473 1605 θεούς.

305 1614 503 1678 Stebaeus
523 1638 664 1678 Floril.
687 1640 755 1690 63,
783 1640 837 1680 15
869 1638 1120 1694 Μενάνδρου
1151 1640 1479 1694 Συναριστώσαις
1499 1643 1546 1681 A.
1611 1645 1649 1682 2.
1680 1642 1771 1682 τού-

182 1708 265 1744 τοις
295 1696 342 1737 Β.
391 1698 517 1738 miror
554 1711 626 1738 cur
663 1710 744 1739 non
780 1700 1036 1742 numerosius
1075 1701 1281 1753 scripserit
1319 1700 1432 1754 ἰσχὺν
1465 1699 1529 1741 ἐπὶ
1559 1701 1702 1742 τούτου
1735 1703 1771 1742 δ.

182 1758 257 1796 πλ,
278 1755 390 1810 ἔχων.
421 1800 434 1816 t

933 1853 1024 1896 450

939 1935 1118 1979 ἀστεῖον
1150 1936 1199 1979 τὸ
1232 1937 1290 1992 μὴ

399 2005 613 2061 συνάγειν
644 2014 861 2062 γυναῖκας
891 2004 1003 2063 μηδὲ
1036 2008 1275 2060 δειπνίζειν
1307 2009 1456 2065 ὄχλον,

398 2076 495 2139 ἀλλ’
533 2079 784 2130 οἰκοσίτους
813 2081 920 2130 τοὺς
951 2079 1120 2136 γάμους
1151 2081 1448 2136 πεποιηκέναι.

301 2164 538 2219 Athenaeus
571 2168 608 2216 6,
642 2167 741 2207 247.
774 2167 800 2206 8
845 2163 1091 2220 Μένανδρος
1121 2197 1131 2206 .
1164 2197 1174 2206 .
1207 2197 1216 2206 .
1249 2165 1292 2207 ἕν
1322 2167 1649 2220 Συναριστώσαις
1688 2168 1766 2221 ἔφη

181 2226 260 2263 κτλ.
325 2226 362 2264 3.
387 2225 412 2264 i.
434 2239 465 2266 e.
493 2225 567 2266 vili
603 2225 736 2277 pretio
766 2226 933 2278 nuptias
964 2228 1199 2277 celebrasse,
1230 2228 1344 2267 nullo
1377 2228 1552 2269 invitato
1583 2229 1662 2268 nisi
1695 2230 1766 2280 qui

181 2282 233 2322 ad
266 2285 462 2324 familiam
493 2287 728 2336 pertineret.
776 2287 826 2327 cf.
857 2287 1080 2338 Antiphan.
1113 2289 1212 2327 200.

932 2415 1016 2457 451

397 2496 454 2540 ἂν
485 2499 548 2540 ἔτι
578 2505 699 2541 πιεῖν
730 2514 806 2554 μοι
838 2499 902 2556 δῷ
934 2514 1011 2549 τις.
1062 2502 1110 2543 Β.
1144 2498 1239 2542 ἀλλ’
1275 2498 1302 2554 ἡ
1335 2499 1562 2555 βάρβαρος

395 2569 486 2625 ἅμα
515 2575 569 2626 τῇ
600 2569 788 2627 τραπέζῃ
818 2569 893 2614 καὶ
923 2571 1003 2614 τὸν
1035 2567 1163 2613 οἶνον
1194 2569 1331 2629 ᾤχετο

396 2639 525 2698 ἅρασ’
561 2640 638 2697 ἀφ’
676 2641 814 2698 ἡμῶν.

301 2728 472 2767 Bekker.
504 2729 653 2768 Anecd.
687 2731 786 2780 358,
822 2731 877 2769 10
918 2732 960 2769 et
998 2729 1144 2769 Suidas
1189 2728 1315 2781 αἴρειν
1346 2727 1560 2780 τράπεζαν·
1593 2727 1656 2767 ἐπὶ
1688 2735 1759 2769 τοῦ

179 2785 474 2839 παρακειμένην
506 2786 668 2839 ἀφελεῖν
698 2786 771 2840 τὴν
803 2788 1009 2842 τράπεζαν.
1072 2786 1315 2841 Μένανδρος
1341 2818 1351 2827 .
1371 2817 1380 2827 .
1400 2817 1411 2827 .
1435 2788 1761 2839 Συναριστώσαις

177 2849 256 2886 κτλ.
354 2851 388 2887 1.
420 2849 463 2886 Β.
497 2848 587 2889 add.
614 2847 709 2888 Cob.
737 2849 786 2888 N.
814 2850 839 2888 1.
875 2851 942 2888 24.
1017 2847 1304 2900 συαριστώσαις
1341 2848 1426 2888 cod.
1459 2848 1586 2886 Bekk.
1621 2846 1671 2887 ἂν
1709 2871 1745 2876 -

181 2905 238 2962 δῷ
268 2920 327 2954 τις
357 2907 587 2958 pendebant
611 2921 635 2947 a
666 2908 800 2948 verbis
832 2922 935 2960 quae
968 2909 1075 2959 apud
1105 2910 1267 2959 poetam
1299 2907 1608 2958 praecedebant:
1655 2909 1758 2959 quod

179 2979 321 3006 moneo
353 2970 495 3007 eontra
525 2968 563 3007 Ν
566 2968 746 3019 aberum,
780 2969 924 3008 Mnem.
955 2981 1045 3008 nov.
1078 2967 1179 3007 VIII
1211 2969 1309 3008 419.

252 3038 368 3066 Comici
388 3039 501 3074 graeei,
521 3040 567 3068 ed.
586 3041 640 3068 Th.
658 3041 755 3068 Kook.
774 3042 833 3068 111.
1451 3036 1472 3068 9
