<?xml version="1.0" encoding="UTF-8"?>
<!DOCTYPE html PUBLIC "-//W3C//DTD XHTML 1.0 Transitional//EN"
    "http://www.w3.org/TR/xhtml1/DTD/xhtml1-transitional.dtd">
<html xmlns="http://www.w3.org/1999/xhtml" xml:lang="en" lang="en">
 <head>
  <title>
</title>
<meta http-equiv="Content-Type" content="text/html;charset=utf-8" />
  <meta name='ocr-system' content='tesseract 3.04.00' />
  <meta name='ocr-capabilities' content='ocr_page ocr_carea ocr_par ocr_line ocrx_word'/>
</head>
<body>
  <div class='ocr_page' id='page_1' title='image "./comicorumatticor03kockuoft_0364.png"; bbox 0 0 2014 3334; ppageno 0'>
   <div class='ocr_carea' id='block_1_1' title="bbox 247 238 1208 281">
    <p class='ocr_par' dir='ltr' id='par_1_1' title="bbox 247 238 1208 281">
     <span class='ocr_line' id='line_1_1' title="bbox 247 238 1208 281; baseline -0.01 0"><span class='ocrx_word' id='word_1_1' title='bbox 247 238 335 281; x_wconf 85' lang='lat'><strong><em>344</em></strong></span> <span class='ocrx_word' id='word_1_2' title='bbox 632 273 634 276; x_wconf 85' lang='grc'><strong><em>,</em></strong></span> <span class='ocrx_word' id='word_1_3' title='bbox 857 239 1208 273; x_wconf 78' lang='grc' dir='ltr'>ΠΟΣΕΙΔΙΠΠΟΤ</span> 
     </span>
    </p>
   </div>
   <div class='ocr_carea' id='block_1_2' title="bbox 249 349 1849 939">
    <p class='ocr_par' dir='ltr' id='par_1_2' title="bbox 249 349 1849 939">
     <span class='ocr_line' id='line_1_2' title="bbox 251 349 1812 401; baseline 0.001 -11"><span class='ocrx_word' id='word_1_4' title='bbox 251 364 396 401; x_wconf 85' lang='lat' dir='ltr'><strong>pompa</strong></span> <span class='ocrx_word' id='word_1_5' title='bbox 422 352 462 389; x_wconf 89' lang='lat' dir='ltr'><strong><em>et</em></strong></span> <span class='ocrx_word' id='word_1_6' title='bbox 486 349 701 390; x_wconf 81' lang='lat' dir='ltr'><strong>iactatione</strong></span> <span class='ocrx_word' id='word_1_7' title='bbox 729 350 834 400; x_wconf 85' lang='lat' dir='ltr'><strong>quod</strong></span> <span class='ocrx_word' id='word_1_8' title='bbox 860 362 960 401; x_wconf 89' lang='lat' dir='ltr'><strong>opus</strong></span> <span class='ocrx_word' id='word_1_9' title='bbox 980 351 1041 390; x_wconf 85' lang='lat' dir='ltr'><strong><em>est</em></strong></span> <span class='ocrx_word' id='word_1_10' title='bbox 1067 350 1177 391; x_wconf 79' lang='lat' dir='ltr'><strong>facit.</strong></span> <span class='ocrx_word' id='word_1_11' title='bbox 1217 353 1396 391; x_wconf 83' lang='lat' dir='ltr'><strong>attamen</strong></span> <span class='ocrx_word' id='word_1_12' title='bbox 1428 351 1679 392; x_wconf 76' lang='lat' dir='ltr'><strong>scribendum</strong></span> <span class='ocrx_word' id='word_1_13' title='bbox 1704 352 1812 392; x_wconf 80' lang='lat' dir='ltr'><strong>vide-</strong></span> 
     </span>
     <span class='ocr_line' id='line_1_3' title="bbox 253 408 1849 464; baseline 0.002 -16"><span class='ocrx_word' id='word_1_14' title='bbox 253 414 323 449; x_wconf 87' lang='lat' dir='ltr'><strong><em>tur</em></strong></span> <span class='ocrx_word' id='word_1_15' title='bbox 356 408 605 462; x_wconf 80' lang='grc' dir='ltr'><strong><em>ἆπλήγιον.</em></strong></span> <span class='ocrx_word' id='word_1_16' title='bbox 656 411 704 449; x_wconf 87' lang='lat' dir='ltr'><strong><em>ef.</em></strong></span> <span class='ocrx_word' id='word_1_17' title='bbox 736 410 879 460; x_wconf 89' lang='lat' dir='ltr'><strong>Eupol.</strong></span> <span class='ocrx_word' id='word_1_18' title='bbox 913 411 980 450; x_wconf 84' lang='lat'><strong><em>22.</em></strong></span> <span class='ocrx_word' id='word_1_19' title='bbox 1069 411 1134 450; x_wconf 86' lang='lat'><strong><em>14.</em></strong></span> <span class='ocrx_word' id='word_1_20' title='bbox 1166 411 1214 450; x_wconf 83' lang='lat' dir='ltr'><strong><em>of.</em></strong></span> <span class='ocrx_word' id='word_1_21' title='bbox 1245 411 1368 452; x_wconf 84' lang='lat' dir='ltr'><strong>Arist.</strong></span> <span class='ocrx_word' id='word_1_22' title='bbox 1388 411 1509 462; x_wconf 85' lang='lat' dir='ltr'><strong>Vesp.</strong></span> <span class='ocrx_word' id='word_1_23' title='bbox 1541 413 1638 451; x_wconf 88' lang='lat'>450.</span> <span class='ocrx_word' id='word_1_24' title='bbox 1689 426 1815 464; x_wconf 84' lang='grc' dir='ltr'><strong><em>παρα·</em></strong></span> <span class='ocrx_word' id='word_1_25' title='bbox 1845 429 1849 432; x_wconf 70' lang='grc'><strong>-</strong></span> 
     </span>
     <span class='ocr_line' id='line_1_4' title="bbox 249 465 1815 525; baseline 0.002 -17"><span class='ocrx_word' id='word_1_26' title='bbox 249 469 407 525; x_wconf 74' lang='grc' dir='ltr'><strong><em>βάλλης,</em></strong></span> <span class='ocrx_word' id='word_1_27' title='bbox 439 468 568 520; x_wconf 82' lang='grc' dir='ltr'><strong><em>ὥσπερ</em></strong></span> <span class='ocrx_word' id='word_1_28' title='bbox 609 468 664 516; x_wconf 87' lang='grc' dir='ltr'><strong><em>εἰς</em></strong></span> <span class='ocrx_word' id='word_1_29' title='bbox 695 469 897 509; x_wconf 89' lang='grc' dir='ltr'><strong><em>κίνδυνον.</em></strong></span> <span class='ocrx_word' id='word_1_30' title='bbox 979 471 1044 510; x_wconf 88' lang='grc'><strong><em>17.</em></strong></span> <span class='ocrx_word' id='word_1_31' title='bbox 1077 465 1185 509; x_wconf 70' lang='lat' dir='ltr'><strong><em>tnam</em></strong></span> <span class='ocrx_word' id='word_1_32' title='bbox 1213 472 1335 519; x_wconf 71' lang='lat' dir='ltr'><strong><em>pldne</em></strong></span> <span class='ocrx_word' id='word_1_33' title='bbox 1371 475 1539 511; x_wconf 76' lang='lat' dir='ltr'><strong><em>extrema</em></strong></span> <span class='ocrx_word' id='word_1_34' title='bbox 1573 471 1726 511; x_wconf 73' lang='lat' dir='ltr'><strong><em>nostrae</em></strong></span> <span class='ocrx_word' id='word_1_35' title='bbox 1762 475 1815 511; x_wconf 74' lang='lat' dir='ltr'><strong><em>est</em></strong></span> 
     </span>
     <span class='ocr_line' id='line_1_5' title="bbox 251 526 1815 584; baseline 0.001 -16"><span class='ocrx_word' id='word_1_36' title='bbox 251 531 348 568; x_wconf 74' lang='lat' dir='ltr'><strong><em>artis</em></strong></span> <span class='ocrx_word' id='word_1_37' title='bbox 380 530 495 573; x_wconf 64' lang='lat' dir='ltr'><strong><em>linea,</em></strong></span> <span class='ocrx_word' id='word_1_38' title='bbox 528 530 640 576; x_wconf 72' lang='lat' dir='ltr'><em>quasi</em></span> <span class='ocrx_word' id='word_1_39' title='bbox 666 530 770 568; x_wconf 66' lang='lat' dir='ltr'><strong>circa</strong></span> <span class='ocrx_word' id='word_1_40' title='bbox 786 532 947 577; x_wconf 72' lang='lat' dir='ltr'><strong>portum</strong></span> <span class='ocrx_word' id='word_1_41' title='bbox 970 529 1074 568; x_wconf 69' lang='lat' dir='ltr'><strong>recta</strong></span> <span class='ocrx_word' id='word_1_42' title='bbox 1093 530 1135 568; x_wconf 76' lang='lat' dir='ltr'><strong><em>in</em></strong></span> <span class='ocrx_word' id='word_1_43' title='bbox 1166 542 1207 569; x_wconf 86' lang='lat' dir='ltr'><strong><em>os</em></strong></span> <span class='ocrx_word' id='word_1_44' title='bbox 1231 526 1454 570; x_wconf 48' lang='lat' dir='ltr'><strong><em>incarrere&amp;</em></strong></span> <span class='ocrx_word' id='word_1_45' title='bbox 1486 530 1597 570; x_wconf 84' lang='lat' dir='ltr'><strong>Grot.</strong></span> <span class='ocrx_word' id='word_1_46' title='bbox 1628 528 1815 584; x_wconf 78' lang='grc' dir='ltr'><strong><em>ἐμπόριον</em></strong></span> 
     </span>
     <span class='ocr_line' id='line_1_6' title="bbox 252 585 1813 642; baseline 0.001 -15"><span class='ocrx_word' id='word_1_47' title='bbox 252 591 313 627; x_wconf 88' lang='lat' dir='ltr'><strong><em>est</em></strong></span> <span class='ocrx_word' id='word_1_48' title='bbox 338 589 450 627; x_wconf 82' lang='lat' dir='ltr'><strong>loeus</strong></span> <span class='ocrx_word' id='word_1_49' title='bbox 482 590 731 627; x_wconf 75' lang='lat' dir='ltr'>mercaturae</span> <span class='ocrx_word' id='word_1_50' title='bbox 757 588 934 638; x_wconf 86' lang='lat' dir='ltr'><strong>idoneus,</strong></span> <span class='ocrx_word' id='word_1_51' title='bbox 966 588 1072 627; x_wconf 88' lang='lat' dir='ltr'><strong>idem</strong></span> <span class='ocrx_word' id='word_1_52' title='bbox 1091 588 1359 628; x_wconf 84' lang='lat' dir='ltr'><strong>Romanorum</strong></span> <span class='ocrx_word' id='word_1_53' title='bbox 1385 592 1596 639; x_wconf 76' lang='lat' dir='ltr'><em>emporium</em></span> <span class='ocrx_word' id='word_1_54' title='bbox 1617 585 1813 642; x_wconf 84' lang='lat' dir='ltr'><strong>(Coraes).</strong></span> 
     </span>
     <span class='ocr_line' id='line_1_7' title="bbox 251 645 1816 700; baseline 0.001 -14"><span class='ocrx_word' id='word_1_55' title='bbox 251 646 372 698; x_wconf 83' lang='grc' dir='ltr'><em>στόμα</em></span> <span class='ocrx_word' id='word_1_56' title='bbox 409 645 598 700; x_wconf 79' lang='grc' dir='ltr'><strong><em>ἐμπορίου</em></strong></span> <span class='ocrx_word' id='word_1_57' title='bbox 636 654 794 698; x_wconf 76' lang='lat' dir='ltr'><strong>quoque</strong></span> <span class='ocrx_word' id='word_1_58' title='bbox 831 648 979 689; x_wconf 78' lang='lat' dir='ltr'><strong>dicitur</strong></span> <span class='ocrx_word' id='word_1_59' title='bbox 1008 648 1034 687; x_wconf 91' lang='lat' dir='ltr'><strong><em>i.</em></strong></span> <span class='ocrx_word' id='word_1_60' title='bbox 1066 661 1097 688; x_wconf 90' lang='lat' dir='ltr'><strong><em>e.</em></strong></span> <span class='ocrx_word' id='word_1_61' title='bbox 1129 651 1269 688; x_wconf 79' lang='lat' dir='ltr'><strong><em>ostium</em></strong></span> <span class='ocrx_word' id='word_1_62' title='bbox 1297 651 1448 700; x_wconf 88' lang='lat' dir='ltr'><strong>portus.</strong></span> <span class='ocrx_word' id='word_1_63' title='bbox 1521 651 1588 689; x_wconf 87' lang='grc'><strong><em>20.</em></strong></span> <span class='ocrx_word' id='word_1_64' title='bbox 1623 645 1646 688; x_wconf 90' lang='grc' dir='ltr'>ὁ</span> <span class='ocrx_word' id='word_1_65' title='bbox 1679 648 1816 696; x_wconf 84' lang='grc' dir='ltr'><strong><em>διδούς</em></strong></span> 
     </span>
     <span class='ocr_line' id='line_1_8' title="bbox 250 704 1813 759; baseline 0.001 -13"><span class='ocrx_word' id='word_1_66' title='bbox 250 719 366 757; x_wconf 78' lang='lat' dir='ltr'><strong>socer,</strong></span> <span class='ocrx_word' id='word_1_67' title='bbox 399 704 418 745; x_wconf 87' lang='grc' dir='ltr'><em>ὅ</em></span> <span class='ocrx_word' id='word_1_68' title='bbox 450 705 666 758; x_wconf 83' lang='grc' dir='ltr'><em>λαμβάνων</em></span> <span class='ocrx_word' id='word_1_69' title='bbox 694 719 821 756; x_wconf 75' lang='lat' dir='ltr'><strong><em>yener.</em></strong></span> <span class='ocrx_word' id='word_1_70' title='bbox 893 709 960 747; x_wconf 85' lang='lat'><strong><em>22.</em></strong></span> <span class='ocrx_word' id='word_1_71' title='bbox 991 707 1243 759; x_wconf 84' lang='grc' dir='ltr'><strong><em>κορύβαντες,</em></strong></span> <span class='ocrx_word' id='word_1_72' title='bbox 1273 709 1299 748; x_wconf 84' lang='lat' dir='ltr'><strong><em>i.</em></strong></span> <span class='ocrx_word' id='word_1_73' title='bbox 1324 722 1358 747; x_wconf 88' lang='lat' dir='ltr'><strong><em>e.</em></strong></span> <span class='ocrx_word' id='word_1_74' title='bbox 1387 707 1599 748; x_wconf 74' lang='lat' dir='ltr'><strong>temulenti</strong></span> <span class='ocrx_word' id='word_1_75' title='bbox 1630 709 1813 748; x_wconf 83' lang='lat' dir='ltr'><strong>comissa-</strong></span> 
     </span>
     <span class='ocr_line' id='line_1_9' title="bbox 250 762 1816 819; baseline 0.001 -14"><span class='ocrx_word' id='word_1_76' title='bbox 250 768 370 806; x_wconf 85' lang='lat' dir='ltr'><strong>tores.</strong></span> <span class='ocrx_word' id='word_1_77' title='bbox 413 762 663 818; x_wconf 61' lang='grc' dir='ltr'><strong><em>’ἀναστροφή</em></strong></span> <span class='ocrx_word' id='word_1_78' title='bbox 688 767 793 806; x_wconf 86' lang='lat' dir='ltr'><strong>idem</strong></span> <span class='ocrx_word' id='word_1_79' title='bbox 820 769 881 806; x_wconf 87' lang='lat' dir='ltr'><strong><em>est</em></strong></span> <span class='ocrx_word' id='word_1_80' title='bbox 906 780 952 806; x_wconf 84' lang='lat' dir='ltr'><strong><em>ae</em></strong></span> <span class='ocrx_word' id='word_1_81' title='bbox 977 769 1145 807; x_wconf 70' lang='lat' dir='ltr'><strong><em>circulus</em></strong></span> <span class='ocrx_word' id='word_1_82' title='bbox 1170 768 1277 818; x_wconf 83' lang='lat' dir='ltr'>apud</span> <span class='ocrx_word' id='word_1_83' title='bbox 1295 768 1506 819; x_wconf 84' lang='lat' dir='ltr'><strong>Romanos,</strong></span> <span class='ocrx_word' id='word_1_84' title='bbox 1530 770 1816 807; x_wconf 71' lang='lat' dir='ltr'><strong><em>conversazione</em></strong></span> 
     </span>
     <span class='ocr_line' id='line_1_10' title="bbox 252 823 1816 879; baseline 0.001 -15"><span class='ocrx_word' id='word_1_85' title='bbox 252 826 359 876; x_wconf 83' lang='lat' dir='ltr'>apud</span> <span class='ocrx_word' id='word_1_86' title='bbox 391 826 528 865; x_wconf 83' lang='lat' dir='ltr'><strong>Italos.</strong></span> <span class='ocrx_word' id='word_1_87' title='bbox 579 826 800 877; x_wconf 84' lang='lat' dir='ltr'><strong>Neograeoi</strong></span> <span class='ocrx_word' id='word_1_88' title='bbox 844 823 1179 878; x_wconf 80' lang='grc' dir='ltr'><strong><em>συναναστροφή’.</em></strong></span> <span class='ocrx_word' id='word_1_89' title='bbox 1223 827 1380 867; x_wconf 84' lang='lat' dir='ltr'><strong>Coraes.</strong></span> <span class='ocrx_word' id='word_1_90' title='bbox 1466 829 1534 867; x_wconf 86' lang='lat'><strong><em>23.</em></strong></span> <span class='ocrx_word' id='word_1_91' title='bbox 1571 825 1816 879; x_wconf 78' lang='grc' dir='ltr'><strong><em>ἱππόδρομος</em></strong></span> 
     </span>
     <span class='ocr_line' id='line_1_11' title="bbox 251 885 1740 939; baseline 0.002 -16"><span class='ocrx_word' id='word_1_92' title='bbox 251 885 333 923; x_wconf 87' lang='lat' dir='ltr'><strong><em>iam</em></strong></span> <span class='ocrx_word' id='word_1_93' title='bbox 365 885 472 936; x_wconf 85' lang='lat' dir='ltr'><strong>apud</strong></span> <span class='ocrx_word' id='word_1_94' title='bbox 503 885 617 924; x_wconf 90' lang='lat' dir='ltr'><strong><em>Hom.</em></strong></span> <span class='ocrx_word' id='word_1_95' title='bbox 650 886 695 925; x_wconf 86' lang='lat' dir='ltr'><strong><em>Il.</em></strong></span> <span class='ocrx_word' id='word_1_96' title='bbox 730 888 798 937; x_wconf 85' lang='lat'><strong><em>23,</em></strong></span> <span class='ocrx_word' id='word_1_97' title='bbox 831 887 927 925; x_wconf 86' lang='lat'><strong>330.</strong></span> <span class='ocrx_word' id='word_1_98' title='bbox 977 886 1041 925; x_wconf 83' lang='lat' dir='ltr'><strong><em>hic</em></strong></span> <span class='ocrx_word' id='word_1_99' title='bbox 1071 886 1114 926; x_wconf 86' lang='lat' dir='ltr'><strong><em>in</em></strong></span> <span class='ocrx_word' id='word_1_100' title='bbox 1145 887 1406 927; x_wconf 72' lang='lat' dir='ltr'><strong>translatione</strong></span> <span class='ocrx_word' id='word_1_101' title='bbox 1436 890 1484 927; x_wconf 88' lang='lat' dir='ltr'><strong><em>ut</em></strong></span> <span class='ocrx_word' id='word_1_102' title='bbox 1513 886 1740 939; x_wconf 86' lang='grc' dir='ltr'><strong><em>παλαίστρα.</em></strong></span> 
     </span>
    </p>
   </div>
   <div class='ocr_carea' id='block_1_3' title="bbox 791 1036 1280 1164">
    <p class='ocr_par' dir='ltr' id='par_1_3' title="bbox 791 1036 1280 1164">
     <span class='ocr_line' id='line_1_12' title="bbox 791 1036 1280 1072; baseline 0.004 -2"><span class='ocrx_word' id='word_1_103' title='bbox 791 1036 995 1072; x_wconf 72' lang='grc' dir='ltr'><strong>ΑΔΗΛῼΝ</strong></span> <span class='ocrx_word' id='word_1_104' title='bbox 1019 1036 1280 1072; x_wconf 73' lang='grc' dir='ltr'><strong>ΔΡΑΜΑΤῼΝ</strong></span> 
     </span>
     <span class='ocr_line' id='line_1_13' title="bbox 1009 1122 1064 1164; baseline 0 0"><span class='ocrx_word' id='word_1_105' title='bbox 1009 1122 1064 1164; x_wconf 82' lang='grc'><strong><em>27</em></strong></span> 
     </span>
    </p>
   </div>
   <div class='ocr_carea' id='block_1_4' title="bbox 408 1216 1603 1986">
    <p class='ocr_par' dir='ltr' id='par_1_4' title="bbox 408 1216 1603 1986">
     <span class='ocr_line' id='line_1_14' title="bbox 1035 1216 1371 1272; baseline 0.003 -13"><span class='ocrx_word' id='word_1_106' title='bbox 1035 1216 1210 1272; x_wconf 80' lang='grc' dir='ltr'><em>ἰδιώτης</em></span> <span class='ocrx_word' id='word_1_107' title='bbox 1241 1217 1371 1272; x_wconf 84' lang='grc' dir='ltr'><strong><em>μέγας</em></strong></span> 
     </span>
     <span class='ocr_line' id='line_1_15' title="bbox 468 1283 1603 1343; baseline 0.002 -14"><span class='ocrx_word' id='word_1_108' title='bbox 468 1287 618 1337; x_wconf 77' lang='grc' dir='ltr'><strong><em>αὐτοῖς</em></strong></span> <span class='ocrx_word' id='word_1_109' title='bbox 650 1287 673 1329; x_wconf 88' lang='grc' dir='ltr'>ὁ</span> <span class='ocrx_word' id='word_1_110' title='bbox 705 1287 896 1342; x_wconf 78' lang='grc' dir='ltr'><strong><em>Σεύθης.</em></strong></span> <span class='ocrx_word' id='word_1_111' title='bbox 960 1283 1096 1330; x_wconf 80' lang='grc' dir='ltr'><strong><em>οἶσθα</em></strong></span> <span class='ocrx_word' id='word_1_112' title='bbox 1128 1286 1188 1342; x_wconf 84' lang='grc' dir='ltr'><strong><em>δ’,</em></strong></span> <span class='ocrx_word' id='word_1_113' title='bbox 1221 1285 1255 1331; x_wconf 82' lang='grc' dir='ltr'><em>ὦ</em></span> <span class='ocrx_word' id='word_1_114' title='bbox 1287 1286 1504 1343; x_wconf 80' lang='grc' dir='ltr'><strong><em>βέλτισθ’,</em></strong></span> <span class='ocrx_word' id='word_1_115' title='bbox 1536 1289 1603 1331; x_wconf 83' lang='grc' dir='ltr'><strong><em>ὅτι</em></strong></span> 
     </span>
     <span class='ocr_line' id='line_1_16' title="bbox 468 1357 1520 1416; baseline 0.003 -16"><span class='ocrx_word' id='word_1_116' title='bbox 468 1358 645 1413; x_wconf 81' lang='grc' dir='ltr'><strong><em>ἀγαθοῦ</em></strong></span> <span class='ocrx_word' id='word_1_117' title='bbox 678 1364 926 1415; x_wconf 79' lang='grc' dir='ltr'><strong><em>στρατηγοῦ</em></strong></span> <span class='ocrx_word' id='word_1_118' title='bbox 959 1358 1188 1416; x_wconf 80' lang='grc' dir='ltr'><strong><em>διαφέρειν</em></strong></span> <span class='ocrx_word' id='word_1_119' title='bbox 1221 1357 1356 1403; x_wconf 74' lang='grc' dir='ltr'><strong><em>οὐδὲν</em></strong></span> <span class='ocrx_word' id='word_1_120' title='bbox 1388 1361 1520 1403; x_wconf 78' lang='grc' dir='ltr'><strong><em>δοκεῖ.</em></strong></span> 
     </span>
     <span class='ocr_line' id='line_1_17' title="bbox 467 1427 1485 1487; baseline 0.002 -15"><span class='ocrx_word' id='word_1_121' title='bbox 467 1430 513 1472; x_wconf 80' lang='grc' dir='ltr'><strong><em>οἱ</em></strong></span> <span class='ocrx_word' id='word_1_122' title='bbox 540 1427 742 1486; x_wconf 87' lang='grc' dir='ltr'><strong><em>πολέμιοι</em></strong></span> <span class='ocrx_word' id='word_1_123' title='bbox 771 1430 995 1487; x_wconf 78' lang='grc' dir='ltr'><strong><em>πάρεισιν·</em></strong></span> <span class='ocrx_word' id='word_1_124' title='bbox 1037 1430 1060 1473; x_wconf 91' lang='grc' dir='ltr'>ὁ</span> <span class='ocrx_word' id='word_1_125' title='bbox 1091 1433 1237 1486; x_wconf 88' lang='grc' dir='ltr'><strong><em>βαθὺς</em></strong></span> <span class='ocrx_word' id='word_1_126' title='bbox 1267 1436 1320 1487; x_wconf 77' lang='grc' dir='ltr'><strong><em>τῇ</em></strong></span> <span class='ocrx_word' id='word_1_127' title='bbox 1352 1432 1485 1487; x_wconf 87' lang='grc' dir='ltr'><strong><em>φύσει</em></strong></span> 
     </span>
     <span class='ocr_line' id='line_1_18' title="bbox 427 1500 1438 1558; baseline 0.002 -14"><span class='ocrx_word' id='word_1_128' title='bbox 427 1512 447 1544; x_wconf 88' lang='grc'>5</span> <span class='ocrx_word' id='word_1_129' title='bbox 471 1501 712 1558; x_wconf 88' lang='grc' dir='ltr'><strong><em>στρατηγὸς</em></strong></span> <span class='ocrx_word' id='word_1_130' title='bbox 743 1500 937 1556; x_wconf 80' lang='grc' dir='ltr'><strong><em>ἕστηκεν,</em></strong></span> <span class='ocrx_word' id='word_1_131' title='bbox 969 1502 1018 1544; x_wconf 90' lang='grc' dir='ltr'><strong><em>τὸ</em></strong></span> <span class='ocrx_word' id='word_1_132' title='bbox 1050 1500 1213 1558; x_wconf 81' lang='grc' dir='ltr'><strong><em>πρᾶγμ’</em></strong></span> <span class='ocrx_word' id='word_1_133' title='bbox 1250 1501 1438 1554; x_wconf 81' lang='grc' dir='ltr'><strong><em>ἐδέξατο.</em></strong></span> 
     </span>
     <span class='ocr_line' id='line_1_19' title="bbox 467 1571 1403 1629; baseline 0.001 -14"><span class='ocrx_word' id='word_1_134' title='bbox 467 1571 674 1628; x_wconf 86' lang='grc' dir='ltr'><strong><em>πολέμιός</em></strong></span> <span class='ocrx_word' id='word_1_135' title='bbox 705 1571 797 1615; x_wconf 82' lang='grc' dir='ltr'><strong><em>ἐστι</em></strong></span> <span class='ocrx_word' id='word_1_136' title='bbox 827 1578 911 1623; x_wconf 82' lang='grc' dir='ltr'><strong><em>πᾶς</em></strong></span> <span class='ocrx_word' id='word_1_137' title='bbox 943 1572 966 1615; x_wconf 92' lang='grc' dir='ltr'>ὁ</span> <span class='ocrx_word' id='word_1_138' title='bbox 999 1575 1232 1629; x_wconf 80' lang='grc' dir='ltr'><strong><em>συμπίνων</em></strong></span> <span class='ocrx_word' id='word_1_139' title='bbox 1263 1575 1403 1629; x_wconf 81' lang='grc' dir='ltr'><strong><em>ὄχλος.</em></strong></span> 
     </span>
     <span class='ocr_line' id='line_1_20' title="bbox 467 1640 1397 1700; baseline 0.002 -14"><span class='ocrx_word' id='word_1_140' title='bbox 467 1651 584 1687; x_wconf 79' lang='grc' dir='ltr'><strong><em>κινεῖ</em></strong></span> <span class='ocrx_word' id='word_1_141' title='bbox 611 1644 695 1700; x_wconf 80' lang='grc' dir='ltr'><strong><em>γὰρ</em></strong></span> <span class='ocrx_word' id='word_1_142' title='bbox 727 1643 895 1700; x_wconf 83' lang='grc' dir='ltr'><strong><em>ἁθρόος</em></strong></span> <span class='ocrx_word' id='word_1_143' title='bbox 926 1640 1074 1694; x_wconf 86' lang='grc' dir='ltr'><strong><em>οὗτος·</em></strong></span> <span class='ocrx_word' id='word_1_144' title='bbox 1107 1644 1397 1700; x_wconf 84' lang='grc' dir='ltr'><strong><em>εἰσελήλυθεν</em></strong></span> 
     </span>
     <span class='ocr_line' id='line_1_21' title="bbox 469 1711 1427 1772; baseline -0.001 -13"><span class='ocrx_word' id='word_1_145' title='bbox 469 1716 516 1759; x_wconf 82' lang='grc' dir='ltr'><strong><em>ἐκ</em></strong></span> <span class='ocrx_word' id='word_1_146' title='bbox 546 1713 674 1758; x_wconf 83' lang='grc' dir='ltr'><strong><em>πέντε</em></strong></span> <span class='ocrx_word' id='word_1_147' title='bbox 707 1713 781 1757; x_wconf 88' lang='grc' dir='ltr'><strong><em>καὶ</em></strong></span> <span class='ocrx_word' id='word_1_148' title='bbox 813 1711 903 1771; x_wconf 87' lang='grc' dir='ltr'><strong><em>δέχ’</em></strong></span> <span class='ocrx_word' id='word_1_149' title='bbox 938 1714 1114 1772; x_wconf 80' lang='grc' dir='ltr'><strong><em>ἡμερῶν</em></strong></span> <span class='ocrx_word' id='word_1_150' title='bbox 1145 1716 1427 1772; x_wconf 77' lang='grc' dir='ltr'><strong><em>προηλπικὼς</em></strong></span> 
     </span>
     <span class='ocr_line' id='line_1_22' title="bbox 467 1785 1449 1843; baseline 0 -13"><span class='ocrx_word' id='word_1_151' title='bbox 467 1788 516 1830; x_wconf 91' lang='grc' dir='ltr'><strong><em>τὸ</em></strong></span> <span class='ocrx_word' id='word_1_152' title='bbox 550 1788 746 1841; x_wconf 76' lang='grc' dir='ltr'><strong><em>δεῖπνον,</em></strong></span> <span class='ocrx_word' id='word_1_153' title='bbox 779 1786 916 1843; x_wconf 81' lang='grc' dir='ltr'><strong><em>ὁρμῆς</em></strong></span> <span class='ocrx_word' id='word_1_154' title='bbox 946 1788 1116 1842; x_wconf 88' lang='grc' dir='ltr'><strong><em>μεστός,</em></strong></span> <span class='ocrx_word' id='word_1_155' title='bbox 1148 1785 1449 1843; x_wconf 80' lang='grc' dir='ltr'><strong><em>ἐκλελυμένος,</em></strong></span> 
     </span>
     <span class='ocr_line' id='line_1_23' title="bbox 408 1856 1535 1915; baseline 0.002 -15"><span class='ocrx_word' id='word_1_156' title='bbox 408 1870 450 1901; x_wconf 88' lang='grc'><strong><em>10</em></strong></span> <span class='ocrx_word' id='word_1_157' title='bbox 469 1865 616 1913; x_wconf 86' lang='grc' dir='ltr'><strong><em>τηρῶν</em></strong></span> <span class='ocrx_word' id='word_1_158' title='bbox 646 1856 742 1901; x_wconf 87' lang='grc' dir='ltr'><strong><em>πότ’</em></strong></span> <span class='ocrx_word' id='word_1_159' title='bbox 780 1856 849 1901; x_wconf 87' lang='grc' dir='ltr'><strong><em>ἐπὶ</em></strong></span> <span class='ocrx_word' id='word_1_160' title='bbox 881 1858 957 1909; x_wconf 83' lang='grc' dir='ltr'><strong><em>τὰς</em></strong></span> <span class='ocrx_word' id='word_1_161' title='bbox 987 1865 1135 1915; x_wconf 81' lang='grc' dir='ltr'><strong><em>χεῖρας</em></strong></span> <span class='ocrx_word' id='word_1_162' title='bbox 1167 1862 1279 1902; x_wconf 81' lang='grc' dir='ltr'><strong><em>οἴσει</em></strong></span> <span class='ocrx_word' id='word_1_163' title='bbox 1309 1874 1386 1910; x_wconf 89' lang='grc' dir='ltr'><strong><em>τις.</em></strong></span> <span class='ocrx_word' id='word_1_164' title='bbox 1440 1860 1535 1902; x_wconf 91' lang='grc' dir='ltr'><strong><em>νόει</em></strong></span> 
     </span>
     <span class='ocr_line' id='line_1_24' title="bbox 470 1928 1380 1986; baseline 0.001 -14"><span class='ocrx_word' id='word_1_165' title='bbox 470 1931 604 1985; x_wconf 80' lang='grc' dir='ltr'><strong><em>ὄχλου</em></strong></span> <span class='ocrx_word' id='word_1_166' title='bbox 635 1930 843 1973; x_wconf 91' lang='grc' dir='ltr'><strong><em>τοιούτου</em></strong></span> <span class='ocrx_word' id='word_1_167' title='bbox 875 1928 1034 1986; x_wconf 79' lang='grc' dir='ltr'><strong><em>ῥαχίαν</em></strong></span> <span class='ocrx_word' id='word_1_168' title='bbox 1064 1929 1380 1986; x_wconf 79' lang='grc' dir='ltr'><strong><em>ἠθροισμένην.</em></strong></span> 
     </span>
    </p>
   </div>
   <div class='ocr_carea' id='block_1_5' title="bbox 256 2021 1830 2971">
    <p class='ocr_par' dir='ltr' id='par_1_5' title="bbox 256 2021 1830 2496">
     <span class='ocr_line' id='line_1_25' title="bbox 377 2021 1830 2082; baseline 0.001 -16"><span class='ocrx_word' id='word_1_169' title='bbox 377 2029 610 2068; x_wconf 70' lang='lat' dir='ltr'><strong>Athenaeus</strong></span> <span class='ocrx_word' id='word_1_170' title='bbox 633 2031 670 2079; x_wconf 87' lang='lat'><strong><em>9,</em></strong></span> <span class='ocrx_word' id='word_1_171' title='bbox 692 2029 810 2069; x_wconf 75' lang='lat'><strong>3771&gt;</strong></span> <span class='ocrx_word' id='word_1_172' title='bbox 841 2027 906 2067; x_wconf 84' lang='grc' dir='ltr'><strong><em>καὶ</em></strong></span> <span class='ocrx_word' id='word_1_173' title='bbox 925 2027 1015 2082; x_wconf 86' lang='grc' dir='ltr'><strong><em>περὶ</em></strong></span> <span class='ocrx_word' id='word_1_174' title='bbox 1038 2021 1171 2081; x_wconf 79' lang='grc' dir='ltr'><strong><em>ἑτέρου</em></strong></span> <span class='ocrx_word' id='word_1_175' title='bbox 1197 2028 1447 2082; x_wconf 81' lang='grc' dir='ltr'><strong><em>μαγείρου,</em></strong></span> <span class='ocrx_word' id='word_1_176' title='bbox 1479 2026 1635 2079; x_wconf 78' lang='grc' dir='ltr'><strong><em>ὄνομα</em></strong></span> <span class='ocrx_word' id='word_1_177' title='bbox 1660 2025 1696 2068; x_wconf 87' lang='grc' dir='ltr'><strong><em>δ’</em></strong></span> <span class='ocrx_word' id='word_1_178' title='bbox 1731 2027 1830 2068; x_wconf 85' lang='grc' dir='ltr'><strong><em>ἐστὶ</em></strong></span> 
     </span>
     <span class='ocr_line' id='line_1_26' title="bbox 256 2083 1826 2142; baseline 0.001 -16"><span class='ocrx_word' id='word_1_179' title='bbox 256 2088 474 2139; x_wconf 85' lang='grc' dir='ltr'><strong><em>Σεύθης,</em></strong></span> <span class='ocrx_word' id='word_1_180' title='bbox 506 2085 527 2127; x_wconf 85' lang='grc' dir='ltr'><em>ὅ</em></span> <span class='ocrx_word' id='word_1_181' title='bbox 553 2086 671 2135; x_wconf 80' lang='grc' dir='ltr'><strong><em>αὐτός</em></strong></span> <span class='ocrx_word' id='word_1_182' title='bbox 689 2098 814 2139; x_wconf 85' lang='grc' dir='ltr'><strong><em>φησιν</em></strong></span> <span class='ocrx_word' id='word_1_183' title='bbox 832 2086 997 2139; x_wconf 81' lang='grc' dir='ltr'><strong><em>ποιητὴς</em></strong></span> <span class='ocrx_word' id='word_1_184' title='bbox 1018 2083 1325 2142; x_wconf 84' lang='grc' dir='ltr'><strong><em>(Ποσείδιππος)</em></strong></span> <span class='ocrx_word' id='word_1_185' title='bbox 1350 2087 1475 2135; x_wconf 74' lang='grc' dir='ltr'><strong><em>οὕτως</em></strong></span> <span class='ocrx_word' id='word_1_186' title='bbox 1500 2091 1578 2127; x_wconf 87' lang='grc' dir='ltr'><strong><em>κτλ.</em></strong></span> <span class='ocrx_word' id='word_1_187' title='bbox 1641 2090 1678 2128; x_wconf 92' lang='grc'><strong><em>2.</em></strong></span> <span class='ocrx_word' id='word_1_188' title='bbox 1711 2087 1826 2139; x_wconf 80' lang='grc' dir='ltr'><strong><em>σευή-</em></strong></span> 
     </span>
     <span class='ocr_line' id='line_1_27' title="bbox 259 2143 1826 2198; baseline 0.001 -12"><span class='ocrx_word' id='word_1_189' title='bbox 259 2151 340 2198; x_wconf 81' lang='grc' dir='ltr'><strong><em>θης</em></strong></span> <span class='ocrx_word' id='word_1_190' title='bbox 366 2149 413 2186; x_wconf 90' lang='grc' dir='ltr'><strong><em>Α.</em></strong></span> <span class='ocrx_word' id='word_1_191' title='bbox 464 2143 499 2186; x_wconf 92' lang='grc' dir='ltr'><strong><em>δ’</em></strong></span> <span class='ocrx_word' id='word_1_192' title='bbox 535 2148 624 2186; x_wconf 83' lang='lat' dir='ltr'><strong>add.</strong></span> <span class='ocrx_word' id='word_1_193' title='bbox 658 2147 832 2187; x_wconf 85' lang='lat' dir='ltr'><strong>Grotius.</strong></span> <span class='ocrx_word' id='word_1_194' title='bbox 882 2143 1025 2194; x_wconf 82' lang='grc' dir='ltr'><strong><em>οἶσθας</em></strong></span> <span class='ocrx_word' id='word_1_195' title='bbox 1055 2148 1232 2187; x_wconf 87' lang='lat' dir='ltr'><strong>Pierson.</strong></span> <span class='ocrx_word' id='word_1_196' title='bbox 1251 2148 1373 2188; x_wconf 88' lang='lat' dir='ltr'><strong>Moer.</strong></span> <span class='ocrx_word' id='word_1_197' title='bbox 1395 2149 1493 2187; x_wconf 88' lang='grc'><strong><em>283.</em></strong></span> <span class='ocrx_word' id='word_1_198' title='bbox 1555 2149 1594 2187; x_wconf 90' lang='lat'><strong><em>3.</em></strong></span> <span class='ocrx_word' id='word_1_199' title='bbox 1625 2145 1745 2187; x_wconf 81' lang='grc' dir='ltr'><strong><em>οὐδὲν</em></strong></span> <span class='ocrx_word' id='word_1_200' title='bbox 1776 2146 1826 2197; x_wconf 91' lang='grc' dir='ltr'><strong><em>Ρ]</em></strong></span> 
     </span>
     <span class='ocr_line' id='line_1_28' title="bbox 258 2201 1827 2261; baseline 0 -15"><span class='ocrx_word' id='word_1_201' title='bbox 258 2204 383 2246; x_wconf 81' lang='grc' dir='ltr'><strong><em>οὐθὲν</em></strong></span> <span class='ocrx_word' id='word_1_202' title='bbox 403 2207 451 2245; x_wconf 91' lang='grc' dir='ltr'><strong><em>Α.</em></strong></span> <span class='ocrx_word' id='word_1_203' title='bbox 514 2208 553 2246; x_wconf 89' lang='lat'><strong><em>5.</em></strong></span> <span class='ocrx_word' id='word_1_204' title='bbox 579 2204 737 2257; x_wconf 74' lang='grc' dir='ltr'><strong><em>ἕστηκεν</em></strong></span> <span class='ocrx_word' id='word_1_205' title='bbox 755 2205 823 2246; x_wconf 83' lang='grc' dir='ltr'><strong><em>καὶ</em></strong></span> <span class='ocrx_word' id='word_1_206' title='bbox 840 2207 889 2246; x_wconf 88' lang='grc' dir='ltr'><strong><em>Α.</em></strong></span> <span class='ocrx_word' id='word_1_207' title='bbox 922 2204 1055 2257; x_wconf 76' lang='grc' dir='ltr'><strong><em>ἕστηκε</em></strong></span> <span class='ocrx_word' id='word_1_208' title='bbox 1076 2206 1117 2246; x_wconf 82' lang='lat' dir='ltr'><strong><em>G.</em></strong></span> <span class='ocrx_word' id='word_1_209' title='bbox 1149 2205 1215 2245; x_wconf 84' lang='grc' dir='ltr'><strong><em>καὶ</em></strong></span> <span class='ocrx_word' id='word_1_210' title='bbox 1235 2207 1310 2246; x_wconf 84' lang='lat' dir='ltr'><strong><em>del.</em></strong></span> <span class='ocrx_word' id='word_1_211' title='bbox 1343 2201 1428 2261; x_wconf 84' lang='lat' dir='ltr'><strong>(vel</strong></span> <span class='ocrx_word' id='word_1_212' title='bbox 1447 2205 1536 2258; x_wconf 77' lang='grc' dir='ltr'><strong><em>ἔστη</em></strong></span> <span class='ocrx_word' id='word_1_213' title='bbox 1554 2202 1639 2260; x_wconf 84' lang='grc' dir='ltr'><strong><em>καὶ)</em></strong></span> <span class='ocrx_word' id='word_1_214' title='bbox 1659 2206 1827 2257; x_wconf 75' lang='lat' dir='ltr'><strong><em>Casaub.</em></strong></span> 
     </span>
     <span class='ocr_line' id='line_1_29' title="bbox 261 2263 1827 2318; baseline -0.001 -12"><span class='ocrx_word' id='word_1_215' title='bbox 261 2269 297 2306; x_wconf 83' lang='lat'><strong><em>7.</em></strong></span> <span class='ocrx_word' id='word_1_216' title='bbox 329 2269 436 2306; x_wconf 83' lang='grc' dir='ltr'><strong><em>κινεῖ</em></strong></span> <span class='ocrx_word' id='word_1_217' title='bbox 462 2264 590 2315; x_wconf 69' lang='lat' dir='ltr'><strong>Grot]</strong></span> <span class='ocrx_word' id='word_1_218' title='bbox 624 2266 728 2305; x_wconf 89' lang='grc' dir='ltr'><strong><em>πίνει</em></strong></span> <span class='ocrx_word' id='word_1_219' title='bbox 759 2265 839 2305; x_wconf 80' lang='lat' dir='ltr'><strong><em>AO.</em></strong></span> <span class='ocrx_word' id='word_1_220' title='bbox 919 2268 956 2305; x_wconf 88' lang='lat'><strong><em>8.</em></strong></span> <span class='ocrx_word' id='word_1_221' title='bbox 988 2264 1239 2318; x_wconf 84' lang='grc' dir='ltr'><strong><em>προηλπικὼς</em></strong></span> <span class='ocrx_word' id='word_1_222' title='bbox 1270 2264 1317 2316; x_wconf 85' lang='grc' dir='ltr'><strong><em>Ο]</em></strong></span> <span class='ocrx_word' id='word_1_223' title='bbox 1352 2263 1629 2318; x_wconf 85' lang='grc' dir='ltr'><strong><em>προσηλπικὼς</em></strong></span> <span class='ocrx_word' id='word_1_224' title='bbox 1659 2266 1708 2305; x_wconf 94' lang='grc' dir='ltr'><strong><em>Α.</em></strong></span> <span class='ocrx_word' id='word_1_225' title='bbox 1789 2268 1827 2306; x_wconf 88' lang='grc'><strong><em>9.</em></strong></span> 
     </span>
     <span class='ocr_line' id='line_1_30' title="bbox 259 2322 1828 2379; baseline 0 -15"><span class='ocrx_word' id='word_1_226' title='bbox 259 2323 526 2379; x_wconf 78' lang='grc' dir='ltr'><strong><em>ἐκλελεγμένος</em></strong></span> <span class='ocrx_word' id='word_1_227' title='bbox 544 2325 662 2365; x_wconf 90' lang='lat' dir='ltr'><strong>Mein.</strong></span> <span class='ocrx_word' id='word_1_228' title='bbox 692 2325 940 2376; x_wconf 85' lang='lat' dir='ltr'><strong>probabilius</strong></span> <span class='ocrx_word' id='word_1_229' title='bbox 960 2323 1243 2377; x_wconf 83' lang='grc' dir='ltr'><strong><em>ἐκκεκαυμένος</em></strong></span> <span class='ocrx_word' id='word_1_230' title='bbox 1263 2325 1399 2365; x_wconf 85' lang='lat' dir='ltr'><strong>Cobet.</strong></span> <span class='ocrx_word' id='word_1_231' title='bbox 1417 2326 1466 2364; x_wconf 81' lang='lat' dir='ltr'><strong><em>N.</em></strong></span> <span class='ocrx_word' id='word_1_232' title='bbox 1479 2326 1504 2364; x_wconf 91' lang='lat'><strong><em>1.</em></strong></span> <span class='ocrx_word' id='word_1_233' title='bbox 1520 2327 1558 2365; x_wconf 88' lang='grc'><strong><em>5.</em></strong></span> <span class='ocrx_word' id='word_1_234' title='bbox 1622 2327 1687 2365; x_wconf 93' lang='grc'><strong><em>10.</em></strong></span> <span class='ocrx_word' id='word_1_235' title='bbox 1714 2322 1828 2365; x_wconf 85' lang='grc' dir='ltr'><strong><em>ὁπότε</em></strong></span> 
     </span>
     <span class='ocr_line' id='line_1_31' title="bbox 260 2383 1827 2437; baseline -0.001 -13"><span class='ocrx_word' id='word_1_236' title='bbox 260 2384 358 2424; x_wconf 84' lang='grc' dir='ltr'><strong><em>κατὰ</em></strong></span> <span class='ocrx_word' id='word_1_237' title='bbox 388 2383 512 2437; x_wconf 87' lang='grc' dir='ltr'><strong><em>χειρὸς</em></strong></span> <span class='ocrx_word' id='word_1_238' title='bbox 544 2385 680 2424; x_wconf 86' lang='lat' dir='ltr'><strong>Cobet.</strong></span> <span class='ocrx_word' id='word_1_239' title='bbox 711 2385 960 2424; x_wconf 82' lang='lat' dir='ltr'><strong>tribrachum</strong></span> <span class='ocrx_word' id='word_1_240' title='bbox 997 2398 1088 2424; x_wconf 83' lang='lat' dir='ltr'><strong><em>cum</em></strong></span> <span class='ocrx_word' id='word_1_241' title='bbox 1129 2387 1346 2435; x_wconf 82' lang='lat' dir='ltr'><strong>anapaesto</strong></span> <span class='ocrx_word' id='word_1_242' title='bbox 1385 2387 1545 2435; x_wconf 86' lang='lat' dir='ltr'><strong>poetam</strong></span> <span class='ocrx_word' id='word_1_243' title='bbox 1577 2385 1827 2424; x_wconf 82' lang='lat' dir='ltr'><strong>coniunxisse</strong></span> 
     </span>
     <span class='ocr_line' id='line_1_32' title="bbox 258 2442 1828 2496; baseline 0 -13"><span class='ocrx_word' id='word_1_244' title='bbox 258 2457 337 2484; x_wconf 87' lang='lat' dir='ltr'><strong><em>non</em></strong></span> <span class='ocrx_word' id='word_1_245' title='bbox 368 2445 496 2484; x_wconf 84' lang='lat' dir='ltr'><strong>credo.</strong></span> <span class='ocrx_word' id='word_1_246' title='bbox 572 2447 637 2484; x_wconf 88' lang='lat'><strong><em>11.</em></strong></span> <span class='ocrx_word' id='word_1_247' title='bbox 669 2445 840 2484; x_wconf 84' lang='lat' dir='ltr'><strong>fortasse</strong></span> <span class='ocrx_word' id='word_1_248' title='bbox 871 2443 1113 2484; x_wconf 87' lang='grc' dir='ltr'><strong><em>τοσούτου.</em></strong></span> <span class='ocrx_word' id='word_1_249' title='bbox 1167 2443 1304 2496; x_wconf 88' lang='grc' dir='ltr'><strong><em>ῥαχίαν</em></strong></span> <span class='ocrx_word' id='word_1_250' title='bbox 1337 2442 1575 2496; x_wconf 67' lang='lat' dir='ltr'><strong>Sehweigh]</strong></span> <span class='ocrx_word' id='word_1_251' title='bbox 1608 2442 1750 2496; x_wconf 82' lang='grc' dir='ltr'><strong><em>ῥακίαν</em></strong></span> <span class='ocrx_word' id='word_1_252' title='bbox 1778 2443 1828 2485; x_wconf 85' lang='grc' dir='ltr'><strong><em>Α.</em></strong></span> 
     </span>
    </p>

    <p class='ocr_par' dir='ltr' id='par_1_6' title="bbox 259 2501 1828 2971">
     <span class='ocr_line' id='line_1_33' title="bbox 380 2501 1828 2555; baseline 0 -12"><span class='ocrx_word' id='word_1_253' title='bbox 380 2507 416 2543; x_wconf 94' lang='grc'><strong><em>1.</em></strong></span> <span class='ocrx_word' id='word_1_254' title='bbox 437 2504 534 2555; x_wconf 86' lang='lat' dir='ltr'>quid</span> <span class='ocrx_word' id='word_1_255' title='bbox 553 2504 617 2543; x_wconf 86' lang='lat' dir='ltr'><strong><em>hie</em></strong></span> <span class='ocrx_word' id='word_1_256' title='bbox 637 2504 694 2543; x_wconf 82' lang='lat' dir='ltr'><strong><em>sit</em></strong></span> <span class='ocrx_word' id='word_1_257' title='bbox 710 2502 868 2555; x_wconf 82' lang='grc' dir='ltr'><strong><em>ἰδιώτης</em></strong></span> <span class='ocrx_word' id='word_1_258' title='bbox 885 2504 1028 2543; x_wconf 84' lang='lat' dir='ltr'><strong>neseio.</strong></span> <span class='ocrx_word' id='word_1_259' title='bbox 1090 2504 1129 2543; x_wconf 90' lang='lat'><strong><em>5.</em></strong></span> <span class='ocrx_word' id='word_1_260' title='bbox 1148 2501 1316 2554; x_wconf 80' lang='grc' dir='ltr'><strong><em>ἐδέξατο,</em></strong></span> <span class='ocrx_word' id='word_1_261' title='bbox 1334 2507 1381 2542; x_wconf 89' lang='lat' dir='ltr'><strong><em>ut</em></strong></span> <span class='ocrx_word' id='word_1_262' title='bbox 1399 2504 1616 2554; x_wconf 87' lang='lat' dir='ltr'><strong>imperator</strong></span> <span class='ocrx_word' id='word_1_263' title='bbox 1634 2503 1828 2554; x_wconf 85' lang='lat' dir='ltr'><strong>impetum</strong></span> 
     </span>
     <span class='ocr_line' id='line_1_34' title="bbox 259 2563 1827 2613; baseline 0.001 -12"><span class='ocrx_word' id='word_1_264' title='bbox 259 2563 445 2604; x_wconf 85' lang='lat' dir='ltr'><strong>hostium.</strong></span> <span class='ocrx_word' id='word_1_265' title='bbox 510 2566 547 2603; x_wconf 84' lang='lat'><strong><em>7.</em></strong></span> <span class='ocrx_word' id='word_1_266' title='bbox 577 2566 702 2602; x_wconf 83' lang='grc' dir='ltr'><strong><em>κινεῖν</em></strong></span> <span class='ocrx_word' id='word_1_267' title='bbox 732 2565 780 2602; x_wconf 89' lang='lat' dir='ltr'><strong><em>ut</em></strong></span> <span class='ocrx_word' id='word_1_268' title='bbox 810 2563 981 2602; x_wconf 84' lang='lat' dir='ltr'><strong>Romani</strong></span> <span class='ocrx_word' id='word_1_269' title='bbox 1004 2575 1153 2602; x_wconf 81' lang='lat' dir='ltr'><strong>movere</strong></span> <span class='ocrx_word' id='word_1_270' title='bbox 1171 2563 1389 2602; x_wconf 80' lang='lat' dir='ltr'><strong>exereitum</strong></span> <span class='ocrx_word' id='word_1_271' title='bbox 1420 2563 1559 2602; x_wconf 77' lang='lat' dir='ltr'><strong>dieunt</strong></span> <span class='ocrx_word' id='word_1_272' title='bbox 1576 2563 1827 2613; x_wconf 86' lang='lat' dir='ltr'><strong>posteriores.</strong></span> 
     </span>
     <span class='ocr_line' id='line_1_35' title="bbox 260 2613 1827 2678; baseline 0 -17"><span class='ocrx_word' id='word_1_273' title='bbox 260 2624 309 2661; x_wconf 69' lang='lat' dir='ltr'><strong><em>ef.</em></strong></span> <span class='ocrx_word' id='word_1_274' title='bbox 330 2623 469 2674; x_wconf 85' lang='lat' dir='ltr'><strong><em>Polyb.</em></strong></span> <span class='ocrx_word' id='word_1_275' title='bbox 491 2625 529 2671; x_wconf 84' lang='lat'><strong><em>2,</em></strong></span> <span class='ocrx_word' id='word_1_276' title='bbox 550 2623 604 2662; x_wconf 85' lang='lat'><strong><em>54</em></strong></span> <span class='ocrx_word' id='word_1_277' title='bbox 627 2613 793 2677; x_wconf 63' lang='lat' dir='ltr'><strong><em>(Mein.)</em></strong></span> <span class='ocrx_word' id='word_1_278' title='bbox 858 2624 926 2663; x_wconf 86' lang='lat'><strong><em>11.</em></strong></span> <span class='ocrx_word' id='word_1_279' title='bbox 950 2623 1135 2662; x_wconf 74' lang='lat' dir='ltr'><strong><em>Eustath.</em></strong></span> <span class='ocrx_word' id='word_1_280' title='bbox 1159 2623 1361 2667; x_wconf 73' lang='lat'><strong><em>1540‚.27</em></strong></span> <span class='ocrx_word' id='word_1_281' title='bbox 1387 2620 1456 2661; x_wconf 71' lang='grc' dir='ltr'><strong><em>τὸν</em></strong></span> <span class='ocrx_word' id='word_1_282' title='bbox 1480 2621 1604 2662; x_wconf 71' lang='grc' dir='ltr'><strong><em>τόπον</em></strong></span> <span class='ocrx_word' id='word_1_283' title='bbox 1629 2613 1827 2678; x_wconf 75' lang='grc' dir='ltr'><strong><em>ᾧπροσα-</em></strong></span> 
     </span>
     <span class='ocr_line' id='line_1_36' title="bbox 262 2679 1828 2737; baseline 0 -17"><span class='ocrx_word' id='word_1_284' title='bbox 262 2681 386 2733; x_wconf 80' lang='grc' dir='ltr'><strong><em>ράττει</em></strong></span> <span class='ocrx_word' id='word_1_285' title='bbox 425 2680 466 2721; x_wconf 91' lang='grc' dir='ltr'><strong><em>τὸ</em></strong></span> <span class='ocrx_word' id='word_1_286' title='bbox 507 2686 613 2733; x_wconf 85' lang='grc' dir='ltr'><strong><em>κῦμα</em></strong></span> <span class='ocrx_word' id='word_1_287' title='bbox 653 2681 820 2734; x_wconf 78' lang='grc' dir='ltr'><strong><em>ῥαχίαν</em></strong></span> <span class='ocrx_word' id='word_1_288' title='bbox 857 2679 1058 2735; x_wconf 85' lang='grc' dir='ltr'><strong><em>λέγουσιν,</em></strong></span> <span class='ocrx_word' id='word_1_289' title='bbox 1097 2679 1150 2729; x_wconf 80' lang='grc' dir='ltr'><strong><em>ὡς</em></strong></span> <span class='ocrx_word' id='word_1_290' title='bbox 1186 2680 1230 2721; x_wconf 90' lang='grc' dir='ltr'><strong><em>ἐν</em></strong></span> <span class='ocrx_word' id='word_1_291' title='bbox 1261 2680 1452 2737; x_wconf 76' lang='grc' dir='ltr'><strong><em>ῥητορικῷ</em></strong></span> <span class='ocrx_word' id='word_1_292' title='bbox 1492 2680 1651 2733; x_wconf 74' lang='grc' dir='ltr'><strong><em>εὕρηται</em></strong></span> <span class='ocrx_word' id='word_1_293' title='bbox 1681 2681 1828 2736; x_wconf 80' lang='grc' dir='ltr'><strong><em>λεξικῷ.</em></strong></span> 
     </span>
     <span class='ocr_line' id='line_1_37' title="bbox 261 2738 1828 2796; baseline 0 -17"><span class='ocrx_word' id='word_1_294' title='bbox 261 2742 310 2779; x_wconf 75' lang='lat' dir='ltr'><strong><em>cf.</em></strong></span> <span class='ocrx_word' id='word_1_295' title='bbox 346 2742 445 2780; x_wconf 91' lang='lat' dir='ltr'><strong>Poll.</strong></span> <span class='ocrx_word' id='word_1_296' title='bbox 479 2744 516 2793; x_wconf 89' lang='lat'><strong><em>1,</em></strong></span> <span class='ocrx_word' id='word_1_297' title='bbox 551 2743 647 2781; x_wconf 90' lang='lat'>109.</span> <span class='ocrx_word' id='word_1_298' title='bbox 696 2742 813 2781; x_wconf 74' lang='lat' dir='ltr'><strong>Phot.</strong></span> <span class='ocrx_word' id='word_1_299' title='bbox 843 2740 992 2793; x_wconf 82' lang='grc' dir='ltr'><strong><em>ῥαχίαν.</em></strong></span> <span class='ocrx_word' id='word_1_300' title='bbox 1042 2741 1148 2780; x_wconf 81' lang='lat' dir='ltr'><strong>Plut.</strong></span> <span class='ocrx_word' id='word_1_301' title='bbox 1178 2741 1276 2780; x_wconf 89' lang='lat' dir='ltr'><strong><em>Mor.</em></strong></span> <span class='ocrx_word' id='word_1_302' title='bbox 1311 2741 1432 2781; x_wconf 84' lang='lat' dir='ltr'>789d</span> <span class='ocrx_word' id='word_1_303' title='bbox 1472 2739 1611 2793; x_wconf 81' lang='grc' dir='ltr'><strong><em>ῥαχίαν</em></strong></span> <span class='ocrx_word' id='word_1_304' title='bbox 1641 2738 1684 2779; x_wconf 88' lang='grc' dir='ltr'><strong><em>ἐν</em></strong></span> <span class='ocrx_word' id='word_1_305' title='bbox 1716 2739 1828 2796; x_wconf 80' lang='grc' dir='ltr'><strong><em>δήμῳ</em></strong></span> 
     </span>
     <span class='ocr_line' id='line_1_38' title="bbox 262 2798 1827 2853; baseline 0 -16"><span class='ocrx_word' id='word_1_306' title='bbox 262 2798 328 2838; x_wconf 86' lang='grc' dir='ltr'><strong><em>καὶ</em></strong></span> <span class='ocrx_word' id='word_1_307' title='bbox 356 2799 505 2851; x_wconf 83' lang='grc' dir='ltr'><strong><em>ψόφον.</em></strong></span> <span class='ocrx_word' id='word_1_308' title='bbox 541 2803 657 2840; x_wconf 75' lang='grc'><strong>7913.</strong></span> <span class='ocrx_word' id='word_1_309' title='bbox 687 2799 759 2852; x_wconf 83' lang='grc' dir='ltr'><strong><em>τὴν</em></strong></span> <span class='ocrx_word' id='word_1_310' title='bbox 790 2799 929 2853; x_wconf 78' lang='grc' dir='ltr'><strong><em>ῥαχίαν</em></strong></span> <span class='ocrx_word' id='word_1_311' title='bbox 965 2798 1031 2839; x_wconf 87' lang='grc' dir='ltr'><strong><em>καὶ</em></strong></span> <span class='ocrx_word' id='word_1_312' title='bbox 1061 2798 1129 2839; x_wconf 87' lang='grc' dir='ltr'><strong><em>τὸν</em></strong></span> <span class='ocrx_word' id='word_1_313' title='bbox 1162 2799 1302 2851; x_wconf 85' lang='grc' dir='ltr'><strong><em>ψόφον</em></strong></span> <span class='ocrx_word' id='word_1_314' title='bbox 1341 2798 1525 2852; x_wconf 84' lang='grc' dir='ltr'><strong><em>ἀφεικώς.</em></strong></span> <span class='ocrx_word' id='word_1_315' title='bbox 1573 2799 1827 2850; x_wconf 87' lang='lat' dir='ltr'><strong>proverbium</strong></span> 
     </span>
     <span class='ocr_line' id='line_1_39' title="bbox 261 2858 1826 2914; baseline 0.001 -18"><span class='ocrx_word' id='word_1_316' title='bbox 261 2858 338 2897; x_wconf 87' lang='lat' dir='ltr'><strong>fuit</strong></span> <span class='ocrx_word' id='word_1_317' title='bbox 384 2858 518 2911; x_wconf 84' lang='grc' dir='ltr'><strong><em>ῥαχίας</em></strong></span> <span class='ocrx_word' id='word_1_318' title='bbox 560 2858 790 2914; x_wconf 86' lang='grc' dir='ltr'><strong><em>λαλίστερος.</em></strong></span> <span class='ocrx_word' id='word_1_319' title='bbox 834 2860 1066 2912; x_wconf 82' lang='lat' dir='ltr'><strong>Diogenian.</strong></span> <span class='ocrx_word' id='word_1_320' title='bbox 1101 2862 1137 2908; x_wconf 83' lang='lat'><strong><em>7,</em></strong></span> <span class='ocrx_word' id='word_1_321' title='bbox 1171 2861 1238 2899; x_wconf 88' lang='grc'><strong><em>99.</em></strong></span> <span class='ocrx_word' id='word_1_322' title='bbox 1307 2859 1472 2912; x_wconf 86' lang='lat' dir='ltr'><strong>Gregor.</strong></span> <span class='ocrx_word' id='word_1_323' title='bbox 1514 2859 1632 2910; x_wconf 80' lang='lat' dir='ltr'><strong>Cypr.</strong></span> <span class='ocrx_word' id='word_1_324' title='bbox 1671 2860 1717 2910; x_wconf 89' lang='lat'><strong><em>3,</em></strong></span> <span class='ocrx_word' id='word_1_325' title='bbox 1758 2859 1826 2898; x_wconf 87' lang='lat'><strong><em>58.</em></strong></span> 
     </span>
     <span class='ocr_line' id='line_1_40' title="bbox 261 2918 642 2971; baseline 0.008 -15"><span class='ocrx_word' id='word_1_326' title='bbox 261 2918 439 2967; x_wconf 75' lang='lat' dir='ltr'><strong>ApostoL</strong></span> <span class='ocrx_word' id='word_1_327' title='bbox 476 2920 542 2971; x_wconf 88' lang='lat'><strong><em>15,</em></strong></span> <span class='ocrx_word' id='word_1_328' title='bbox 576 2922 642 2959; x_wconf 92' lang='grc'><strong><em>21.</em></strong></span> 
     </span>
    </p>
   </div>
  </div>
 </body>
</html>
