2014 3334
326 255 414 297 640
628 231 631 235 ¹
971 257 1234 290 ΑΔΕΣΠΟΤΑ

323 368 381 406 ita
412 370 571 406 tantum
604 367 805 417 pertinere
837 369 987 417 potest,
1026 370 1073 405 ut
1104 370 1174 406 aut
1198 367 1432 407 Doriensem
1469 370 1671 409 hominem
1708 371 1891 411 introdu-

324 431 431 465 ctum
463 430 534 465 aut
565 426 750 465 Doricam
785 427 1000 465 dialectum
1031 427 1196 466 inrideri
1228 430 1463 466 statuamus.

1050 553 1164 595 1373

609 613 918 669 Πριαμύλλιον

440 699 611 738 Bekker.
633 700 780 738 Anecd.
808 700 905 750 856,
939 700 963 737 2
1006 692 1047 752 (ὁ
1077 695 1362 750 ὑποκορισμὸς)
1393 705 1462 739 τοῦ
1493 701 1648 753 γελοίου
1680 701 1806 754 χάριν,
1837 699 1891 750 ὥς

323 756 365 796 τὸ
397 758 671 812 Πριαμύλλιον
703 755 723 796 ὁ
755 758 947 810 Πρίαμος.
983 778 1031 784 —
1068 757 1421 810 Πριαμιλλύδριον,
1453 759 1502 798 de
1533 773 1611 810 quo
1643 761 1693 799 cf.
1719 761 1889 800 Lobeck.

322 818 477 858 Pathol.
510 819 609 868 prol.
645 820 727 857 299
768 821 808 856 et
847 819 927 856 401
963 830 1001 856 n.
1035 818 1078 864 9,
1122 817 1351 867 Epicharmi
1395 831 1480 857 esse
1524 820 1800 870 cognoscimus
1843 833 1890 859 ex

324 877 497 916 Cramer.
516 877 665 915 Anecd.
687 876 757 915 Ox.
784 877 867 914 IIII
897 878 979 915 254
1014 872 1081 929 (fr.
1107 879 1187 914 114
1211 873 1412 930 Lorenz.):
1444 879 1619 917 eiusdem
1646 891 1731 918 esse
1757 881 1892 930 potest

326 935 608 987 Πριαμύλλιον,
641 937 709 975 sed
741 949 820 974 non
853 936 982 973 minus
1015 936 1242 974 comoediae
1274 937 1445 975 Atticae.

1052 1051 1165 1093 1374
1242 1083 1249 1085 -

606 1111 774 1166 σατύρα

440 1198 686 1236 Eustathius.
750 1197 798 1235 cf.
834 1197 957 1235 1352.

1051 1300 1164 1342 1375

606 1359 772 1411 σαῦσαξ

438 1447 691 1486 Herodianus
729 1446 749 1484 I
790 1447 892 1496 524,
940 1447 1005 1484 17.
1047 1445 1086 1483 ΙΙ
1132 1447 1176 1496 8,
1219 1447 1271 1484 15
1316 1444 1586 1496 σημειούμεθα
1623 1475 1633 1484 .
1663 1475 1674 1485 .
1705 1475 1716 1485 .
1752 1444 1889 1498 ἔχοντα

321 1506 440 1557 φύσει
471 1504 626 1558 μακρὰν
657 1503 729 1555 τὴν
754 1503 1062 1556 παραλήγουσαν
1086 1502 1152 1543 καὶ
1178 1502 1431 1543 συστέλλοντα
1450 1503 1492 1543 τὸ
1514 1507 1551 1543 ἆ.
1602 1503 1675 1544 εἰσὶ
1701 1503 1743 1544 δὲ
1767 1511 1888 1545 ταῦτα

321 1565 439 1618 κύρια
477 1563 668 1615 ὀνόματα,
706 1562 771 1602 καὶ
808 1563 850 1602 τὸ
889 1564 1048 1611 σαῦσαξ.
1104 1562 1202 1614 φασὶ
1240 1562 1281 1602 δὲ
1320 1559 1419 1602 εἶναι
1453 1569 1566 1603 τοῦτο
1599 1561 1776 1615 ὄσπρεον.
1839 1565 1888 1604 cf.

321 1626 442 1664 etiam
476 1626 493 1662 Ι
527 1627 596 1675 42,
630 1626 696 1662 25.
742 1620 907 1675 (σάνσαξ
934 1618 1001 1675 D).
1057 1623 1202 1670 σαύταξ
1230 1620 1256 1674 ἢ
1284 1622 1431 1670 σαύσαξ
1457 1623 1586 1662 Draco
1616 1626 1681 1672 19,
1709 1626 1744 1662 2.
1791 1624 1888 1671 σῦαξ

321 1681 581 1734 φασηλοειὸὲς
613 1681 777 1735 ὄσπριον
810 1682 1069 1721 Choerobosc.
1100 1685 1196 1732 305,
1230 1685 1285 1721 20
1316 1682 1430 1722 Lasc.
1479 1683 1527 1722 cf.
1548 1681 1720 1722 Cramer.
1739 1684 1888 1722 Anecd.

321 1744 392 1783 Ox.
425 1744 485 1781 III
519 1745 623 1793 284,
665 1744 730 1780 13.
762 1743 933 1780 Lobeck.
966 1742 1095 1780 Pan-al.
1130 1744 1227 1780 276.
1268 1742 1438 1792 Hesych.
1489 1741 1705 1788 σαύσακας·
1748 1741 1890 1794 τυροὺς

320 1801 498 1850 ἁπαλοὺς
530 1801 760 1852 εὐτρόφους.
809 1799 877 1839 καὶ
908 1801 1070 1840 δοκοῦσι
1103 1798 1144 1839 δὲ
1170 1795 1279 1840 οὗτοι
1300 1797 1601 1854 (εὐ)επιφόρους
1631 1804 1760 1841 ποιεῖν
1789 1799 1888 1853 πρὸς

321 1863 550 1901 συνουσίαν.
596 1859 697 1899 ‘fieri
734 1862 867 1911 potest
905 1863 949 1898 ut
980 1861 1054 1899 hoc
1086 1860 1165 1899 cibi
1196 1873 1322 1911 genus
1355 1860 1458 1910 apud
1491 1860 1697 1912 comicum,
1728 1861 1798 1899 ubi
1827 1861 1887 1899 in-

320 1927 485 1961 ventum
517 1925 604 1960 erat
636 1915 816 1973 (videtur
847 1919 952 1958 enim
978 1932 1025 1958 ex
1056 1920 1236 1971 comico),
1261 1920 1312 1958 ab
1336 1919 1427 1958 aliis
1446 1920 1566 1958 aliter
1591 1916 1885 1970 explicaretur'.

320 1981 456 2020 Lehrs.

1046 2059 1159 2101 1376

606 2117 881 2174 σεσωσμένος

438 2203 596 2258 γυναικὶ
628 2203 885 2256 συγγεγονώς.
935 2203 1171 2254 Hesychius.
1204 2204 1310 2255 quod
1342 2199 1554 2255 ‘quomodo
1587 2204 1783 2254 significet.
1806 2217 1885 2243 non

320 2267 416 2304 satis
451 2266 665 2316 adsequor,
702 2265 779 2302 nisi
818 2277 864 2301 ex
902 2263 1049 2302 comico
1082 2263 1252 2314 quodam
1285 2258 1364 2302 sit?
1400 2263 1569 2302 Alberti.
1617 2276 1665 2301 ne
1691 2265 1776 2301 tum
1798 2263 1883 2313 qui-

322 2327 409 2363 dem
443 2325 646 2375 intellego,
679 2324 829 2362 comica
859 2325 994 2361 autem
1026 2322 1139 2372 origo
1171 2323 1262 2372 plus
1293 2335 1413 2372 quam
1445 2322 1576 2360 dubia.

1047 2438 1155 2480 1377

602 2498 935 2554 σποὸησιλαύρα

438 2585 686 2623 Eustathius.
737 2585 785 2622 cf.
808 2584 933 2622 1352.
984 2582 1250 2633 Hesych.-62t.
1277 2578 1303 2632 ἡ
1331 2580 1399 2628 τὰς
1425 2579 1544 2629 ὁδοὺς
1574 2582 1763 2634 τρίβουσα
1787 2579 1814 2633 ἢ
1839 2580 1882 2621 ἐν

320 2648 401 2691 ταῖς
433 2642 540 2690 ὁδοῖς
571 2641 792 2695 τριβομένη.

1045 2723 1157 2765 1378

602 2782 976 2838 σχιζογυάνὸρους

436 2870 528 2917 τοὺς
553 2869 816 2919 συκοφάντας.
847 2868 1084 2918 Hesychius.
1133 2863 1251 2906 ‘mira
1278 2880 1362 2918 νοΧ,
1394 2868 1427 2906 si
1453 2868 1552 2907 bene
1579 2880 1619 2906 se
1644 2867 1800 2915 habeat,
1833 2879 1880 2905 ex

321 2931 469 2969 comico
513 2930 648 2980 aliquo
693 2924 954 2978 deprompta-².
998 2927 1168 2966 Alberti.
1216 2922 1280 2965 ene
1324 2926 1678 2979 σχιζογυνάνδρους
1720 2926 1882 2976 quidem

1959 52 1980 64 λ
