2014 3334
725 247 944 283 ΑῙΤῼΛΟΣ
972 266 1016 272 -
1043 245 1318 281 ΕΤΕΡΓΕΤΑΙ
1453 241 1467 270 f
1726 241 1813 284 327

227 357 498 418 βλεπέλαιοις.)
545 363 587 401 et
608 361 820 413 Epictetus
840 361 882 400 in
902 359 1033 412 cynici
1054 358 1305 411 supellectile
1325 357 1612 398 commemorat
1630 354 1814 408 λήκυθον
1841 365 1845 368 ’

226 420 293 463 καὶ
322 422 458 476 πήραν
509 414 766 476 Schweigh.).
814 434 895 461 non
925 420 1066 472 liquet.
1150 421 1217 459 14.
1249 415 1465 471 ὡρολόγιον
1505 418 1568 457 est
1605 417 1816 457 viatorium

217 484 382 534 pensile.
424 482 581 523 Vitruv.
604 484 641 533 9,
669 483 709 533 8,
737 483 774 521 1.
831 493 877 520 ac
909 476 1064 520 ‘solarii
1095 478 1408 520 Herculanensis
1442 490 1600 517 summa
1630 478 1693 517 est
1723 489 1814 516 cum

227 544 407 595 ampulla
439 542 590 583 olearia
622 537 872 582 similitudo?
922 540 1041 580 Mein.

1005 646 1032 688 3

442 718 541 772 ἐξὸν
571 715 748 775 γυναῖκ’
785 718 943 774 ἔχοντα
974 720 1267 760 κατακεῖσθαι
1298 715 1441 771 καλὴν

440 790 515 836 καὶ
545 792 743 847 Λεσβίου
774 790 954 847 χυτρῖδε
987 788 1231 846 λαμβάνειν
1264 788 1366 832 δύο·
1414 848 1416 850 q

441 863 465 907 ὁ
497 864 718 921 φρόνιμός
750 861 842 906 ἐστι
873 867 1022 917 τοῦτο,
1053 867 1188 905 τοῦτο
1220 861 1434 917 τάγαθόν.

437 933 696 993 Ἐπίκουρος
727 937 848 990 ἔλεγε
879 932 1015 978 ταῦθ’
1053 933 1080 977 ἃ
1098 939 1198 977 νῦν
1229 932 1315 989 ἐγὼ
1348 931 1476 988 λέγω.

402 1019 423 1052 5
443 1009 486 1052 εί
513 1014 676 1052 τοῦτον
708 1009 817 1060 ἔζων
849 1007 1011 1058 πάντες
1042 1005 1095 1049 ὃν
1128 1005 1213 1061 ἐγὼ
1247 1007 1303 1058 ζῶ
1335 1007 1453 1061 βίον,

441 1078 536 1124 οὔτ’
573 1081 736 1146 ἄτοπος
767 1076 824 1136 ἦν
856 1078 912 1122 ἂν
944 1079 1047 1122 οὔτε
1080 1079 1233 1134 μοιχὸς
1265 1075 1372 1120 οὐδὲ
1404 1071 1478 1128 εἷς.

345 1168 580 1208 Athenaeus
615 1156 802 1220 722790
844 1164 887 1206 ἐν
924 1167 977 1223 τῷ
1004 1161 1265 1222 Ἀνδροφόνῳ
1305 1161 1611 1220 ἐπιγραφομένῳ
1644 1161 1665 1202 ὅ
1698 1160 1815 1209 αὐτὸς

224 1227 365 1269 Βάτων
403 1223 479 1284 (sic
510 1227 698 1279 casaub„
737 1226 908 1267 Πλάτων
939 1226 995 1278 A,
1034 1226 1083 1266 cf.
1115 1226 1234 1266 Mein.
1268 1225 1288 1264 I
1320 1222 1428 1278 481)
1475 1223 1683 1271 διαπαίξας
1727 1220 1815 1261 τινὰ

225 1294 304 1330 τῶν
335 1287 518 1329 ἐπιεικῶν
549 1287 785 1339 φιλοσόφων
830 1284 1006 1340 ἐπιφέρει
1037 1288 1113 1325 κτλ.
1179 1288 1217 1326 2.
1249 1285 1405 1338 χυτρῖδε
1437 1282 1626 1334 Gasaub]
1661 1282 1815 1336 χυτρίδε

226 1349 276 1390 A.
326 1349 505 1403 χυτρίδια
523 1349 688 1389 Porson.
734 1349 790 1388 ⁷3.
822 1352 953 1399 τοῦτο,
983 1351 1098 1387 τοῦτο
1120 1344 1309 1396 Oasaub]
1337 1349 1453 1386 τοῦτο
1480 1345 1527 1383 A·.
1565 1341 1591 1391 ,ὅ
1611 1358 1679 1396 φρ.
1700 1337 1816 1390 οὗτός

228 1408 320 1461 ἐστι,
351 1414 467 1450 τοῦτο
489 1409 646 1449 Kaibel.
709 1409 748 1448 5.
779 1407 950 1455 ἅπαντες
969 1406 1051 1446 AO.
1076 1427 1125 1434 —
1158 1409 1195 1446 1.
1227 1406 1276 1446 cf.
1297 1405 1433 1457 adesp.
1456 1406 1554 1444 282.
1613 1406 1651 1443 2.
1684 1402 1816 1456 χυτρίς

225 1470 427 1523 χυτρῖδος,
463 1472 511 1509 ut
547 1464 669 1522 χειρίς
705 1468 875 1521 χειρῖδος
907 1462 1079 1522 (Mein.)
1124 1465 1341 1519 λαμβάνειν
1374 1478 1504 1506 emere.
1569 1465 1608 1504 5.
1639 1464 1666 1504 i.
1698 1477 1730 1503 e.
1765 1459 1814 1503 ‘si

225 1542 314 1570 mco
353 1529 519 1570 consilio
557 1531 772 1569 uterentur
815 1540 970 1580 omnes,
1010 1527 1110 1566 laeti
1149 1529 1190 1566 et
1227 1526 1406 1566 contenti
1444 1523 1673 1566 essenteis
1711 1536 1814 1574 quae

225 1590 378 1630 homini
408 1590 627 1641 permissae
660 1590 754 1629 sunt
784 1583 1093 1640 voluptatibus'.
1161 1589 1198 1627 6.
1231 1583 1379 1634 ἄτοπος
1411 1588 1458 1626 ut
1489 1584 1721 1637 philosophi
1746 1583 1815 1623 isti

227 1650 297 1703 qui
327 1650 369 1689 in
400 1651 448 1690 fr.
484 1652 507 1690 2
541 1650 919 1690 commemorantur.

882 1751 1157 1786 ΕΤΕΡΓΕΤΑΙ

1005 1826 1033 1867 4

443 1896 495 1942 εὗ
525 1898 587 1954 γ’,
622 1895 655 1941 ὦ
688 1898 880 1954 Σιβύνη,
913 1898 990 1948 τὰς
1020 1898 1184 1948 νύκτας
1215 1896 1270 1940 οὐ
1302 1895 1600 1951 καθεύδομεν,

444 1969 542 2014 οὐδ’
579 1966 955 2028 ἀνατετράμμεθ’,
989 1969 1099 2012 ἀλλὰ
1130 1968 1282 2012 κάεται
1313 1968 1489 2024 λύχνος,

443 2042 516 2086 καὶ
547 2044 737 2098 βυβλίον
769 2041 818 2085 ἐν
849 2048 946 2092 ταῖς
977 2043 1116 2099 χερσί,
1148 2039 1223 2084 καὶ
1255 2040 1551 2098 φροντίζομεν

443 2117 490 2158 τί
517 2115 688 2170 Σόφων
720 2109 1000 2158 καταλέλοιπ’
1035 2112 1063 2169 ἢ
1095 2114 1141 2155 τί
1170 2111 1527 2168 Σημωνακτίδης

403 2198 423 2230 5
445 2186 468 2230 ὁ
502 2189 621 2244 Χῖος,
653 2186 680 2242 ἣ
719 2186 996 2243 Τυνδάριχος
1028 2184 1051 2228 ὁ
1083 2184 1351 2239 Σικυώνιος,

442 2258 469 2314 ἢ
504 2261 778 2316 Ζωπυρῖνος.
841 2261 888 2302 Β.
923 2257 1057 2308 αὐτὸς
1089 2256 1278 2314 εὕρηκας
1311 2253 1359 2299 δὲ
1391 2257 1453 2308 τίς

444 2334 497 2374 A.
516 2332 570 2374 τὰ
589 2330 785 2388 μέγιστα.
819 2333 867 2374 B.
888 2337 994 2373 ποῖα
1013 2335 1170 2387 ταῦτας
1190 2333 1243 2372 A.
1263 2331 1368 2380 τοὺς
1386 2329 1660 2384 τεθνηκότας
1679 2352 1725 2358 -—

349 2418 583 2459 Athenaeus
620 2420 686 2470 14,
717 2420 831 2459 6620
875 2416 1071 2469 ἀοιδίμων
1116 2414 1352 2470 ὀψαρτυτῶν
1396 2413 1572 2468 ὀνόματα
1614 2413 1816 2469 καταλέγει

230 2478 370 2536 ΙΞάτων
409 2477 452 2518 ἕν
484 2476 721 2533 Εὐεργέταις
760 2477 885 2526 οὕτως
915 2480 992 2517 κτλ.
1075 2480 1112 2517 2.
1145 2472 1461 2531 ἀνατετράμμεθ’
1496 2474 1635 2526 Both.]
1675 2474 1816 2529 ἀναγε-

231 2539 444 2593 γράμμεθα
469 2539 517 2578 A.
567 2538 718 2578 καίεται
742 2539 791 2578 Α.
855 2540 892 2578 3.
926 2537 1083 2590 βιβλίον
1114 2535 1157 2577 ἐν
1188 2535 1379 2588 Bothius]
1414 2536 1571 2589 βιβλίον
1595 2536 1644 2575 Α.
1690 2532 1812 2588 βιβλί’

230 2598 273 2639 ἕν
306 2600 471 2639 Porson.
533 2600 571 2638 4.
605 2599 661 2638 sic
680 2599 844 2639 Porson.
879 2603 1019 2649 σοφῶν
1045 2595 1323 2637 καταλέλοιπεν
1342 2611 1426 2649 ητις
1445 2593 1744 2648 ἡμωνακτείδης
1766 2595 1815 2635 A.

232 2661 271 2700 5.
307 2658 551 2711 Τυνδάριχος
575 2657 758 2710 Porson.]
785 2658 1021 2712 τυνδαρικος
1042 2658 1090 2698 Α.
1155 2661 1192 2698 7.
1223 2660 1321 2697 ποῖα
1341 2655 1583 2708 Schweigh]
1616 2654 1732 2696 πόσα.
1774 2657 1816 2695 in

231 2720 309 2759 fine
347 2719 550 2759 Porsonus
593 2719 756 2770 supplet
799 2717 894 2758 ὅταν
937 2732 1011 2771 περ
1056 2715 1320 2771 ὀσφρανθῶσι
1357 2722 1459 2757 ποιῶ
1500 2717 1572 2768 ζῆν
1609 2715 1730 2756 πάλιν
1767 2729 1815 2755 ex

231 2780 401 2819 Philem.
435 2780 506 2829 79,
540 2779 609 2818 26.

351 2838 511 2891 Σιβύνη
543 2839 660 2890 coqui
691 2839 894 2890 loquentis
926 2838 1080 2878 famula
1111 2840 1184 2878 est.
1264 2841 1300 2877 2.
1333 2832 1641 2889 ἀναπεπαύμεθ’
1678 2835 1816 2876 Cobet.

232 2899 282 2939 N.
314 2900 339 2939 l.
375 2900 473 2938 125.
514 2894 603 2938 veest
633 2898 741 2938 enim
778 2896 1060 2938 ἀναπαύεσθαι
1100 2898 1142 2937 in
1173 2910 1251 2937 usu
1283 2898 1331 2937 de
1370 2897 1427 2936 eis
1465 2897 1534 2949 qui
1572 2909 1814 2948 quamquam

234 2971 418 2999 somnum
448 2972 529 2999 non
567 2958 733 3011 capiunt
770 2959 1029 3011 requiescunt
1066 2960 1203 2998 tamen
1234 2959 1276 2997 et
1313 2958 1448 3010 quiete
1487 2957 1640 2998 sessum
1671 2969 1815 3009 corpus
