2014 3334
265 218 350 259 646
597 204 600 209 ’
906 214 1167 248 ΑΔΕΣΠΟΤΑ

993 323 1107 364 1400

384 411 582 450 Lucianus
614 411 673 448 De
705 423 820 448 merc.
854 410 965 448 cond.
1000 410 1052 448 27
1099 413 1310 460 τοιγαροῦν
1341 406 1499 461 ἀνάγκη
1526 394 1742 460 μειοῦσθαι
1773 407 1840 449 καὶ

266 476 392 525 σιωπῇ
425 468 678 521 ἀνέχεσθαι
708 467 1042 519 ὑποιμώζοντα
1079 466 1145 506 καὶ
1182 465 1524 520 ἀμελούμενον.
1552 464 1558 519 Ι
1588 470 1642 508 28
1645 465 1734 524 ἢν
1764 465 1837 520 μὲν

264 529 348 583 γὰρ
380 530 575 584 κατείπῃ
609 528 692 568 σού
724 543 792 576 τις
822 528 1037 579 ψίθυρος
1069 522 1132 580 (ψ.
1152 522 1202 580 τ.)
1235 524 1440 579 οἰκέτης,
1474 528 1480 575 Ι
1509 525 1568 576 ὥς
1599 526 1721 579 μόνος
1751 525 1838 568 οὐκ

265 587 457 645 ἐπῄνεις
493 587 573 628 τὸν
610 594 679 640 τῆς
717 588 927 638 δεσποίνης
964 586 1175 626 παιδίσκον
1218 584 1536 639 ὀρχούμενον,
1570 584 1575 639 Ι
1609 587 1840 636 κίνδυνος

265 646 372 702 (add.
405 645 504 701 ἐστ’)
545 646 599 687 οὐ
643 646 810 699 μικρὸς
849 646 897 686 ἐκ
934 651 1016 686 τοῦ
1054 646 1341 699 πράγματος.
1370 646 1375 696 Ι
1409 645 1480 699 χρὴ
1520 641 1593 687 οὖν
1630 643 1838 721 χερσαίουΙ

266 708 504 760 βατράχου
543 707 682 758 δίκην
721 707 938 758 διψῶντα
976 703 1077 757 (huc
1114 708 1267 757 ssransp.
1304 701 1402 761 χρὴ)
1441 704 1745 760 κεκραγέναι,
1782 705 1842 755 ὡς

266 765 420 821 (ὅπως)
453 766 681 818 ἐπίσημος
718 765 786 822 ἔσῃ
827 765 869 805 ἐν
909 769 990 813 τοῖς
1034 764 1240 805 ἐπαινοῦσι
1281 761 1470 820 (for‘nasse
1508 770 1588 814 τοῖς
1623 765 1840 807 ἕπαίνοισιν

268 823 431 882 φανῇς).
466 849 518 854 -
552 827 658 867 vitae
690 827 928 877 parasiticae
960 826 1167 865 molesssiae
1198 827 1396 865 recenseri
1426 827 1623 866 videntur.

996 942 1107 984 1401

389 1030 588 1069 Lucianus
619 1029 737 1080 Apol.
769 1042 840 1079 pro
872 1042 992 1068 merc.
1024 1028 1136 1068 cond.
1163 1030 1187 1067 8
1231 1023 1308 1081 ἆρα
1338 1028 1544 1081 κράτιστον
1576 1060 1586 1069 .
1617 1059 1627 1070 .
1659 1060 1668 1069 .
1700 1044 1841 1082 παραι-

268 1093 421 1129 τεῖσθαι
453 1089 691 1142 συγγνώμην
724 1087 824 1141 ἔχειν
850 1104 916 1140 μοι
948 1087 1041 1136 τοὺς
1067 1086 1337 1163 ἐπιτιμῶντας,
1369 1088 1520 1188 εἰδότας
1551 1087 1610 1137 ὡς
1641 1088 1842 1138 οὐδενὸς

268 1147 403 1200 ημεῖς
434 1148 612 1222 κύριοι,
651 1145 733 1188 ἀλλ’
775 1147 864 1188 ὑπό
902 1163 1033 1196 τινος
1070 1148 1467 1200 κρείττονος..
1500 1148 1716 1202 ἀγόμεθα
1758 1149 1843 1202 οὐχ

269 1208 476 1259 ἑκόντες,
514 1205 609 1248 ἀλλ’
651 1207 862 1248 ἀναίτιοι
902 1208 907 1257 Ι
944 1208 1194 1247 παντάπασιν
1232 1205 1340 1256 ὄντες
1377 1203 1439 1248 ὧν
1477 1224 1533 1248 αν
1571 1207 1779 1262 λέγωμεν
1815 1225 1842 1262 η

269 1274 491 1320 ποιῶμεν.
548 1269 604 1308 sic
633 1271 681 1308 Φ.
715 1263 771 1308 ὧν
796 1266 959 1321 λέγομεν
990 1283 1016 1319 η
1041 1273 1216 1319 ποιῶμεν
1242 1269 1284 1307 F.
1318 1263 1375 1308 ὧν
1406 1266 1577 1343 λέγομεν
1598 1284 1625 1341 η
1650 1274 1843 1321 ποιοῦμεν

270 1329 320 1367 M.
354 1330 522 1367 fortasse
555 1327 719 1376 οὐδενὸς
745 1327 819 1381 γὰρ
845 1325 958 1379 ημεῖς
982 1327 1126 1381 κύριοι,
1154 1324 1159 1381 Ι
1188 1326 1368 1381 ἀγόμεθα
1395 1325 1431 1367 δ’
1462 1327 1534 1381 οὐχ
1559 1327 1724 1377 ἑκόντες,
1755 1325 1838 1381 ἀλλ’
1887 1382 1890 1383 ⁷

271 1386 438 1427 ἀναίτιοι
466 1385 480 1440 Ι
500 1382 556 1427 ὧν
588 1386 749 1442 λέγομεν
781 1386 807 1440 ἢ
838 1393 1032 1440 ποιοῦμεν
1063 1386 1142 1427 ὑπὸ
1174 1393 1243 1428 τοῦ
1275 1388 1503 1439 κρείττονος.
1891 1384 1894 1385 ’

1002 1505 1114 1547 1402

390 1591 588 1629 Lucianus
608 1591 678 1630 Bis
698 1604 825 1630 accus.
848 1593 878 1630 8*
901 1589 1016 1630 ἀλλὰ
1040 1590 1084 1630 τί
1107 1590 1329 1643 δακρύεις
1353 1589 1432 1630 καὶ
1451 1591 1756 1643 σχετλιάζειςς
1783 1590 1842 1644 μὴ

273 1648 403 1689 δέδιθι
434 1646 604 1704 (φοβοῦ)
636 1680 645 1690 .
677 1681 687 1690 .
719 1680 729 1690 .
760 1654 990 1690 τεθνᾶσιν
1022 1649 1199 1690 ἐκεῖνοι
1235 1650 1408 1698 πάντες
1441 1650 1489 1690 οἱ
1515 1651 1735 1703 Σκείρωνες
1766 1650 1845 1691 καὶ

271 1709 640 1761 Πιτυοκάμπται
676 1708 743 1749 καὶ
780 1710 1063 1762 Βουσίριδες
1096 1706 1214 1764 (οίΒ.
1244 1706 1249 1763 Ι
1278 1708 1343 1749 καὶ
1362 1708 1433 1763 11.)
1465 1709 1544 1749 καὶ
1578 1711 1845 1763 Φαλάριδες

272 1766 379 1821 (add.
412 1769 454 1809 οἵ
480 1766 630 1824 πάλαι).
665 1770 670 1819 Ι
704 1768 814 1810 νυνὶ
852 1768 900 1809 δὲ
937 1770 1100 1821 Σοφία
1136 1769 1202 1809 καὶ
1235 1767 1520 1822 Ἀκαδήμεια
1559 1769 1625 1810 καὶ
1656 1767 1844 1822 (fortasse

273 1829 347 1868 σύν
377 1826 410 1868 τ’
435 1825 693 1886 Ἀκαδημεία)
725 1829 851 1870 Στοά
879 1830 884 1877 Ι
912 1829 1163 1882 κατέχουσι
1194 1829 1366 1881 πάντα,
1402 1836 1646 1882 πανταχοῦ
1684 1841 1732 1870 σε
1769 1832 1843 1882 ζη-

272 1895 406 1929 τοῦσι
439 1884 488 1943 (ζ.
516 1885 575 1942 σὲ)
616 1890 621 1939 Ι
660 1888 740 1929 καὶ
776 1888 883 1942 περὶ
921 1895 993 1930 σοῦ
1033 1887 1335 1963 διαλέγονται
1367 1885 1422 1943 (δ.
1447 1904 1487 1930 π.
1512 1886 1676 1944 Δίκης),
1707 1905 1844 1943 κεχη-

273 1948 404 1996 νότες
433 1947 438 1999 Ι
466 1949 512 1988 εί
529 1954 683 1989 ποθεν
704 1949 747 1997 ἐς
769 1946 847 2001 (ἐπ’
854 1947 870 2003 )
892 1948 1067 1997 αὐτους
1088 1946 1196 2002 (add.
1217 1944 1287 2003 av)
1307 1950 1596 2002 καταπτήσει
1614 1950 1766 1990 πάλιν.
1789 1972 1842 1978 --

274 2008 508 2060 καταπτήσει
546 2009 756 2060 Fritzsch]
801 2015 999 2061 καταπτῆς
1030 2010 1132 2050 ΑΨ.
1187 2015 1382 2064 καταπτῇς
1415 2009 1498 2049 CY.
1546 2016 1720 2064 καταπτῇ
1751 2010 1845 2049 UV.

273 2069 433 2108 videtur
469 2069 510 2107 in
549 2070 752 2109 comoedia
790 2083 948 2122 quoque
987 2083 1129 2109 scaena
1166 2070 1260 2109 talis
1291 2070 1432 2120 fuisse,
1475 2070 1606 2121 qualis
1638 2073 1699 2109 est
1740 2070 1846 2121 apud

274 2129 506 2168 Lucianum.

1007 2222 1120 2265 1403

394 2308 596 2347 Lucianus
616 2308 698 2347 Vit.
731 2311 834 2348 auct.
869 2312 892 2349 9
926 2315 1082 2361 πρῶτον
1113 2306 1184 2359 μὲν
1215 2301 1505 2361 παραλαβών
1543 2319 1590 2348 σε
1621 2307 1700 2348 καὶ
1730 2307 1847 2349 ἀπο-

277 2366 422 2414 δύσας
470 2365 555 2418 τὴν
605 2366 791 2419 τρυφὴν
837 2366 842 2420 Ι
887 2367 965 2408 καὶ
1008 2367 1183 2423 ἀπορίᾳ
1230 2364 1620 2424 συγκατακλῄσας
1663 2365 1721 2421 (σ.
1753 2365 1846 2422 ἀπ.)

275 2426 531 2479 τριβώνιον
565 2427 571 2476 Ι
604 2428 820 2479 περιβαλῶ,
858 2427 970 2479 μετὰ
1009 2427 1050 2468 δὲ
1082 2424 1214 2481 (τοῦτο
1244 2428 1331 2468 add.
1359 2429 1418 2482 M)
1450 2430 1619 2468 πονεῖν
1656 2426 1733 2468 καὶ
1762 2428 1845 2468 κά-

276 2501 412 2536 μνειν
444 2483 631 2539 (fortasse
657 2486 751 2538 μετὰ
782 2493 903 2527 ταῦτα
934 2488 1098 2539 κάμνειν
1128 2503 1163 2526 κ.
1188 2483 1248 2540 π.)
1279 2487 1642 2540 καταναγκάσω,
1670 2487 1676 2536 1
1703 2486 1847 2539 χαμαὶ

275 2546 576 2586 καθεύδοντα
613 2576 623 2586 .
655 2577 665 2588 .
697 2579 705 2587 .
743 2546 795 2587 τὰ
833 2545 881 2587 δὲ
919 2547 1191 2600 χρήματα,,Ι
1222 2545 1273 2586 ἂν
1304 2546 1412 2603 ἔχης,
1444 2546 1549 2599 ἐμοὶ
1579 2546 1845 2599 πιθόμενος

276 2604 343 2652 εἰς
373 2605 613 2645 θάλατταν
646 2605 884 2659 ἐμβαλεῖς,
911 2608 916 2657 Ι
944 2608 1097 2661 γάμου
1124 2603 1161 2646 δ’
1190 2605 1441 2659 ἀμελησεις
1471 2606 1550 2646 καὶ
1580 2607 1736 2646 παίδων
1765 2606 1847 2647 καὶ

276 2665 503 2718 πατρίδος
535 2662 620 2718 (καὶ
650 2681 761 2718 πατρ.
792 2682 830 2706 τε
863 2666 928 2706 καὶ
958 2663 1140 2720 τέκνων),
1172 2665 1179 2715 Ι
1212 2665 1289 2706 καὶ
1313 2665 1397 2717 τὴν
1432 2663 1652 2723 πατρῴαν
1684 2666 1844 2707 οἰκίαν

277 2722 521 2763 ἀπολιπὼν
553 2721 727 2778 (καύτὴν
758 2725 872 2766 ἀπολ.
903 2742 933 2766 τ.
964 2741 1004 2767 π.
1037 2723 1130 2779 οἰκ.)
1163 2723 1223 2778 Ιη
1253 2726 1381 2777 τάφον
1419 2725 1632 2777 οἰκήσεις
1667 2741 1694 2777 η
1724 2740 1845 2798 πυρ-

278 2783 381 2835 γίον
413 2780 583 2837 (πύργον
614 2783 729 2839 ΑΨ)
761 2785 938 2838 ε’ρημον
971 2784 995 2838 ἢ
1019 2786 1087 2826 καὶ
1112 2784 1206 2838 (om.
1239 2782 1302 2838 Ψ)
1334 2786 1483 2826 πίθον
1516 2783 1573 2839 (ἠ
1585 2785 1755 2839 πύργον
1771 2785 1844 2825 οἰκ.

279 2842 330 2893 ἕρ.
357 2840 382 2894 ἢ
409 2839 479 2896 π.).
515 2865 561 2871 —
600 2848 692 2884 sunt
723 2846 852 2897 cynici
883 2848 1009 2886 verba
1037 2846 1335 2886 adulescentem
1365 2846 1628 2886 admonentis,
1676 2843 1847 2898 πύργον,

279 2904 324 2940 ut
356 2903 507 2942 Timon.
1864 2911 1870 2916 ⁴
