2014 3334
244 239 332 282 630
602 243 605 247 ’
896 239 1022 272 ΑΔΕΣ
1029 238 1162 272 noTA

245 366 434 393 cccxmx·
483 350 688 402 Μητίοχος
707 350 829 389 etiam
849 350 1018 389 Bekker.
1037 349 1186 388 Anecd.
1207 350 1304 396 309,
1328 351 1379 388 17
1409 345 1566 400 τέμενος
1584 347 1812 401 Μητιόχου·

245 411 516 462 δικαστήριον,
555 404 781 461 ὀνομασθὲν
819 407 897 448 ἀπὸ
929 407 1139 460 Μητιόχου
1178 405 1445 459 ἀρχιτέκτονος
1481 405 1508 459 ’ἢ
1540 406 1703 460 ῥήτορος
1733 413 1812 448 τῶν

245 471 292 510 τὰ
323 469 497 523 βέλτιστα
529 468 919 521 συμβουλευσάντων.
970 469 1086 507 Phot.
1118 469 1362 519 Μητιοχεῖον
1393 462 1470 521 (sie
1496 468 1602 506 enim
1627 467 1712 507 cod.
1738 480 1814 507 om.

246 534 380 570 tamen
413 531 539 569 altero
572 526 630 582 0)·
665 527 926 579 δικαστήριον,
982 527 1202 578 Μητίοχος·
1235 524 1464 578 ἀρχιτέκτων
1494 525 1561 566 καὶ
1585 525 1712 579 ῥήτωρ
1728 532 1815 580 ρῶν

247 589 302 630 οὐ
331 588 377 628 τὰ
403 586 578 641 βέλτιστα
604 586 969 639 συμβουλευόντων.
1018 587 1060 625 in
1084 587 1266 626 versibus
1290 586 1504 626 trochaicis
1530 586 1671 626 comici
1689 586 1816 626 Attici

248 646 301 702 (si
334 651 427 688 sunt
458 644 617 700 comici)
651 648 780 687 tutius
813 649 875 686 est
905 647 967 686 uti
996 647 1127 685 forma
1156 645 1349 697 Μήτιχος.

367 710 455 747 erat
486 710 622 747 autem
655 707 738 746 sive
770 707 961 746 Metichus
993 706 1076 746 sive
1107 706 1322 745 Metiochus
1353 704 1581 757 στρατηγός,
1618 702 1817 755 ὁδοποιός,

250 767 475 818 σιτοφύλαξ.
525 767 640 806 Phot.
671 763 869 805 ὁδοποιοί·
903 765 944 805 οἵ
971 763 1076 804 ὁδῶν
1108 763 1346 816 ἐπιμεληταί.
1395 765 1444 804 cf.
1475 764 1662 804 Aeschin.
1690 766 1728 815 3,
1749 766 1817 804 25.

250 828 509 867 Schoemann.
530 826 626 865 Ant.
645 820 722 877 gr.2
742 826 761 864 I
785 827 883 865 430.
932 825 1166 875 Harpocrat.
1200 827 1241 863 et
1264 824 1381 863 Phot.
1414 823 1686 874 σιτοφύλακες·
1718 822 1817 876 ἀρχή

249 902 304 935 τις
335 881 387 938 ἧν
413 883 648 937 Ἀθήνησιν,
687 884 772 936 ἥτις
803 883 1019 936 ἐπεμελεῖτο
1052 883 1158 931 ὅπως
1190 881 1211 923 ὅ
1243 885 1347 930 σῖτος
1380 883 1541 930 δικαίως
1573 882 1819 935 πραθήσεται

250 945 316 986 καὶ
353 945 406 985 τὰ
443 942 618 995 ἄλφιτα
648 943 714 983 καὶ
751 944 799 984 οἱ
831 942 979 996 ἄρτοι.
1028 938 1132 995 ἦσαν
1165 940 1207 982 δὲ
1238 941 1306 982 τὸν
1338 941 1512 994 ἀριθμὸν
1542 942 1818 982 πεντεκαίδεκα

184 1046 188 1050 ,
252 1004 323 1058 μὲν
355 1000 670 1058 (πεντεκαίδεκα,
707 1002 800 1043 δέκα
831 1001 902 1055 μὲν
933 997 1087 1056 Vales.)
1119 1001 1162 1042 ἐν
1193 1000 1317 1053 ἄστει,
1349 1000 1462 1041 πέντε
1495 998 1530 1041 δ’
1567 1001 1610 1041 ἐν
1640 1002 1824 1054 Πειραιεῖ

252 1063 329 1118 (ὡς
361 1061 624 1117 Ἀριστοτέλης
662 1062 705 1103 ἐν
738 1060 967 1114 Ἀθηναίων
1006 1062 1180 1117 πολιτεία
1221 1062 1310 1101 add.
1345 1057 1573 1116 Harpocr)
1635 1062 1820 1101 similiter

251 1126 420 1164 Bekker.
453 1124 601 1163 Anecd.
635 1124 732 1173 300,
769 1125 834 1162 19.
885 1124 931 1161 cf.
961 1123 1139 1162 Schoem.
1160 1122 1254 1161 Ant.
1280 1117 1356 1173 gr.2
1383 1122 1402 1159 I
1428 1123 1526 1161 432.
1556 1143 1604 1148 ——
1632 1117 1818 1172 ‘conque-

251 1185 356 1224 ritur
380 1186 501 1234 poeta
519 1183 625 1234 quod
644 1183 866 1222 Metiochus
887 1182 1053 1221 Periclis
1085 1182 1217 1233 gratia
1242 1181 1323 1220 iam
1347 1181 1563 1231 plurimum
1588 1181 1631 1220 in
1656 1181 1819 1221 civitate

252 1244 387 1284 valeat
417 1245 458 1282 et
488 1243 606 1293 plura
635 1255 803 1281 munera
834 1255 954 1292 quam
985 1242 1039 1281 sit
1069 1240 1242 1293 aequum
1270 1241 1538 1290 usurpaverit.
1594 1241 1682 1290 lege
1713 1240 1820 1279 enim

252 1304 331 1342 fuit
350 1305 514 1342 cautum
538 1316 588 1341 ne
614 1302 702 1353 quis
723 1302 878 1341 duobus
905 1302 1025 1341 simul
1049 1300 1354 1353 magistratibus
1380 1299 1517 1339 eodem
1544 1313 1646 1339 anno
1677 1300 1820 1351 funge-

252 1359 392 1410 retur',
412 1362 693 1401 Demosthenis
713 1363 819 1400 certe
839 1362 971 1400 aetate
992 1356 1080 1414 (24,
1103 1357 1258 1412 [150]).
1295 1360 1442 1411 Bergk.
1455 1359 1500 1399 R.
1520 1372 1552 1398 c.
1568 1360 1652 1398 Att.
1669 1361 1735 1398 12.
1753 1360 1820 1398 13.

371 1422 597 1461 Archiloch.
632 1424 683 1461 71
718 1421 864 1472 Bergk.
898 1416 994 1475 (90)
1027 1425 1103 1459 νῦν
1142 1417 1184 1458 δὲ
1214 1418 1426 1469 Λεώφιλος
1457 1416 1528 1470 μὲν
1559 1416 1680 1471 ἄρχει,
1705 1418 1820 1458 Λεώ-

255 1485 369 1532 φιλος
395 1478 431 1520 δ’
461 1480 667 1533 ἐπικρατεῖ,
686 1480 884 1533 Λεωφίλῳ
918 1477 960 1518 δὲ
984 1479 1112 1518 πάντα
1137 1482 1259 1518 κεῖται
1291 1474 1426 1533 (πάντ’
1462 1477 1610 1517 ἀνεῖται
1640 1473 1820 1532 Bergk),

255 1541 470 1592 Λεωφίλου
504 1536 539 1579 δ’
569 1539 753 1580 ἀκούεται
773 1535 1001 1591 (Λεώφιλος
1034 1537 1076 1578 δὲ
1101 1538 1307 1578 κλαύσεται
1331 1532 1554 1591 Fritzsch.).
1591 1559 1639 1564 —-
1675 1539 1821 1577 veteris

255 1601 396 1640 comici
427 1612 512 1639 esse
544 1600 689 1639 statuit
720 1600 932 1648 Porsonus,
965 1598 1119 1638 Cratini
1150 1598 1390 1637 Archilochis
1421 1593 1487 1649 (cf.
1507 1597 1589 1636 hui.
1603 1593 1821 1650 edit.116)

254 1662 420 1711 propter
445 1659 678 1698 Archilochi
709 1659 977 1698 imitationem
1007 1659 1131 1697 inseri
1161 1657 1273 1696 iubet
1298 1657 1508 1708 Bergkius,
1533 1656 1751 1706 Hermippo
1777 1658 1823 1694 ut

256 1720 448 1759 acerrimo
481 1719 646 1758 Periclis
679 1718 905 1758 adversario
937 1718 1083 1757 tribuit
1108 1716 1344 1756 Meinekius.
1387 1716 1673 1767 Bernhardyus
1699 1710 1821 1768 (Hist.

257 1780 334 1818 litt.
360 1793 419 1831 gr.
445 1779 464 1817 I
491 1774 566 1831 53)
599 1791 691 1817 cum
716 1778 806 1817 aliis
839 1778 1079 1817 cantilenam
1110 1778 1320 1828 vulgarem
1350 1776 1473 1815 fuisse
1505 1775 1737 1815 arbitratur.

987 1893 1101 1935 1326

470 1965 497 2020 ἡ
529 1966 582 2008 τὰ
613 1969 795 2019 θνητῶν
827 1963 901 2007 καὶ
931 1964 984 2006 τὰ
1014 1968 1118 2006 θεῖα
1148 1959 1276 2005 πάντ’
1312 1958 1596 2006 ἐπισκοποῦσ’
1633 1961 1700 2005 ἀεὶ

472 2036 545 2080 καὶ
575 2032 756 2092 νέμουσ’
791 2036 917 2092 ἡμῶν
949 2034 1113 2094 ἑκάστῳ
1145 2035 1226 2090 τὴν
1257 2031 1351 2078 κατ’
1388 2034 1514 2087 ἀξίαν
1544 2034 1653 2089 τύχη

453 2142 455 2145 s
474 2110 680 2164 [μερίδα]

380 2196 578 2235 Stobaeus
605 2196 686 2234 Ecl.
716 2197 752 2245 1,
780 2190 893 2248 6(5),
927 2196 950 2233 6
984 2193 1183 2232 Wachsm.
1234 2189 1393 2244 ‘tragici
1423 2187 1593 2231 incerti'.
1623 2191 1826 2230 Wachsm.

261 2257 326 2294 Tr.
347 2269 405 2307 gr.
427 2256 474 2294 fr.
495 2256 627 2305 adesp.
649 2255 732 2293 425
754 2255 802 2293 N.
829 2254 989 2303 comico,
1021 2253 1091 2292 sed
1115 2265 1195 2291 non
1227 2252 1310 2291 sine
1336 2252 1598 2301 dubitatione,
1629 2245 1827 2289 tribuerat
1903 2265 1906 2268 ⁴
1983 2269 1985 2271 ·

261 2315 497 2354 Meinekius.
562 2318 596 2352 1.
629 2312 694 2353 ἀεί
716 2314 804 2352 add.
829 2313 1080 2363 IacobsEp.
1106 2312 1193 2351 crit.
1221 2313 1315 2351 229.
1372 2311 1476 2350 idem
1507 2311 1549 2349 in
1581 2310 1657 2349 fine
1689 2309 1827 2362 μερίδα

261 2378 307 2414 ut
338 2376 537 2427 glossema
567 2374 770 2424 expungit.

988 2451 1100 2494 1327
1394 2504 1396 2506 Ι

475 2535 600 2579 πόλλ’
638 2536 814 2579 ἀπιστία
846 2534 1060 2592 δέδρακεν
1092 2533 1240 2589 ἀγαθὰ
1271 2531 1343 2575 καὶ
1374 2534 1518 2582 πίστις
1548 2532 1669 2575 κακά.

381 2624 562 2663 Clemens
592 2623 707 2662 Alex·
741 2623 886 2662 Strom.
920 2624 959 2673 4,
993 2624 1016 2661 3
1049 2621 1136 2659 init.
1169 2640 1221 2646 -—
1263 2617 1330 2658 καὶ
1361 2619 1449 2658 add.
1481 2619 1682 2658 Klotzius:
1726 2632 1827 2669 quae

262 2684 420 2723 facilior
445 2686 505 2722 est
524 2684 628 2722 ratio
649 2696 768 2733 quam
789 2681 997 2732 Sylburgii
1017 2679 1227 2720 scribentis
1259 2674 1369 2718 πόλλ’
1404 2676 1562 2717 ἀπιστία
1589 2676 1594 2728 ἱ
1623 2676 1726 2730 δέδρ.
1752 2677 1828 2731 day„

262 2741 387 2782 πολλὰ
419 2739 454 2781 δ’
491 2736 542 2781 αὖ
573 2756 614 2780 π.
646 2757 695 2791 u„
715 2741 800 2792 ‘qui
832 2741 1107 2780 trimetrorum
1138 2738 1328 2789 reliquias
1361 2751 1446 2777 esse
1479 2740 1623 2777 censet.
1670 2735 1828 2777 ἀπιστία

266 2802 403 2841 eadem
442 2801 691 2853 significatur
728 2813 847 2852 quam
884 2800 1090 2851 praedicat
1120 2797 1384 2848 Epicharmus
1424 2802 1528 2847 νᾶφε
1564 2794 1630 2835 καὶ
1661 2793 1824 2848 μέμνασ’

265 2860 449 2900 ἀπιστεῖν.
499 2863 635 2911 potest
665 2860 827 2912 tragici,
867 2861 1002 2910 potest
1033 2858 1153 2898 etiam
1192 2857 1332 2896 comici
1362 2869 1501 2897 versus
1534 2868 1630 2895 esse.
1681 2857 1730 2895 cf.
1763 2857 1828 2896 Tr.

265 2934 323 2971 gr.
355 2922 403 2959 fr.
437 2920 571 2970 adesp.
603 2921 657 2959 86
690 2920 739 2958 N.
