2014 3334
241 248 329 289 374
621 280 624 284 ,
828 246 1220 285 ΑΔΕΞΑΝΑΡοΣ-

1015 393 1040 435 8

358 491 539 541 Append.
571 491 755 540 proverb.
789 492 828 541 4,
862 493 914 530 77
961 489 1380 542 συμβαλοῦμενος·
1421 486 1504 529 κατ’
1540 488 1713 540 ἔλλειψιν
1743 488 1809 530 καὶ

240 550 351 601 αὕτη.
413 548 524 589 ἐνδεῖ
547 548 622 602 γὰρ
654 548 708 597 εἰς
739 547 873 601 ἔρωτα.
923 546 1114 600 μέμνηται
1151 548 1292 601 ταύτης
1317 546 1572 601 Ἀλέξανδρος
1605 545 1807 602 (Ἀναξαψ

243 610 380 661 δρίὸης
423 609 661 660 Bernhardy
699 609 838 648 Jahrb.
870 610 897 649 f.
930 609 1155 648 wissensoh.
1189 609 1292 648 Krit.
1327 611 1452 659 1837,
1487 603 1602 662 178).
1663 608 1810 648 Athen.

244 671 309 721 15,
344 669 462 708 692d
493 664 593 723 (ind.
625 665 763 721 Mein.)
796 668 1076 720 συμβαλοῦμαί
1103 682 1137 707 τι
1169 666 1283 719 μέλος
1313 667 1408 720 ὑμῖν
1439 668 1494 715 εἰς
1526 667 1663 721 ἔρωτα,
1694 667 1810 707 κατὰ

240 727 319 767 τὸν
344 727 601 780 Κυθήριον
626 727 842 779 ποιητήν.
887 728 1062 777 Cyclopis
1094 728 1301 767 exordium
1321 741 1405 767 esse
1425 729 1648 767 arbitrabar
1663 728 1809 779 Bergk.

243 789 410 838 adparet
448 788 657 827 Philoxeni
699 788 899 827 locutione
944 787 1139 826 comicum
1185 800 1300 826 usum
1343 790 1383 826 et
1428 788 1680 826 scribendum
1724 799 1811 826 esse

244 847 525 900 συμβαλοῦμαί
548 859 611 887 σοι
635 844 750 898 μέλος
771 842 1069 899 (συμβαλοῦμαι
1087 844 1200 898 μέλος
1219 843 1367 899 Mein..)
1418 846 1812 897 Plat.Symp.185c

244 907 363 946 ταῦτά
396 918 458 946 σοι
565 905 654 958 περὶ
673 903 848 958 Ἑρωτος
879 905 1162 958 συμβάλλομαι.
1204 906 1370 978 Dionys.
1389 906 1479 947 Hal.
1503 905 1637 955 Comp.
1656 906 1764 945 verb.
1787 908 1808 944 1

244 966 519 1018 συμβάλλομαί
556 978 616 1005 σοι
656 964 773 1018 μέρος
813 962 946 1020 (μέλος
978 961 1112 1019 Mein.)
1153 965 1207 1012 εἰς
1246 964 1314 1005 τὸν
1353 964 1475 1019 ἔρωτα
1511 963 1553 1004 τὸ
1594 963 1682 1017 περὶ
1718 976 1813 1004 συν-

244 1024 395 1073 θέσεως
427 1024 645 1077 ὀνομάτων.

528 1191 666 1240 θόλος
1019 1129 1045 1171 9
1086 1196 1091 1201 ’

366 1275 512 1327 οἴκημα
544 1273 859 1329 στρογγυλοειδές
890 1304 899 1313 .
932 1304 941 1312 .
975 1307 982 1314 .
1016 1273 1141 1321 οὕτως
1167 1270 1432 1328 Ἀλέξανδρος.
1482 1274 1656 1313 Zonaras
1690 1276 1815 1314 1047.
1851 1280 1853 1282 ’

247 1336 521 1375 Alexandrum
552 1335 905 1385 Aphrodisiensem
942 1334 1020 1373 dici
1057 1336 1191 1373 censet
1221 1334 1490 1386 Tisstmannus.
1519 1356 1569 1360 —
1601 1333 1816 1386 significari

247 1396 408 1435 videtur
438 1398 688 1446 prytaneum.

368 1455 534 1505 adpareb
567 1455 700 1494 omnia
729 1453 948 1493 Alexandri
979 1454 1207 1505 fragmenta
1238 1453 1453 1492 admodum
1485 1453 1607 1491 dubia
1637 1465 1735 1492 esse.

735 1751 1330 1806 ΔΕΞΙΚΡΑΤΗΣ

860 1859 1028 1899 Meinek.
1060 1859 1080 1897 I
1113 1860 1210 1898 492.

710 1951 779 1983 ΤΦ
806 1949 1005 1984 ΕΑΤΤΩΝ
1029 1948 1359 1983 ΠΛΑΝΩΜΕΝΟΙ

535 2131 577 2171 εἰ
607 2127 655 2171 δὲ
687 2130 840 2184 μεθύω
872 2128 945 2172 καὶ
976 2130 1103 2184 χιόνα
1134 2130 1248 2170 πίνω
1280 2126 1352 2170 καὶ
1384 2129 1528 2183 μύρον

536 2191 734 2255 ἐπίσταμ’
771 2201 837 2242 ὅτι
869 2201 1104 2256 κράτιστον
1136 2203 1361 2253 Αἴγυπτος
1391 2207 1512 2242 ποιεῖ
1543 2225 1592 2230 -

370 2312 602 2350 Athenaeus
643 2313 686 2361 3,
728 2311 844 2350 124b
900 2309 1137 2362 Δεξικράτης
1186 2307 1227 2347 ἐν
1278 2311 1330 2363 τῷ
1369 2307 1670 2366 ἐπιγραφομένῳ
1712 2306 1814 2361 ‘an’

253 2369 404 2409 ἑαυτῶν
446 2369 700 2421 πλανώμενοί
739 2381 863 2420 φησιν
893 2372 970 2408 κτλ.
1047 2370 1083 2408 1.
1115 2367 1151 2407 εἰ
1180 2366 1243 2425 δὲ]
1274 2366 1331 2407 ἰδὲ
1362 2369 1524 2408 Person.
1573 2366 1651 2420 ’ἤδη
1683 2370 1818 2408 Dindf.

252 2430 291 2468 τί
320 2427 362 2468 δέ
394 2430 510 2468 Mein.
562 2430 629 2468 sed
666 2430 767 2468 nihil
804 2430 1059 2468 mutandum:
1102 2428 1214 2467 deest
1250 2428 1435 2477 apodosis
1472 2427 1510 2467 τί
1545 2439 1606 2468 σοι
1641 2426 1820 2480 διαφέρει

253 2494 385 2540 τοῦτο,
418 2485 574 2542 (Mein.)
605 2490 671 2529 vel
696 2490 777 2528 tale
809 2489 972 2540 aliquid.
1036 2490 1072 2527 2.
1106 2482 1281 2538 ἐπίσταμ’
1317 2486 1374 2534 ότι
1398 2485 1535 2542 Mein]
1569 2486 1632 2527 ἐπὶ
1662 2487 1820 2539 στόματι

255 2549 300 2587 A.
363 2549 410 2588 of.
450 2548 584 2588 Cobet.
622 2549 671 2587 N.
708 2549 734 2587 1.
769 2551 852 2588 704
885 2550 983 2586 οΧῇΥ.
1021 2547 1118 2586 Xen.
1151 2547 1265 2585 Mem.
1307 2549 1351 2598 2,
1387 2549 1428 2598 1,
1463 2549 1518 2586 30
1574 2546 1641 2586 ἴνα
1694 2544 1820 2598 ἡδέως

254 2608 429 2662 πίῃς..
461 2637 470 2646 .
501 2613 572 2647 τοῦ
603 2605 751 2661 θέρους
781 2606 893 2660 χιόνα
922 2604 1165 2659 περιθέουσα
1189 2607 1329 2657 ζητεῖς.
1390 2606 1728 2658 of.Euthyel.1.
1771 2607 1819 2646 de

254 2671 461 2718 unguento
493 2666 679 2717 Aegyptio
710 2668 813 2706 Plat.
845 2679 941 2706 com.
977 2668 1044 2717 69,
1079 2668 1115 2706 7.
