2014 3334
258 256 346 299 450
647 242 650 246 ’
900 258 1157 292 ΑΔΕΣΠΟΤΑ

1001 390 1088 433 215

542 471 680 526 γάμος
710 473 915 526 νεότητος
947 473 1106 528 δεσμὸς
1137 473 1474 528 ἀσφαλέστατος.

378 558 619 596 Plutarchus
651 558 749 596 Mor.
785 560 867 597 13f
902 557 1105 612 πειρατέον
1137 589 1146 598 .
1180 592 1187 599 .
1221 589 1229 598 .
1261 559 1372 616 γάμῳ
1402 561 1646 608 καταζεῦξαι·
1683 560 1824 612 δεσμὸς

259 616 331 669 γὰρ
364 611 479 663 οὗτος
510 622 578 668 τῆς
609 633 644 656 ν.
676 615 770 668 ἆσφ.

996 698 1081 740 216

543 787 631 822 τῶν
662 780 746 836 γὰρ
777 782 925 822 καλῶν
956 795 1024 822 τοι
1055 779 1127 823 καὶ
1159 782 1207 824 τὸ
1239 756 1497 839 μετόπωρον
1527 784 1675 825 καλόν.

378 867 620 905 Plutarchus
651 867 748 905 Mor.
784 867 900 906 177b
944 872 1023 906 τῶν
1053 883 1088 919 γ.
1118 882 1152 906 κ.
1182 866 1249 907 καὶ
1279 867 1322 907 τὸ
1353 884 1391 919 μ.
1423 883 1457 907 κ.
1489 867 1602 908 ἐστιν.

997 994 1082 1036 217

543 1079 592 1120 ἔα
623 1076 668 1133 μ’
705 1077 968 1120 ἀπολέσθαι·
1009 1083 1139 1120 τοῦτο
1171 1078 1255 1134 γάρ
1287 1094 1362 1133 μοι
1394 1078 1619 1135 συμφέρει.

375 1165 617 1203 Plutarchus
654 1165 753 1202 Mor.
793 1166 910 1204 446a
961 1162 1034 1216 οὐχ
1076 1159 1192 1215 ἧττον
1236 1160 1331 1219 (τοῦ
1375 1165 1701 1212 συνεπινεύοντος
1743 1168 1826 1212 ταῖς

259 1219 441 1276 ἡδοναῖς)
476 1221 496 1262 ὅ
522 1222 644 1262 εἰπών
673 1226 748 1262 κτλ.
798 1222 869 1274 τὴν
900 1224 1028 1275 κρίσιν
1053 1222 1129 1275 ἔχει
1159 1226 1212 1280 τῷ
1236 1223 1360 1263 πάθει
1386 1229 1666 1264 συναινοῦσαν.
1714 1225 1825 1263 Men-

258 1284 382 1322 andro
413 1283 559 1322 tribuit
591 1283 725 1322 Cobet.
759 1283 806 1321 V.
839 1279 884 1322 1.²
915 1285 1014 1334 400,
1051 1284 1281 1334 praeferens
1313 1286 1446 1323 tamen
1477 1284 1678 1323 Posidonii
1720 1284 1826 1334 apud

259 1342 456 1381 Galenum
493 1338 622 1395 (Bake
655 1343 713 1381 De
745 1342 928 1382 Posidon.
961 1343 1086 1381 Rhod.
1118 1357 1156 1393 p.
1191 1338 1295 1395 211)
1336 1342 1449 1383 τοῦτό
1486 1358 1568 1395 μοι
1603 1348 1691 1382 νῦν
1728 1354 1826 1394 συμ-

258 1400 381 1454 φέρει,
417 1398 478 1440 ‘ut
507 1402 549 1440 in
572 1404 773 1450 praesenti
804 1398 1109 1452 desperatione'.

999 1518 1084 1561 218

472 1592 639 1644 μισθοῦ
670 1589 754 1645 γὰρ
787 1588 1040 1645 ἀνθρώπων
1071 1604 1137 1639 τις
1168 1590 1412 1645 ἄνθρωπον
1443 1592 1574 1645 φιλεῖ.

378 1675 619 1714 Plutarchus
638 1675 737 1714 Mor.
757 1677 876 1715 495a
906 1675 1149 1726 θαυμάζεται
1173 1674 1247 1727 γὰρ
1273 1673 1316 1713 ἐν
1339 1677 1420 1722 τοῖς
1449 1674 1633 1726 θεάτροις
1660 1673 1681 1714 ὅ
1704 1674 1826 1714 εἰπών

260 1737 410 1785 μισθοῦ
446 1754 495 1760 -
531 1737 643 1784 φιλεῖ
667 1730 762 1773 κατ’
793 1730 1097 1786 Ἐπίκουρον·
1129 1733 1150 1773 ὅ
1181 1731 1308 1786 πατὴρ
1339 1733 1407 1773 τὸν
1432 1734 1537 1785 υἱόν,
1568 1732 1594 1785 ἡ
1626 1734 1752 1786 μήτηρ
1784 1733 1825 1773 τὸ

259 1792 411 1844 τέκνον,
443 1792 484 1832 οἷ
510 1793 648 1840 παῖδες
678 1793 771 1840 τοὺς
801 1793 994 1841 τεκόντας.
1044 1790 1218 1834 evidetur
1248 1794 1456 1833 Menandri
1487 1790 1599 1834 essc'.
1630 1794 1748 1833 Mein.

1000 1922 1085 1964 219

474 2006 685 2061 στροβεῖς
706 2006 907 2059 σεαυτόν,
942 2000 1026 2056 ζῶν
1057 2006 1238 2059 κοχλίου
1268 2006 1370 2059 βίον
1402 2003 1571 2062 (τινός).

379 2092 620 2130 Plutarchus
651 2091 747 2130 Mor.
783 2093 896 2130 525e
928 2093 1031 2142 κοχλ.
1056 2092 1091 2142 β.
1119 2092 1206 2138 ζῶν.
1252 2092 1369 2130 homo
1396 2091 1627 2131 divitiarum
1658 2091 1825 2140 cupidus

260 2151 467 2190 inridetur.
513 2151 635 2189 etiam
655 2163 756 2201 quac
783 2153 1006 2200 sequuntur
1034 2151 1260 2189 comoediae
1286 2151 1458 2189 colorem
1484 2163 1579 2199 prae
1605 2163 1647 2189 se
1672 2150 1824 2189 ferunt:

263 2210 328 2250 διὰ
359 2209 432 2261 τὴν
464 2210 718 2262 μικρολογίαν
749 2208 814 2248 καὶ
845 2208 891 2248 τὰ
923 2209 1127 2261 δυσχερῆ
1157 2208 1309 2248 πάντα
1340 2207 1597 2259 ὑπομένεις
1631 2206 1749 2248 οὐδὲν
1781 2203 1824 2247 εὗ

259 2270 435 2322 πάσχων,
467 2269 619 2320 ὥσπερ
651 2266 760 2316 ὄνος
785 2266 1029 2321 βαλανέως
1054 2268 1167 2316 ξύλα
1192 2267 1256 2307 καὶ
1282 2267 1468 2320 φρύγανα
1498 2267 1825 2317 κατακομίζων

260 2335 416 2369 καπνοῦ
447 2327 513 2368 καὶ
543 2326 717 2380 τέφρας
748 2327 1185 2379 ἀναπιμπλάμενος.

999 2456 1087 2499 220

546 2541 607 2590 εἰς
638 2542 876 2596 ματρυλεῖα
906 2537 979 2581 καὶ
1013 2538 1196 2588 κοπίδας
1227 2536 1300 2580 καὶ
1333 2515 1542 2595 φάρμακα

380 2624 446 2664 καὶ
465 2625 691 2678 μαγεύματα
710 2624 1050 2678 καθειργνύμενον
1070 2618 1295 2664 ἀκολάστων
1314 2630 1516 2677 γυναικῶν
1536 2620 1623 2678 (τὸν
1637 2621 1824 2676 ’Έρωτα).

262 2686 501 2724 Plutarchus
534 2686 630 2724 Mor.
667 2687 789 2724 7520.

1003 2764 1087 2806 221

547 2848 646 2889 οἵαν
677 2846 815 2889 ἀδικῶ
847 2845 1018 2902 γυναῖχ’
1055 2845 1078 2888 ὁ
1111 2846 1368 2901 δυσδαίμων
1400 2846 1497 2901 ἐγώ.

380 2933 620 2971 Plutarchus
648 2934 745 2972 Mor.
771 2934 887 2973 769d
921 2931 973 2984 μὴ
1007 2963 1016 2971 .
1038 2965 1044 2972 .
1066 2962 1075 2971 .
1108 2929 1128 2971 ὅ
1159 2930 1261 2983 ἀνὴρ
1292 2930 1553 2984 ἀναγκάζηται
1584 2929 1652 2978 τὰς
1682 2929 1725 2970 ἐκ
1755 2936 1823 2982 τῆς
