2014 3334
257 236 343 278 712
610 215 613 219 ’
776 234 1123 268 SUPPLEMENTA
1148 233 1256 267 v01..
1282 233 1301 265 1

377 350 457 386 146
487 345 560 386 οὐκ
580 346 662 385 ἴδια
681 342 767 385 τάδ’
791 344 955 385 οὖκετον
969 346 1069 396 Χαρ.
1082 344 1225 382 Miller.
1240 344 1444 395 Melanges
1462 346 1544 383 124
1561 339 1626 397 (O.
1638 344 1823 383 Kaehler.

255 408 389 447 Herm.
415 406 509 444 XXI
543 400 666 459 632):
699 419 779 456 qua
809 405 1006 445 varietate
1037 403 1138 442 nihil
1169 403 1388 453 proficitur.

377 467 459 505 152
511 468 635 516 μισεῖς
678 463 752 517 γὰρ
796 463 904 503 πάνυ
952 485 1002 490 -
1052 460 1180 515 τρέπει
1223 467 1300 502 νῦν
1342 462 1584 502 Bachmann.
1625 462 1772 503 Anecd.
1805 463 1826 502 I

257 528 360 576 324,
397 528 461 565 17.

374 585 433 624 De
463 585 590 623 Plutis
620 584 682 622 cf:
700 583 822 623 etiam
852 583 953 621 Birt.
986 581 1118 632 Elpid.
1154 583 1234 621 103
1267 583 1349 620 not.
1383 583 1450 621 68.

378 646 474 694 161,
508 645 531 682 2
564 641 649 693 καὶ]
681 642 783 690 κτείς
813 642 916 681 Birt.
947 656 985 692 p.
1020 643 1087 681 69.

378 705 474 743 162.
518 703 663 742 Pollux
695 704 734 753 4,
769 704 849 742 101
887 700 1087 741 damoeta
1119 697 1269 752 ὅρχημα
1299 699 1551 740 Λακωνικόν.

379 764 476 802 165.
506 763 555 801 cf.
587 762 687 801 Birt.
723 764 804 802 101
838 766 920 801 not.
955 762 1022 800 65.

381 824 476 861 172.
508 814 578 860 κεῦ
604 823 668 861 est
692 820 989 860 Hemsterhusii
1014 820 1254 869 coniectura,
1279 819 1457 859 refutata
1482 833 1506 859 a.
1530 820 1706 859 Porsono
1732 821 1827 860 Eur.

258 884 405 922 Phoen.
441 883 567 930 1422,
600 881 669 932 qui
702 877 784 920 ‘uoci
814 875 1048 931 numquam'
1079 879 1212 930 inquit
1244 875 1389 919 ‘crasin
1421 880 1519 919 facit
1545 893 1634 919 cum
1661 873 1719 931 εὖ,
1749 880 1828 919 nisi

258 943 298 981 in
330 937 588 991 compositis'.
645 941 694 979 cf.
725 941 881 979 Nauck.
911 939 1116 991 Melanges
1147 938 1186 977 V
1219 940 1317 978 222.

377 1001 436 1040 De
468 1001 608 1049 Pytine
639 1000 881 1039 allucinatur
912 999 1103 1038 Zielinski
1134 998 1234 1037 Mus.
1261 999 1386 1038 Rhen.
1413 998 1645 1038 XXXVIIII
1670 1000 1753 1038 301
1771 1011 1830 1050 sq.

381 1061 478 1110 186,
500 1062 537 1098 2.
557 1060 799 1099 testimoniis
814 1060 980 1110 Dionys.
995 1059 1084 1097 Hal.
1095 1058 1151 1096 VI
1174 1059 1300 1109 1041,
1322 1060 1388 1098 14.
1416 1058 1635 1109 Theophyl.
1657 1058 1829 1109 archiep.

261 1121 379 1172 Bulg.
411 1119 538 1170 Epist.
574 1121 626 1159 15
659 1133 697 1169 p.
731 1120 786 1158 24
818 1119 964 1158 Meurs.
997 1118 1109 1157 addit
1139 1117 1292 1157 Nauck.
1324 1118 1529 1170 Melanges
1562 1118 1598 1156 V
1632 1120 1730 1157 222.

381 1181 478 1219 209.
523 1178 702 1218 οἰκοῦσιν
740 1178 781 1218 οἱ
815 1177 1028 1231 φεύγοντες
1060 1173 1244 1231 (eoesules)
1285 1175 1474 1229 ἆΐδρυτον
1505 1177 1596 1229 βίον
1629 1174 1831 1229 (separato

261 1237 391 1286 ἄλλοις
424 1252 448 1278 a
478 1239 611 1279 verbis
642 1234 805 1290 poetae)
838 1239 983 1289 Enger.
1010 1238 1154 1276 Annal.
1180 1237 1422 1277 Fleckeisen.
1455 1237 1642 1276 LXXVII
1674 1238 1770 1277 558.

381 1300 480 1339 214.
511 1298 697 1338 Eustath.
719 1299 816 1348 838,
838 1299 891 1337 55
926 1297 968 1337 οἵ
988 1293 1026 1336 δ’
1050 1295 1166 1336 αὐτοί
1182 1292 1244 1350 (οἱ
1259 1297 1545 1349 διαφοροῦντες
1563 1295 1610 1335 τὰ
1629 1293 1832 1350 δημόσια),

262 1358 373 1410 φασί,
404 1357 471 1398 καὶ
496 1356 637 1410 μοργοὶ
666 1355 693 1409 ἢ
724 1355 902 1410 ἀμοργοί.

383 1418 446 1456 Ad
477 1418 673 1467 Seriphios
703 1417 879 1467 pertinet
911 1417 1080 1455 fortasse
1114 1416 1246 1466 adesp.
1280 1417 1407 1456 1238.

384 1479 481 1527 222,
514 1478 553 1516 3.
595 1476 962 1527 interpungendum
994 1478 1055 1515 est
1079 1477 1173 1526 post
1197 1470 1332 1527 ἦλθες.
1381 1471 1482 1515 esero
1507 1476 1660 1524 quidem
1683 1477 1833 1520 venisti,

264 1541 432 1577 attamen
462 1539 617 1576 venisti:
648 1537 745 1575 hora
774 1538 987 1575 novissima
1017 1547 1123 1579 sane,
1153 1538 1198 1574 ut
1227 1536 1354 1574 dicam
1385 1537 1486 1584 quod
1514 1531 1650 1575 sentio'
1685 1537 1759 1574 cet.

384 1599 480 1636 227.
519 1596 716 1635 Maassius
749 1596 886 1634 Herm.
918 1595 992 1633 XV
1026 1596 1108 1634 619
1153 1607 1200 1633 ex
1238 1594 1323 1633 cod.
1354 1595 1625 1634 Laurentiano
1656 1595 1834 1634 Pollucis

265 1658 361 1696 haec
404 1656 591 1706 protulit:
635 1657 1012 1706 λυχνοκαυστεῖν
1053 1651 1124 1704 μὲν
1162 1652 1239 1704 ἔφη
1277 1654 1472 1706 Κρατῖνος
1515 1653 1559 1694 ἐν
1600 1653 1833 1710 Τροφωνίῳ,

265 1713 507 1767 Μένανδρος
539 1712 581 1754 δὲ
612 1713 655 1754 ἐν
690 1714 859 1768 Θετταλῇ
892 1707 1105 1768 (Θεττάλῃ)
1137 1712 1323 1764 λύχνων
1354 1711 1493 1765 ἁφάς.

386 1777 483 1815 236.
527 1774 575 1814 cf.
607 1775 729 1813 etiam
759 1774 964 1824 Aristoph.
996 1773 1090 1824 Lys.
1127 1773 1251 1813 1237.

386 1836 483 1874 238.
527 1834 822 1874 Herwerdenus
854 1829 923 1887 (cf.
955 1833 1099 1872 Mnem.
1131 1845 1168 1872 n.
1195 1833 1230 1871 X
1258 1828 1332 1885 69)
1363 1833 1519 1872 nullam
1548 1834 1627 1873 nisi
1658 1833 1835 1884 corporis

265 1894 604 1946 pulchritudinem
636 1906 853 1946 agnoscere
884 1893 1055 1933 videtur.

388 1953 486 1993 243.
530 1954 579 1992 cf.
611 1954 779 1993 Aristot.
811 1953 860 1992 fr.
894 1954 978 1992 502
1012 1948 1069 2005 (p.
1104 1953 1254 1992 1560a
1287 1946 1346 2005 2).

387 2015 483 2053 244.
528 2014 576 2053 cf.
609 2013 743 2063 adesp.
779 2014 816 2052 8.
854 2013 977 2052 1561.

388 2075 485 2113 258.
530 2073 578 2112 cf.
611 2073 733 2112 etiam
763 2072 1007 2111 Bachmann.
1040 2071 1187 2111 Anecd.
1221 2071 1241 2110 I
1273 2072 1371 2122 325,
1405 2072 1443 2110 3.

388 2135 484 2173 272.
529 2128 751 2187 ὦρᾴζεσθαι
781 2131 916 2171 Lentz.
947 2131 1093 2171 Herod.
1125 2131 1167 2170 II
1200 2132 1297 2182 585,
1326 2133 1349 2170 6
1382 2133 1464 2170 not.
1504 2131 1554 2169 cf.
1573 2131 1717 2181 Eupol.
1737 2132 1836 2171 358.

390 2194 486 2232 275.
529 2190 640 2244 πρὶν
684 2195 935 2242 συμπατῆσαι
979 2193 1040 2230 est
1076 2190 1118 2229 in
1158 2191 1319 2230 Polluce
1357 2189 1542 2229 Bekkeri.
1604 2191 1710 2241 quod
1747 2203 1838 2229 cum

269 2253 456 2304 inprobat
492 2251 784 2291 Herwerdenus
821 2251 966 2290 Mnem.
1003 2264 1040 2290 n.
1078 2250 1114 2289 X
1155 2251 1227 2301 69,
1271 2249 1453 2300 neglegit
1495 2249 1671 2289 Pollucis
1714 2250 1838 2290 verba

269 2312 469 2363 ὑποδηλοῑ
494 2311 685 2358 παίζω-ν.
737 2311 888 2350 scilicet
918 2311 1040 2361 vulgo
1078 2307 1227 2362 ἡγεῖται
1263 2307 1305 2348 τὸ
1342 2314 1533 2361 πατῆσαι,
1574 2310 1758 2362 sequitur
1794 2307 1837 2348 τὸ

270 2372 472 2412 κνάπτεινε
506 2372 562 2410 sic
583 2371 688 2410 enim
713 2371 897 2410 fullones.
947 2370 1054 2420 apud
1074 2369 1283 2409 Cratinum
1303 2370 1450 2418 autem,
1477 2369 1510 2408 si
1536 2369 1632 2420 quid
1656 2369 1698 2408 in
1722 2370 1838 2408 tanta

271 2432 468 2472 brevitate
489 2430 706 2481 fragmenti
726 2429 929 2469 adfirmari
947 2431 1094 2479 potest,
1119 2442 1192 2479 per
1215 2429 1346 2468 iocum
1373 2428 1521 2467 dicitur
1546 2428 1691 2479 aliquis
1722 2440 1837 2468 servo

273 2492 413 2542 opinor
443 2491 652 2529 minitatus
684 2503 771 2528 esse
804 2502 845 2528 se
876 2489 1002 2540 virgis
1034 2489 1166 2539 ipsum
1198 2484 1407 2527 caesurum
1438 2486 1551 2539 πρὶν
1583 2498 1702 2539 συμπ.

393 2552 491 2590 298.
534 2551 583 2588 cf.
615 2549 737 2588 etiam
768 2549 939 2588 Lobeck.
971 2549 1127 2588 Pathol.
1159 2548 1311 2598 proleg.
1346 2548 1442 2586 150.

393 2612 490 2650 299.
533 2610 575 2648 in
607 2609 770 2648 scholiis
791 2608 993 2648 Theocriti
1018 2607 1216 2647 consentit
1241 2619 1331 2646 cum
1356 2607 1412 2645 eis
1438 2619 1539 2657 quae
1565 2607 1688 2658 vulgo
1714 2607 1838 2646 edun-

274 2674 340 2710 tur
377 2670 499 2709 etiam
536 2669 720 2708 Ambros.
760 2668 927 2719 Ziegler.
964 2682 1001 2718 p.
1035 2669 1107 2717 34,
1145 2667 1224 2706 nisi
1261 2666 1367 2716 quod
1404 2680 1440 2706 v.
1474 2668 1499 2705 2
1537 2666 1703 2717 praebet
1739 2664 1838 2718 ἔχων

273 2735 324 2769 τῶ
363 2728 555 2780 στεφάνω.
613 2728 856 2767 Bachmann.
887 2727 1033 2767 Anecd.
1067 2727 1087 2766 I
1119 2728 1224 2776 432,
1263 2728 1315 2764 21
1362 2724 1498 2777 κώμυς
1534 2721 1559 2776 ἡ
1599 2723 1732 2777 ὃεσμὶς
1767 2730 1838 2765 τοῦ

275 2788 425 2841 χόρτου.
487 2789 535 2827 de
568 2787 727 2838 syntaxi
758 2788 972 2826 verborum
1004 2782 1163 2838 κώμυθ’
1199 2784 1297 2836 όσην
1329 2783 1403 2837 ἔχει
1433 2786 1482 2824 cf.
1501 2785 1708 2835 Hermipp.
1730 2787 1796 2825 79.

396 2849 493 2899 301,
527 2851 544 2886 1
582 2844 862 2898 ἀναμένουσιν,
900 2844 959 2893 ὡς
990 2844 1123 2899 ἐπηγλ.
1154 2845 1331 2939 μείρακες
1362 2843 1548 2896 φαιδραί,
1578 2858 1633 2896 τρ.
1664 2844 1838 2896 Madvig.

276 2907 443 2948 Advers.
475 2907 560 2946 crit.
593 2907 654 2945 III
686 2908 752 2946 52.
776 2908 814 2946 3.
