2014 3334
281 250 364 291 722
794 252 1138 284 SUPPLEMENTA
1165 251 1274 285 voL.
1301 252 1319 284 1

399 364 494 402 323.
528 363 611 411 324
636 338 879 415 (anteposito
901 357 1006 414 324)
1026 362 1233 413 coniungit
1264 361 1313 400 H.
1339 361 1457 400 Wefl.
1483 362 1577 400 Rev.
1606 361 1694 400 crit.
1717 362 1843 412 1881,
1893 353 1896 355 “

281 425 377 473 296,
410 423 468 460 ita
499 423 545 459 ut
576 433 714 460 servus
746 421 855 459 dicat
879 423 1044 471 propter
1068 421 1192 459 verba
1217 433 1241 458 a
1265 433 1459 472 praecone
1485 421 1743 471 pronuntiata
1769 421 1846 472 sibi

279 495 382 520 nunc
427 494 526 520 onus
567 481 786 530 inpositum
825 492 909 519 esse
950 480 1129 519 nimium.
1186 482 1226 519 et
1264 481 1492 530 suspicatur
1523 494 1547 519 a
1578 493 1692 520 servo
1729 481 1845 519 illum
1886 521 1890 524 ,

282 553 440 580 saccum
474 540 626 590 portari
657 540 724 589 qui
757 541 1093 578 commemoratur
1119 541 1217 579 319.

399 601 495 639 325.
528 600 575 638 ef.
609 599 730 637 etiam
762 599 861 637 Poll.
896 602 931 647 7,
966 600 1033 638 55.
1067 601 1134 638 62.

399 658 635 705 Κώκαλος.
687 660 736 697 cf.
768 671 872 697 nunc
903 672 1004 709 quae
1037 658 1085 696 de
1117 659 1191 696 hac
1222 658 1362 697 fabula
1387 659 1609 709 disputavit
1633 658 1678 696 Ε.
1705 657 1846 698 Hiller.
1906 634 1937 699 '-

282 719 426 757 Annal.
446 719 639 757 Fleckeis.
663 719 774 756 1887
796 731 833 767 p.
855 720 954 756 527.
976 721 1013 757 8.
1051 718 1293 757 testimoniis
1307 718 1396 756 add.
1412 717 1579 756 Aristot.
1595 718 1712 756 Polit.
1729 719 1767 769 2,
1793 719 1847 757 10
1903 746 1907 748 μ

281 781 373 828 post
397 778 484 816 init.
512 799 567 804 ——
595 778 645 816 ad
676 791 711 827 p.
741 778 824 816 483
857 777 947 816 init.
978 778 1027 816 cf.
1054 790 1156 828 quae
1188 777 1239 815 ad
1270 777 1515 816 Philemonis
1538 773 1848 828 Ὑποβολιμαῖον

281 838 569 876 adnotavimus.

401 898 498 936 351.
532 908 606 936 scr.
637 896 779 946 μείξας.

403 958 500 995 365.
533 957 580 995 cf.
613 956 784 995 Lobeck.
817 956 1013 1006 Aglaoph.
1039 956 1059 994 I
1087 957 1170 995 628
1202 959 1285 995 not.
1318 969 1348 994 e.

402 1017 499 1054 367.
531 1015 579 1054 cf.
612 1015 783 1054 Lobeek.
815 1015 971 1053 Pathol.
1002 1015 1100 1065 prol.
1137 1017 1231 1054 118.
1265 1017 1302 1054 9.

401 1077 499 1114 400.
531 1075 702 1114 Bekker.
731 1075 876 1113 Anecd.
900 1076 968 1125 56,
991 1078 1012 1113 7
1042 1073 1246 1127 οἰσωπηρά
1266 1069 1362 1128 (sic)
1384 1073 1450 1113 δεῖ
1473 1071 1597 1127 λέγειν
1622 1072 1669 1112 τὰ
1694 1071 1852 1126 ῥυπαρὰ

284 1133 350 1173 καὶ
381 1132 534 1173 ἄπλυτοι
565 1132 661 1186 ἔρια.
721 1132 829 1185 παρὰ
859 1132 927 1172 τὸν
959 1133 1134 1173 οἴσωπον
1166 1133 1382 1187 οἰσωπηρά.

406 1196 504 1245 409,
533 1195 557 1232 2
590 1192 636 1232 τὰ
667 1193 771 1232 κάτω
803 1194 999 1244 Blaydes:
1032 1194 1256 1232 subiectum
1288 1194 1396 1232 enim
1427 1206 1513 1232 esse
1545 1191 1783 1246 σπατάγγην.

405 1255 490 1292 444
524 1254 733 1292 delendum
775 1258 908 1292 censet
948 1266 1169 1304 anonymus
1204 1255 1245 1291 in
1277 1253 1446 1292 Literar.
1479 1252 1697 1292 Oentralbl.
1731 1253 1857 1303 1881,

289 1316 392 1353 963:
436 1313 503 1362 agi
546 1314 651 1351 enim
689 1313 736 1351 de
781 1325 953 1363 persona
989 1316 1007 1350 1
1044 1313 1185 1362 inperf.
1228 1313 1342 1352 verbi
1379 1311 1475 1363 εἰμί,
1520 1325 1620 1363 quae
1657 1312 1699 1350 in
1738 1312 1857 1352 Pluto
1886 1335 1910 1353 ,-

286 1372 500 1423 superstite
533 1375 662 1411 exstet
695 1374 762 1411 29.

403 1433 500 1470 445.
546 1433 594 1471 cf.
627 1431 776 1470 Cratin.
812 1433 907 1470 168.
963 1444 1170 1481 perperam
1218 1431 1530 1481 Aristophanem
1572 1444 1645 1481 pro
1692 1430 1856 1470 Cratino

254 1496 256 1498 ’
288 1492 541 1531 nominatum
572 1504 657 1530 esse
690 1492 915 1540 suspicatur
946 1491 1052 1529 idem
1082 1491 1176 1529 ibid.

405 1552 502 1589 446.
540 1551 614 1590 hoc
653 1563 809 1601 quoque
841 1550 903 1589 fr.'
932 1550 1095 1588 dubium
1129 1562 1216 1588 esse
1247 1550 1351 1588 idem
1384 1550 1624 1588 arbitratur:
1663 1549 1855 1588 excidisse

289 1611 392 1649 enim
427 1612 519 1648 ante
551 1611 674 1649 verba
700 1606 838 1661 Ἀριστ.
871 1608 1037 1664 Πλούτῳ
1070 1609 1485 1649 commemorationem
1519 1609 1690 1648 nominis
1722 1613 1856 1662 γραῦς.

406 1671 503 1708 451.
535 1670 583 1709 cf.
618 1670 772 1708 Alexid.
807 1671 904 1708 248.

406 1730 503 1779 465,
539 1731 558 1767 1
595 1727 869 1779 ἀλφιτώνης
900 1728 1055 1767 Nauck.
1082 1728 1195 1767 Stud.
1221 1728 1357 1778 Eurip.
1385 1730 1439 1767 43
1467 1741 1503 1766 n.
1534 1731 1570 1767 1.
1619 1741 1700 1767 non
1726 1728 1855 1767 credo.

408 1789 638 1836 Taqemstas
658 1788 719 1827 Ol.
735 1791 790 1827 90
811 1791 942 1826 actam
962 1800 1047 1827 esse
1068 1790 1203 1826 censet
1223 1786 1267 1826 O.
1281 1787 1472 1826 Brandes.
1488 1787 1582 1826 Obs.
1595 1787 1682 1826 crit.
1703 1789 1766 1826 16.
1789 1789 1855 1826 17.

408 1849 506 1897 488,
536 1850 588 1886 12
623 1851 808 1899 χυτοῖσι
838 1850 919 1894 τοῖς
950 1845 1053 1900 ἕναγ.
1086 1847 1241 1886 Nauck.
1275 1847 1391 1885 Stud.
1422 1846 1561 1897 Eurip.
1587 1848 1642 1885 43
1669 1860 1707 1885 11.
1735 1849 1771 1886 1.
1797 1867 1856 1873 —-

289 1921 405 1958 quem
443 1907 735 1946 Herwerdenus
772 1907 959 1958 procudit
997 1919 1157 1946 versum
1196 1908 1340 1944 Mnem.
1364 1920 1403 1945 n.
1427 1906 1464 1945 X
1491 1907 1544 1946 75
1583 1903 1649 1945 καὶ
1688 1904 1856 1957 θύομεν

293 1966 461 2006 αὐτοῖσι
492 1964 753 2019 κάναγίζομεν
785 1967 917 2006 doceri
947 1966 1069 2006 velim
1100 1966 1297 2017 quomodo
1331 1968 1437 2005 stare
1467 1965 1607 2016 possit.

410 2028 508 2065 492.
541 2027 588 2064 cf.
621 2026 776 2065 Alexid.
812 2029 907 2065 171.

408 2087 505 2125 523.
549 2086 751 2137 egregiam
797 2085 914 2124 huius
959 2086 1174 2136 fragmenti
1218 2084 1534 2124 emendationem
1582 2098 1654 2135 per
1696 2085 1855 2124 litteras

290 2158 446 2184 mecum
477 2145 784 2184 communicavit
811 2144 854 2184 Ο.
882 2144 1056 2184 Crusius.
1107 2144 1256 2183 etenim
1286 2144 1328 2182 in
1354 2144 1488 2183 codice
1513 2143 1858 2196 Heidelbergensi,

290 2218 368 2256 quo
412 2205 630 2243 lexicorum
674 2206 862 2255 excerpta
905 2206 946 2243 et
982 2204 1197 2254 proverbia
1235 2204 1507 2254 continentur,
1545 2204 1642 2243 haec
1679 2206 1855 2243 exstant:

289 2262 454 2317 πέρδιξ
493 2261 717 2315 ὄρουσον·
758 2262 846 2302 ἀντὶ
882 2268 951 2302 τοῦ
983 2261 1126 2315 ταχέως
1157 2260 1265 2303 ἐλθέ·
1297 2261 1504 2314 ἐπειδήπερ
1535 2260 1577 2301 τὸ
1609 2263 1711 2319 ζῷον
1741 2268 1855 2302 τοῦτο

289 2323 384 2375 ταχὺ
417 2323 684 2374 μεθάλλεσθαι
718 2321 884 2374 πέφυκε.

394 2384 506 2433 ,530
540 2383 683 2422 Horat..
714 2383 838 2422 Serm.
873 2386 909 2430 1,
943 2385 982 2431 3,
1017 2384 1070 2422 13
1103 2384 1154 2421 sit
1182 2383 1276 2421 mihi
1307 2394 1440 2421 mensa
1471 2384 1599 2430 tripes.
1632 2376 1854 2435 (Blaydes.)

410 2444 506 2482 533.
539 2443 726 2481 Eustath.
756 2444 880 2493 1258,
909 2444 964 2481 60
991 2437 1055 2496 (O.
1076 2441 1260 2479 Kaehler.
1288 2441 1423 2488 Herm.
1442 2441 1536 2479 XXI
1563 2442 1660 2480 630.
1684 2435 1727 2494 1)
1747 2437 1768 2479 ὅ
1787 2438 1856 2480 τὸν

289 2500 429 2541 πολιὸν
460 2500 786 2554 ἇλφιτόχρωτα
817 2499 939 2540 εἰπὼν
971 2499 1235 2552 κωμικεύεται.

411 2563 509 2601 538.
542 2561 648 2600 Sext.
681 2561 831 2612 Empir.
865 2560 1014 2600 Contra
1039 2561 1225 2598 mathem.
1254 2562 1290 2611 1,
1311 2561 1395 2598 258
1423 2554 1481 2612 (p.
1503 2560 1600 2609 657,
1632 2561 1681 2598 15
1709 2554 1854 2613 Bekk.)

292 2620 461 2659 Πλάτων
493 2618 514 2659 ὁ
546 2620 765 2671 φιλόσοφος
792 2616 1039 2671 Ἀριστοκλῆς
1069 2618 1257 2670 πρότερον
1289 2617 1471 2658 ἐκαλεῖτο.

413 2682 510 2731 543,
538 2682 574 2719 6.
606 2693 847 2730 magnopere
879 2679 1170 2718 Herwerdenus
1197 2674 1360 2730 (Mnem.
1384 2691 1421 2716 n.
1447 2677 1567 2716 XIIII
1597 2672 1701 2731 171)
1730 2679 1853 2719 laeta·

292 2742 359 2777 tur
397 2740 503 2790 quod
542 2739 779 2789 Blaydesius
822 2752 951 2777 meam
989 2738 1306 2777 emendationem
1353 2732 1492 2790 (ὁμοῦ)
1532 2749 1582 2778 ne
1619 2749 1854 2778 commemo-

293 2799 446 2837 ratione
485 2799 644 2849 quidem
682 2799 844 2849 dignam
875 2798 1159 2836 aestimaverit.
1221 2797 1358 2846 arguit
1388 2797 1520 2846 potius
1553 2808 1667 2847 suam
1697 2797 1781 2847 ipse
1811 2798 1854 2836 in

293 2858 462 2908 legendo
487 2858 795 2909 neglegentiam.
844 2870 985 2907 nempe
1009 2853 1249 2907 Blaydesius
1276 2851 1459 2909 (p.-277)
1484 2857 1576 2906 post
1601 2868 1662 2893 me
1688 2857 1854 2896 eandem

292 2929 456 2967 prorsus
501 2917 818 2956 emendationem
861 2917 1080 2955 invenerat.
1134 2915 1183 2954 de
1227 2928 1306 2966 qua
1352 2915 1519 2954 fortasse
1562 2914 1854 2956 Herwerdenus
