2014 3334
258 229 343 271 528
627 213 630 218 ¹
910 232 1171 266 ΑΔΕΣΠΟΤΑ

377 340 577 392 συνδήσας
628 340 676 392 δὴ
715 340 782 389 τὰς
825 345 962 394 χεῖρας.
1026 343 1263 394 Hesychius.
1289 326 1292 331 7
1316 345 1592 384 trimetrorum
1635 346 1828 398 reliquias

257 402 423 453 agnovit
454 401 689 440 Meinekius.
756 415 836 441 non
866 403 1043 452 pertinet
1074 404 1124 442 ad
1155 403 1259 443 Plat.
1291 404 1518 456 Euthyphr.
1551 407 1607 444 40
1650 403 1671 444 ὅ
1702 404 1830 459 πατὴρ

257 459 458 511 συνδήσας
488 459 582 508 τοὺς
612 460 739 508 πόδας
769 459 835 500 καὶ
865 460 933 509 τὰς
965 465 1094 516 χεῖρας
1125 461 1258 504 αὐτοῦ.

1006 603 1089 645 671

542 721 654 775 ζήτει
685 719 924 763 πυθέσθαι.
1201 660 1312 718 μηδὲ
1344 674 1400 705 συ

374 806 540 845 Photius
574 807 716 857 ζητεῖν·
750 806 811 846 ἐπὶ
842 812 912 847 τοῦ
944 807 1164 859 βούλεσθαι
1194 805 1372 847 τιθέασιν
1393 804 1567 848 Ἀττικοί.
1593 811 1670 848 κτλ.
1727 807 1829 860 ζήτει

256 866 377 906 Dobr.
412 866 513 905 Adv.
544 866 584 904 II
617 865 721 916 592]
762 866 862 918 ζήτει
894 882 938 906 τι.
997 868 1103 906 idem
1140 867 1347 906 Dobraeus
1385 869 1612 907 comoediae
1651 869 1828 919 glossam

254 926 408 964 tribuit.
460 926 598 975 Eurip.
630 926 770 965 Helen.
806 929 887 965 156
921 925 1015 978 μήτε
1048 925 1096 966 σὺ
1130 926 1230 977 ζήτει
1261 930 1407 978 μαθεῖν
1439 928 1609 973 contulit
1640 928 1784 967 Naber.

539 1155 619 1192 τοῦ
650 1150 816 1206 πατρὸς
845 1150 894 1193 τὸ
926 1151 1119 1192 παιδίον.

373 1235 503 1275 Varro
543 1236 624 1275 Sat.
662 1237 836 1287 Menipp.
870 1238 925 1276 90
956 1251 995 1287 p.
1029 1239 1112 1276 229
1146 1235 1305 1276 Oehler.
1367 1237 1451 1276 sine
1496 1237 1616 1276 dubio
1661 1237 1828 1276 titulum

256 1297 416 1334 saturae
449 1309 473 1334 a
504 1296 707 1353 comqedia
738 1299 946 1335 mutuatus
974 1299 1046 1335 est.
1095 1297 1219 1335 Basil.
1240 1311 1289 1334 m.
1311 1296 1436 1347 Epist.
1459 1296 1596 1335 Liban.
1620 1298 1701 1336 146
1735 1309 1828 1336 con—

253 1355 333 1394 fert
365 1353 522 1394 Oehler.

1001 1436 1086 1478 673

538 1518 787 1575 Μεγαρέων
818 1518 966 1570 οὐδεὶς
997 1521 1142 1574 λόγος.

373 1606 616 1645 Plutarchus
647 1606 745 1646 Mor.
780 1609 906 1647 730e.
955 1607 1003 1645 cf.
1037 1606 1171 1656 adesp.
1204 1606 1300 1644 502.

997 1746 1084 1788 674

539 1829 761 1872 σκαπτέτω
795 1829 1044 1885 (σκαψοίτω)
1076 1829 1154 1879 τὰς
1185 1828 1418 1884 ἀμπέλους.

372 1917 609 1967 Apollonius
624 1917 734 1967 Synt.
754 1919 789 1965 1,
805 1917 859 1954 36
883 1931 920 1966 p.
938 1919 960 1955 7
965 1918 1004 1964 Ο,
1021 1917 1074 1954 24
1095 1915 1219 1954 Bekk.
1253 1914 1308 1961 εἰς
1331 1914 1373 1953 τὸ
1393 1915 1574 1967 γίνεσθαι
1593 1911 1619 1965 ἢ
1637 1911 1835 1967 γενέσθαι-

251 1973 277 2027 ἡ
309 1975 515 2027 πρόσταξις
545 1976 711 2028 γίνεται,
749 1973 1062 2026 ἀποφασκομένη
1101 1973 1178 2014 ἀπὸ
1210 1980 1279 2026 τῆς
1309 1979 1380 2013 τοῦ
1417 1972 1623 2026 μέλλοντος
1655 1973 1824 2023 ἐννοίας,

253 2035 307 2082 εἰς
338 2033 409 2086 μὲν
440 2035 659 2087 παράτασιν
692 2032 904 2074 ξσκαπτέτω
935 2049 963 2073 τ.
997 2030 1123 2086 ἀμπ’,
1155 2034 1210 2081 εἰς
1242 2031 1284 2073 δὲ
1316 2034 1585 2073 συντελείωσιν
1618 2029 1822 2084 εσκαψοῖτοι)

252 2110 282 2134 τ.
314 2092 426 2146 ἀμπῖ
459 2095 609 2134 comico
642 2092 785 2134 tribuit
815 2095 1031 2133 Nauckius.

998 2210 1084 2252 675

536 2294 702 2338 τοκάδα
732 2294 813 2349 τὴν
844 2294 1042 2350 κεφαλὴν
1074 2294 1173 2348 ἔχει.

371 2382 572 2421 Lucianus
603 2382 709 2420 Dial.
742 2382 847 2421 deor.
881 2383 918 2430 9,
953 2383 974 2419 1
1009 2394 1038 2419 τ.
1066 2378 1144 2438 γὰρ
1175 2380 1252 2418 κτλ.
1310 2379 1360 2417 ad
1399 2378 1611 2428 Hermippi
1643 2374 1822 2429 Ἀθηνᾶς

250 2441 373 2494 γονάς
403 2442 545 2481 referri
574 2454 690 2492 posse
721 2443 858 2480 monet
888 2440 1144 2479 Fritzschius.

989 2568 1075 2610 676

535 2660 628 2703 τοῖς
658 2654 859 2708 βυβλίοις
890 2651 1040 2703 εἰᾛξασι

369 2741 623 2780 Herodianus
644 2740 683 2778 II
704 2741 801 2791 950,
823 2741 876 2778 29
910 2738 1049 2786 εἴξασι·
1081 2735 1212 2784 οὐὸεις
1236 2736 1520 2788 παρακείμενος
1545 2735 1674 2787 τρίτον
1697 2734 1818 2786 πρόσ-

252 2813 362 2838 ωπον
400 2799 454 2847 εἰς
492 2812 530 2839 σι
567 2798 642 2851 ἔχει
673 2797 744 2850 τὴν
781 2797 858 2850 πρὸ
895 2803 964 2838 τοῦ
1002 2795 1134 2843 τέλους
1175 2794 1376 2848 συλλαβὴν
1409 2794 1474 2835 διὰ
1511 2799 1580 2834 τοῦ
1618 2794 1684 2845 ξᾶ,
1721 2793 1818 2834 ἀλλὰ

252 2858 376 2909 μόνον
407 2858 447 2898 τὸ
480 2859 602 2907 εἴξασι
632 2861 709 2898 κτλ.
760 2860 808 2897 of.
828 2859 951 2897 Arist.
977 2857 1081 2895 Nub.
1115 2858 1196 2895 341
1233 2858 1273 2895 et
1305 2869 1405 2906 quae
1437 2855 1495 2894 ibi
1526 2854 1818 2894 adnotavimus.
