2014 3334
718 249 1039 287 ΑΠοΔῙΔοΤΣΑ
1066 271 1111 278 -
1137 250 1329 287 ΜοΤΣΑΙ
1532 221 1542 228 ’
1728 248 1813 294 321

350 362 552 407 Stobaeus
583 353 723 405 Floril.
756 366 827 416 28,
862 368 912 405 11
960 362 1178 418 Εὔφρονος
1212 363 1325 405 Θεῶν
1355 362 1504 419 ἀγορᾶς
1534 365 1584 405 Α.
1651 367 1686 406 1.
1717 364 1817 419 πρός

227 437 276 477 με
313 423 413 477 πρὸς
443 427 553 465 θεῶν
584 424 761 465 Grotius.
816 424 917 479 πρὸς
955 423 997 465 σὲ
1027 430 1107 466 τῶν
1142 428 1253 466 θεῶν
1283 426 1426 466 Bailei.
1460 424 1570 466 Com.
1600 439 1661 478 gr.
1693 426 1713 465 Ῑ
1747 428 1814 466 76.

226 479 361 526 *ηουόε
396 486 580 535 reperite,
611 485 688 535 μέν
718 486 807 525 deos
838 489 873 526 te
904 486 989 532 ονό,
1033 487 1141 532 deos,
1185 498 1234 526 ne
1264 486 1435 526 veterum
1464 487 1588 536 fallas
1624 487 1747 537 visque
1783 490 1818 526 et

224 557 347 595 usque
375 541 568 586 mimima'.

929 625 1113 661 ‹9um

1003 699 1028 741 7

441 783 574 838 λοβός
604 782 672 834 τίς
702 781 795 825 ἐστι
826 780 901 826 καὶ
933 782 1046 834 ψύαι
1075 783 1367 839 καλούμεναι·

439 854 603 905 ταύτας
633 853 852 915 ἐπιτεμὼν
881 852 990 910 πρὶν
1020 858 1251 912 θεωρῆσαι
1282 855 1444 912 μαθών
1478 881 1527 887 -

345 942 578 982 Athenaeus
600 942 640 993 9,
667 942 816 983 399bc
848 938 1004 993 ὀσφύος
1021 941 1068 982 αἱ
1088 940 1132 983 ἔκ
1149 942 1329 996 πλαγίων
1348 942 1490 996 σάρκες
1509 941 1812 996 ἐπανεστηκυῖαι

225 1000 352 1052 ψύαι.
373 1032 382 1041 .
403 1001 668 1054 ,μνημονεύει
705 999 838 1042 αὐτῶν
877 1000 945 1042 καὶ
976 999 1160 1055 Εὔφρων
1192 1000 1214 1042 ὁ
1244 1002 1418 1054 κωμικὸς
1449 1002 1493 1043 ἐν
1528 1004 1704 1058 Θεωροῖς
1735 1008 1813 1045 κτλ.

226 1060 294 1114 χαί
311 1061 516 1102 Herwerd.
535 1084 584 1091 —
607 1062 824 1113 Phrynich.
843 1062 952 1113 Epit.
974 1064 1060 1103 300
1079 1061 1187 1114 ψύα·
1219 1062 1262 1103 οἱ
1276 1060 1349 1114 μὲν
1369 1061 1502 1112 ἁπλῶς
1522 1062 1815 1116 ἁμαρτάνοντες

225 1119 292 1161 διὰ
331 1126 403 1162 τοῦ
450 1125 497 1162 ῦ·
553 1121 596 1162 οἱ
638 1119 681 1161 δὲ
728 1122 846 1177 διπλῇ
884 1120 1176 1175 ἁμαρτάνοντες
1222 1121 1288 1162 διὰ
1334 1129 1405 1163 τοῦ
1452 1123 1511 1174 ο-ι,
1564 1119 1652 1165 οἷον
1698 1125 1812 1176 ψοία.

225 1179 304 1221 ἔστι
341 1178 383 1221 δὲ
419 1179 487 1234 καὶ
517 1180 560 1222 τὸ
592 1179 719 1234 ὄνομα
755 1181 961 1234 κίβδηλον.
1010 1181 1162 1235 νεφρὸν
1203 1177 1278 1223 οὖν
1309 1181 1406 1236 λέγε.
1454 1184 1525 1224 ubi
1558 1185 1607 1224 cf.
1638 1185 1811 1226 Lobeck.

226 1236 368 1291 ‘pulpa
406 1238 645 1282 lumborum'
688 1241 866 1282 Nunnes.
903 1242 1085 1282 Erotian.
1127 1245 1165 1294 7,
1197 1245 1222 1282 8
1263 1243 1394 1283 Klein.
1433 1246 1475 1283 et
1512 1244 1654 1285 Zonar.
1697 1247 1811 1286 1875

225 1299 327 1352 ψόαι
351 1299 418 1340 καὶ
441 1299 559 1353 ψοιαὶ
583 1299 651 1341 καὶ
674 1300 798 1352 ψύαι·
835 1301 880 1341 αἰ
906 1301 1089 1356 λαγόνες.
1111 1334 1119 1342 .
1141 1334 1149 1342 .
1163 1299 1190 1354 ἡ
1217 1301 1473 1354 ἐπιψαύουσα
1499 1302 1595 1357 σὰρξ
1621 1303 1813 1358 ἐπιπολῆς

225 1353 327 1400 οὖσα
365 1362 446 1409 τοῖς
482 1358 642 1410 ὀστέοις.
671 1361 846 1414 Hesych.
894 1365 1014 1412 ψυῖαι
1047 1393 1057 1402 .
1089 1392 1099 1402 .
1132 1393 1141 1402 .
1173 1362 1219 1402 αἱ
1251 1361 1350 1402 κατὰ
1380 1361 1454 1414 τὴν
1494 1361 1627 1416 ὀσφὺν
1660 1365 1811 1416 σάρκες.

225 1420 341 1460 Phor.
364 1419 471 1472 ψόας
501 1418 528 1473 ἢ
560 1421 683 1470 ψοίας
712 1418 739 1473 ἢ
772 1420 850 1473 ὅπη
882 1419 955 1475 χρὴ
987 1425 1135 1474 καλεῖν,
1166 1419 1261 1476 παρ’
1298 1421 1435 1463 οὐδενὶ
1456 1419 1642 1464 Ἀττικῶν
1680 1420 1812 1478 εὗρον.

224 1479 268 1520 οἱ
295 1477 338 1520 δὲ
367 1479 530 1521 παλαιοὶ
559 1480 782 1535 γυμνασταὶ
806 1479 992 1539 ἀλώπεκα
1016 1482 1397 1536 προσαγορεύουσιν.
1438 1485 1504 1524 vel
1530 1484 1811 1538 νεφρομήτραν

225 1539 405 1580 Cleareh.
440 1541 583 1581 Athen.
617 1543 701 1582 399
713 1542 751 1581 b.
794 1541 896 1582 Poll.
930 1544 974 1594 2,
1010 1544 1092 1582 185
1139 1542 1182 1582 οἱ
1215 1541 1388 1583 ἔνδοθεν
1431 1542 1531 1583 κατὰ
1568 1543 1641 1595 τὴν
1678 1542 1812 1596 ὀσφὺν

223 1599 320 1652 μύες
349 1603 563 1641 καλοῦνται
592 1600 694 1653 ψόαι
725 1599 792 1640 καὶ
821 1607 1119 1655 νευρομῆτραι
1150 1601 1218 1642 καὶ
1241 1601 1451 1651 ἀλώπεκες.
1516 1606 1554 1643 2.
1586 1603 1681 1657 πρὶν
1706 1609 1812 1645 θεω-

224 1665 342 1712 ρῆσαι
374 1656 621 1711 ‘priusquam
645 1665 806 1713 θεωροῦ
831 1674 976 1702 munus
1000 1664 1123 1702 obeas.
1169 1666 1329 1703 constat
1354 1659 1476 1703 enim’
1508 1662 1602 1712 τοὺς
1626 1665 1812 1718 θεωροὺς

224 1715 335 1759 ‘ante
359 1721 648 1772 profectionem
673 1721 831 1761 hostiae
858 1724 951 1762 exta
975 1723 1237 1763 consuluisse.
1288 1724 1426 1763 omisit
1446 1721 1685 1765 Athenaeus
1707 1739 1811 1776 quae

223 1780 402 1830 proxime
441 1782 731 1832 sequebantur:
777 1782 839 1822 his
874 1784 1010 1823 incisis
1045 1785 1082 1823 εἰ
1112 1784 1263 1823 videris
1293 1785 1429 1833 fausta
1458 1786 1644 1834 portendi
1650 1810 1669 1831 φ
1687 1788 1811 1836 profi-

224 1841 384 1880 ciscaris
413 1837 524 1881 licet?
575 1841 692 1881 Mein.
1738 1843 1740 1845 ’

919 1922 1112 1957 ΜΟΤΣΑῙ

1000 1995 1027 2037 8

443 2077 703 2133 Φοινικίδης
735 2074 776 2120 δ’
812 2078 871 2129 ὡς
901 2075 1022 2122 εἶδεν
1054 2077 1104 2122 ἐν
1134 2080 1299 2134 πλήθει
1332 2078 1447 2123 νέων

439 2148 605 2204 μεστὴν
638 2148 824 2202 ζέουσαν
855 2150 1030 2194 λοπάδα
1062 2152 1273 2208 Νηρείων
1303 2150 1486 2207 τέκνων,

440 2219 630 2277 ἐπίσχετ’
655 2221 778 2279 ,ὀργῇ
809 2230 960 2280 χεῖρας
989 2221 1312 2280 ἠρεθισμένας·

431 2290 518 2343 “τίς
548 2304 689 2349 φησιν
721 2290 837 2338 εἶναι
869 2295 1017 2346 δεινὸς
1048 2293 1097 2338 ἐκ
1126 2301 1286 2338 κοινοῦ
1318 2303 1499 2352 φαγεῐν;

401 2375 421 2406 5
441 2366 508 2415 τίς
539 2364 588 2408 ἐκ
617 2364 757 2421 μέσου
788 2367 842 2409 τὰ
872 2367 1021 2424 θερμὰ
1053 2367 1200 2419 δεινὸς
1231 2367 1445 2424 ἁρπάσαι;

439 2442 528 2479 ποῦ
559 2438 782 2494 Κόρυδος,
813 2437 840 2494 ἢ
877 2440 1157 2495 Φυρόμαχος,
1188 2438 1217 2495 ἢ
1250 2441 1421 2483 Νείλου
1452 2442 1547 2496 βίας

441 2511 518 2551 ἴτω
548 2509 660 2565 πρὸς
689 2508 817 2566 ἡμᾶς,
848 2509 923 2553 καὶ
953 2509 1047 2567 τάχ’
1086 2509 1222 2554 οὐδὲν
1253 2510 1515 2567 μεταλάβοιῖ

287 2630 291 2633 .
343 2594 576 2636 Athenaeus
589 2596 757 2647 8‚343b
779 2594 960 2650 Εὔφρων
979 2595 1023 2637 ἐν
1035 2597 1229 2646 Μούσαις
1246 2601 1325 2638 κτλ.
1390 2601 1427 2638 1.
1446 2596 1550 2638 νέων
1565 2598 1807 2652 Schweigh]

226 2658 327 2693 νεῶν
354 2654 402 2693 A.
466 2656 504 2694 2.
534 2655 685 2708 νηρίων
710 2657 760 2696 Α.
821 2658 861 2697 3.
893 2657 1010 2697 scrib.
1042 2656 1130 2698 οὐκ
1160 2656 1296 2710 ἔσχεν
1326 2671 1469 2699 manus
1499 2671 1576 2698 non
1608 2661 1806 2699 continuit.

224 2710 486 2765 ἠρεθισμένος
506 2709 641 2770 (ὀργῇ)
661 2715 781 2756 Both.
844 2718 882 2756 5.
907 2713 944 2770 γ’
968 2714 1018 2769 ἁρ
1038 2715 1213 2770 ἁρπάσαι
1232 2719 1281 2757 A.
1345 2719 1383 2758 6.
1409 2720 1545 2758 νιλλου
1565 2717 1614 2758 Α.
1679 2721 1717 2759 7.
1737 2717 1807 2759 οὗ-

225 2770 294 2812 δὲν
334 2771 386 2813 ἂν
423 2772 539 2826 λάβοι
574 2774 694 2814 Mein.
725 2775 768 2814 in
799 2775 895 2816 Ath.
932 2773 1015 2829 τάχ’
1056 2775 1109 2817 ἂν
1145 2775 1266 2818 οὐδὲν
1304 2780 1432 2829 μεταλ.
1472 2777 1679 2817 Hel-werd.
1711 2777 1807 2819 Obs.

225 2832 312 2873 crit.
346 2834 443 2873 107.
486 2855 544 2860 —
593 2831 775 2886 Εὔφρων
812 2830 1019 2889 (εὖφάνης
1050 2832 1112 2892 Α)
1151 2837 1374 2889 Schweigh.
1406 2838 1508 2877 conl.
1546 2837 1690 2890 Suida,
1734 2840 1806 2892 qui

223 2891 434 2933 Athenaeo
465 2895 628 2933 auctore
661 2893 837 2942 Μούσας
866 2895 909 2934 in
939 2895 1171 2948 Euphronis
1202 2897 1351 2936 fabulis
1383 2899 1579 2937 numerat.

345 2952 393 2991 de
423 2953 655 2993 lurconibus
687 2966 787 3006 quos
817 2959 1103 2996 commemorat
1121 2959 1241 3007 poeta
1266 2957 1314 2996 cf.
1337 2957 1806 3009 Antiphan‚48.190,4.

299 3023 415 3052 comici
435 3025 548 3061 graeei,
567 3026 613 3054 ed.
633 3027 686 3054 Th.
706 3027 803 3054 Koek.
823 3028 881 3055 ΠΙ.
1474 3027 1518 3060 21
