2014 3334
918 248 1018 282 ΤΗΣ
1043 249 1172 282 ΝΕΑΣ
1747 247 1836 290 435

1009 382 1093 425 134

542 464 566 507 ὁ
597 465 684 522 γὰρ
715 466 927 520 γυναικὸς
959 463 1160 516 ένδεθεὶς
1191 467 1443 520 φίλτροισιν
1475 464 1501 521 ’ἢ

540 535 709 580 τέκνων
741 536 911 594 ἀνάγκῃ
943 537 1110 593 φύσεος
1141 535 1486 592 ἐπιμελούμενος

539 607 697 664 γέγονε
729 609 933 666 λεληθὼς
965 610 1128 660 δοῦλος
1159 605 1255 652 ἀντ’
1294 608 1549 666 ἐλευθέρου.

374 696 573 735 Eusebius
604 696 747 747 Praep.
778 710 837 736 ev.
871 698 910 745 8,
946 699 1012 746 11,
1049 699 1114 736 17.
1179 698 1215 735 1.
1247 695 1424 749 φίλτροις
1457 695 1536 736 ε’νδ.
1607 700 1644 737 2.
1677 697 1837 749 φύσεως

253 755 563 810 προκηδόμενος.
625 758 664 796 3.
696 752 782 796 ἀντ’
817 755 869 796 ἕλ.
901 756 1058 804 δοῦλος.

1000 896 1085 940 135

458 995 461 997 “
539 982 592 1023 τὰ
624 986 859 1036 πανοῦργα
889 978 1012 1023 ταῦτ’
1049 980 1213 1037 ὀψάρια
1244 980 1580 1038 χὺποτρίμματα

318 1112 320 1114 v
372 1068 615 1108 Plutarchus
638 1069 737 1107 Mor.
760 1071 876 1108 126a
907 1065 1119 1118 ὀψοποιῶν
1151 1066 1194 1107 δὲ
1225 1066 1355 1120 τέχναι
1386 1067 1452 1108 καὶ
1484 1069 1741 1124 δημιουργῶν
1765 1068 1834 1110 καὶ

250 1126 297 1166 τὰ
328 1133 536 1182 πανοῦργα
567 1133 689 1167 ταῦτα
720 1125 872 1180 ὀψάρια
903 1126 970 1167 καὶ
1000 1127 1287 1180 ὑποτρίμματα,
1321 1128 1420 1168 κατὰ
1451 1128 1520 1168 τὸν
1551 1129 1741 1182 κωμικόν,
1772 1129 1834 1170 ἀεὶ

250 1186 344 1235 τοὺς
374 1187 494 1240 ὅρους
523 1193 594 1240 τῆς
623 1184 777 1240 ἡδονῆς
802 1188 1059 1240 μετατίθησιν
1091 1188 1146 1236 εἰς
1175 1186 1459 1240 τοῦμπροσθεν
1483 1188 1551 1228 καὶ
1575 1190 1833 1242 παραλλάττει

249 1246 292 1287 τὸ
324 1246 542 1300 συμφέρον.
593 1248 716 1287 etiam
748 1251 928 1288 extrema
961 1249 1058 1288 haec
1089 1251 1231 1299 poetae
1262 1249 1452 1288 videntur
1490 1263 1594 1289 esse:
1630 1255 1703 1290 τοῦ
1735 1261 1833 1302 συμ-

250 1305 442 1358 φέροντος
472 1307 566 1355 τοὺς
586 1306 792 1360 ὅρουςτῆς
823 1304 975 1360 ’ἡδονῆς
1003 1304 1008 1361 Ι
1037 1306 1101 1347 ἀεί
1128 1323 1163 1347 τι
1183 1308 1441 1360 μετατίθησιν
1466 1309 1522 1356 εἰς
1540 1307 1834 1362 τοῦμπροσθεν.

250 1373 321 1407 τοῦ
353 1366 625 1420 συμφέροντος
656 1368 804 1419 pendet
834 1381 858 1407 a
889 1365 1181 1421 τοῦμπροσθεν.
1212 1390 1271 1395 --
1303 1367 1462 1421 χὺποτρ.
1482 1368 1621 1420 Mein]
1654 1369 1721 1409 καὶ
1751 1369 1834 1421 sm„

249 1428 351 1468 conl.
383 1426 505 1480 χύπέρ
524 1428 611 1479 Iph.
626 1429 717 1466 Aul.
735 1430 860 1468 1389.
912 1428 1015 1467 addo
1041 1427 1401 1481 χύπερορρωδοῦσα
1421 1429 1558 1480 Eurip.
1576 1430 1716 1481 Suppl.
1733 1433 1831 1470 344.

249 1485 351 1539 χὺπὸ
383 1488 467 1527 Ion.
504 1489 630 1528 1270.
679 1487 789 1539 Cycl.
823 1490 920 1546 207.
971 1487 1059 1539 Iph.
1091 1490 1183 1528 Aul.
1220 1491 1346 1529 1118.

1005 1630 1087 1672 136

751 1746 759 1754 .
822 1712 905 1755 οὐκ
936 1711 1022 1755 ἀπὸ
1054 1719 1257 1769 πονηροῦ
1290 1715 1514 1770 λήμματος

535 1746 723 1834 οὐδενὸς
754 1779 826 1839 ἐφ’
862 1778 929 1834 οἷς
961 1784 1190 1841 ρηγνυσθε
1221 1784 1343 1829 ταῦτ’
1381 1786 1645 1843 ἐκτησαμην,

536 1852 639 1899 ἀλλ’
663 1854 827 1910 ὀβολὸν
853 1855 998 1914 ὀβολῷ
1024 1859 1297 1913 προστιθείς,
1324 1859 1496 1915 δραχμῇ
1524 1859 1738 1915 δραχμήν.

1023 1940 1231 1957 999999

250 1999 454 2054 ῥήγνυσθε
485 1999 608 2053 ὑμεῖς.
688 2004 726 2042 3.
757 2000 824 2041 καὶ
856 2002 1020 2059 δραχμῇ.

996 2134 1078 2176 137

490 2246 832 2257 ......
895 2215 1082 2267 οὐδενὸς
1114 2217 1294 2260 δεῖσθαι
1326 2216 1472 2272 λέγων

533 2285 715 2337 ἕκαστος
746 2287 909 2342 αὐτῶν,
942 2288 1053 2331 ἀλλὰ
1084 2290 1244 2346 μικρὸν
1275 2289 1465 2347 ὕστερον

535 2361 671 2401 δεῖται
701 2360 969 2415 προσελθὼν
1000 2360 1268 2415 κάγανακτεῖ
1295 2362 1353 2418 μὴ
1387 2363 1549 2418 λαβών.

367 2444 569 2484 Lucianus
601 2446 703 2485 Piso.
737 2448 790 2486 35
831 2447 916 2487 iniss.
954 2447 1126 2499 μηδενὸς
1169 2470 1228 2475 -
1272 2447 1404 2488 αὐτῶν
1443 2445 1541 2503 (τῶν
1572 2447 1826 2505 φιλοσόφων)

248 2501 345 2543 ἀλλὰ
388 2503 515 2555 μόνον
557 2505 752 2545 πλούσιον
796 2502 898 2546 εἶναι
940 2505 1010 2546 τὸν
1054 2506 1183 2559 σοφὸν
1220 2507 1419 2562 κεκραγὼς
1456 2508 1597 2576 μικρὸν
1636 2513 1714 2550 κτλ.
1777 2512 1828 2550 ad

249 2564 453 2614 Euripidis
487 2565 694 2614 Telephum
726 2567 851 2606 refert
882 2567 1127 2607 Frisszschius
1159 2582 1196 2608 v.
1228 2571 1266 2619 2,
1303 2570 1403 2608 mihi
1435 2571 1568 2608 omnia.
1598 2570 1827 2610 comoediae

246 2623 435 2663 videntur
465 2625 613 2664 deberi.

992 2721 1076 2764 138

534 2834 830 2845 .....
893 2799 988 2846 οἶδε
1019 2805 1105 2860 γὰρ
1138 2805 1359 2846 συνουσία

534 2872 683 2927 φαύλη
716 2875 941 2929 κακύνειν,
973 2876 1121 2932 ὥσπερ
1154 2872 1211 2918 αὖ
1242 2875 1509 2918 τούναντίον

532 2951 678 2986 ποιεῖν
710 2944 919 3000 ἀμείνους
948 2954 1039 2990 τῶν
1069 2950 1219 2990 καλῶν
1250 2947 1412 3003 ὁμιλία.

1465 3017 1537 3053 28*
