2014 3334
522 261 936 298 Auomnn‘mmnm
962 262 1047 298 m
1071 263 1396 300 ΠΑΡΕΓΡΡΑΦΑ
1661 263 1750 308 639

169 368 406 421 ἀλαζονικὸν
442 372 584 413 eeribit
618 386 835 425 vocemque
872 388 920 414 ex
960 376 1167 417 comoedia
1196 376 1332 428 aliqua
1363 377 1426 418 vel
1459 389 1508 417 ex
1539 377 1749 431 tragoedia

169 429 394 474 derivatam
423 444 510 473 esee
542 436 688 475 censet.
739 434 789 474 cf.
820 434 945 475 Arist.
979 435 1077 476 Rau.
1110 437 1209 476 430.

903 562 1018 606 1366

455 621 729 677 μανιόκηπος

240 676 544 805 Γῗιιειαὺὴίιιε.
592 708 642 748 cf.
673 709 798 749 1352.
842 721 893 749 an
925 707 1183 761 μανόπηποςῗ
1214 712 1262 749 ut
1291 715 1419 763 κῆπος
1445 711 1500 751 sit
1524 712 1748 780 memhrum

169 777 238 805 mu
255 777 294 805 ie
323 779 379 807 re.

903 849 1016 893 1367

454 906 693 964 νώθουρος
1026 908 1030 912 ’

195 1050 213 1092 c
287 993 538 1036 Eustathius.
585 995 635 1034 cf.
670 996 797 1034 1352.
847 995 1073 1047 Hesychius
1104 994 1335 1048 νώθουρος·
1368 994 1389 1036 ὅ
1420 995 1620 1046 ἀδύνατος
1652 1010 1746 1053 συγ-

156 1055 194 1105 ’γ
209 1055 364 1093 νεσθαι.

907 1138 921 1178 l
930 1135 1017 1179 368

455 1194 799 1251 παυσιβοίκτρων

289 1279 515 1331 Hesychius
556 1279 738 1334 ἰσχυρῶν
760 1281 985 1334 βακτηρίαιν
1015 1278 1237 1334 χρωμένων.
1290 1281 1435 1339 ἰσχυρῷ
1465 1283 1664 1341 βακτηρίῳ
1695 1285 1747 1325 Is.

170 1337 287 1379 Voss.
335 1339 615 1393 πασιβάκτρων
659 1337 709 1392 (a
738 1338 952 1393 πέπαμαι),
983 1341 1009 1380 i.
1042 1355 1074 1382 e.
1118 1339 1280 1393 ἰσχυρὰς
1322 1342 1536 1396 βακτηρίας
1578 1342 1744 1397 ἐχόντων
1775 1378 1778 1381 Α

170 1396 307 1438 Cobet.
328 1399 473 1439 Mnem.
492 1413 583 1440 nov.
602 1400 642 1440 H
665 1402 761 1440 162.
793 1401 916 1440 vnn
943 1403 1039 1448 377,
1073 1401 1124 1439 ad
1155 1402 1400 1441 comoediam
1428 1403 1527 1443 haec
1557 1404 1746 1444 referens.

170 1457 429 1499 vehementer
460 1459 613 1500 dubito.

902 1541 1016 1584 1369

455 1600 825 1657 πεπρυτανευκώς

289 1684 516 1737 Hesychius
547 1684 897 1738 ἐπιμεμηνιευκώς,
927 1668 1233 1740 προανηλῶκώς.
1277 1685 1466 1729 ‘comicus
1497 1686 1660 1742 aliquis'
1693 1691 1748 1733 Μ.

171 1743 364 1785 Schmidt.
413 1743 682 1798 ἐπιμηνιεύειν
714 1748 777 1786 est
806 1744 853 1786 τὰ
884 1745 1072 1799 ἐπιμήνια
1102 1748 1246 1788 facere.

901 1874 1016 1918 1370

455 1934 724 1990 περισχιδεῖς

288 2018 516 2071 Hesychius
560 2014 666 2068 εἶδος
707 2018 964 2072 ὑποδήματος
1007 2018 1167 2069 εὐτελές.
1232 2023 1382 2062 comico
1427 2022 1548 2062 alicui
1591 2022 1745 2062 incerta

168 2090 334 2129 prorsus
365 2079 597 2119 coniectura
626 2081 773 2120 tribuit
803 2081 856 2120 M.
883 2080 1139 2131 Schmidtius‚
1172 2094 1262 2121 cum
1286 2082 1527 2132 praesertim
1551 2082 1744 2134 Hesychii

169 2137 383 2190 explicatio
415 2139 635 2180 admodum·
661 2140 785 2180 dubia
814 2140 887 2180 fiat
917 2140 1018 2179 conl.
1049 2140 1195 2180 Athen.
1223 2142 1291 2192 12,
1324 2143 1440 2181 5370
1473 2137 1743 2196 (Ἀλέξανδρος

169 2192 323 2252 ἐφόρει)
366 2195 439 2250 τὴν
480 2204 552 2240 τοῦ
586 2196 797 2252 Ἄμμωνος
835 2199 1066 2253 πορφυρίδα
1105 2198 1172 2239 καὶ
1211 2200 1456 2254 περισχιδεῖς.
1510 2199 1744 2253 πολυσχιδὲς

169 2253 410 2312 (ὑπόδημα),
428 2254 455 2310 ἡ
474 2257 618 2312 κρηπὶς
630 2255 782 2311 ’Λπικὴ
803 2258 870 2299 καὶ
886 2259 1107 2313 γυναικεία,
1127 2262 1190 2300 est
1209 2260 1372 2300 Lucian.
1392 2261 1509 2300 Rhet.
1529 2274 1658 2311 praec.
1677 2263 1742 2301 15.

899 2387 1011 2431 1371

452 2448 604 2506 πόρνφ

287 2529 403 2571 παιδὶ
420 2529 565 2589 ὡραίῳ.
596 2533 834 2585 Hesychius.
867 2530 1058 2573 ‘comicus
1077 2529 1283 2573 incertus'.
1319 2534 1371 2573 M.
1390 2534 1580 2574 Schmidt.
1612 2537 1741 2575 multo

170 2590 300 2642 magis
331 2591 486 2632 incerta
515 2593 754 2633 coniectura.

901 2685 1014 2729 1372

453 2745 723 2801 ποτίκρανον

288 2829 432 2869 Pollux
465 2831 503 2881 2,
534 2831 589 2870 42
622 2828 666 2871 τὸ
696 2830 1019 2883 προσκεφάλαιον
1051 2830 1094 2871 οἱ
1119 2831 1290 2882 ποιηταί.
1339 2833 1395 2871 sic
1426 2832 1636 2873 Bekkems
1667 2846 1740 2885 pro

168 2900 216 2927 eo
247 2890 352 2941 quod
378 2890 499 2929 antea
522 2889 658 2930 fuerat
687 2890 732 2931 οἱ
756 2891 933 2943 κωμικοί.
983 2891 1052 2930 sed
1074 2892 1112 2942 6,
1133 2892 1158 2930 9
1190 2890 1431 2942 ποτίκρανον
1463 2891 1512 2931 οἱ
1536 2892 1741 2944 κωμικοὶ

167 2945 211 2987 τὸ
241 2948 562 3001 προσκεφάλαιον
597 2946 625 3002 ἢ
661 2947 706 2990 τὸ
742 2948 970 3002 ὑπηρέσιον.
1018 2950 1126 3001 quod
1157 2950 1208 2990 ad
1239 2949 1388 2991 Atticos
1423 2955 1531 2991 certe
1568 2953 1739 2993 comicos
