2014 3334
258 229 344 271 566
604 216 607 221 ’
885 228 1146 261 ΑΔΕΣΠΟΤΑ

260 340 477 380 ἀνατείνειν
503 338 621 392 ὀργῆς
646 338 712 378 καὶ
732 343 870 390 θυμοῦ
889 337 955 377 καὶ
975 337 1203 385 αὐθαδείας.
1244 338 1428 377 similiter
1447 338 1615 377 Photius
1635 339 1675 376 ot
1692 337 1823 376 Bach-

260 414 391 439 mann.
411 400 559 439 Anecd.
581 400 600 437 I
622 401 719 447 398,
742 402 806 438 17.
852 395 1038 450 eagnosce
1071 398 1269 437 senarium
1300 399 1442 449 poetae
1473 392 1640 436 comici'.
1677 396 1822 436 Nabar.

1000 514 1084 556 917

545 587 873 642 φαλακρότερος
903 584 1053 635 εὐδίας

380 673 609 712 Demetrius
634 672 694 711 De
727 673 869 711 clocut.
897 673 979 710 162
1013 674 1053 710 et
1079 671 1246 710 Phoffius
1280 665 1384 724 (sine
1416 664 1708 724 explicatione).
1749 684 1826 720 φα-

260 732 499 785 λακρώτερος
530 733 703 771 Demetr.

1004 810 1090 853 918

544 883 816 939 φιλάμπελος
848 883 1088 937 ἄνθρωπος

385 971 552 1009 Bekker.
575 971 722 1009 Anecd.
745 971 810 1018 71,
833 971 885 1008 27
921 965 941 1007 ὅ
968 970 1098 1020 φιλῶν
1129 965 1314 1019 ἀμπέλων
1346 966 1539 1020 ἐργασίαν.
1572 967 1655 1006 cod.
1689 965 1828 1016 φιλάν-

262 1035 426 1083 θρωπος
456 1029 566 1079 W,
598 1029 665 1069 sed
697 1030 739 1067 in
770 1042 894 1080 marg.
919 1043 978 1081 γρ.
1010 1026 1075 1067 καὶ
1107 1027 1357 1078 φιλάμπελος.
1408 1028 1456 1066 of.
1475 1027 1600 1065 Arist.
1619 1027 1709 1065 Pac.
1730 1027 1826 1066 308.

1005 1144 1090 1186 919

547 1204 691 1261 χιαστὶ
722 1207 886 1247 τίλλειν

381 1292 605 1342 Hesychius
653 1289 705 1338 ὡς
731 1297 808 1330 τῶν
828 1290 940 1329 Χίων
971 1289 1212 1342 κατεαγότων
1238 1287 1303 1327 καὶ
1326 1285 1680 1340 παρατιλλομὲνων.
1712 1288 1828 1327 indic.

263 1353 415 1391 Nauck.
473 1352 710 1390 Eusbathius
746 1352 870 1398 1462,
904 1352 959 1389 34
1002 1349 1191 1402 παροιμία
1228 1347 1270 1388 τὸ
1301 1345 1425 1400 χιαστὶ
1460 1347 1618 1397 τίλλειν,
1662 1345 1714 1395 ὥς
1751 1353 1829 1387 τῶν

264 1411 375 1450 Χίων
406 1408 749 1463 παρατιλλομένων
779 1408 876 1449 κατὰ
907 1408 998 1456 τοὺς
1028 1408 1231 1456 παλαιούς.
1281 1409 1329 1447 cf.
1362 1407 1511 1446 Oratin.
1545 1409 1640 1447 256.

1007 1525 1095 1567 920

547 1586 681 1641 χιτὼν
713 1585 901 1641 εὐνητήρ

384 1673 529 1712 Pollux
562 1675 629 1723 10,
666 1674 746 1711 123
787 1669 807 1710 ὅ
839 1669 946 1723 παρὰ
977 1673 1056 1717 τοῖς
1088 1670 1291 1725 κωμῳδοῖς
1322 1667 1437 1720 χιτὼν
1469 1667 1650 1720 εὐνητήρ,
1686 1665 1730 1716 ὃς
1760 1674 1830 1708 τοῦ

266 1738 341 1772 νῦν
374 1731 612 1785 ἐγκοιμήτωρ
645 1728 784 1782 ἡδίων.

1009 1811 1093 1852 921

550 1873 716 1929 χύτραν
747 1873 991 1914 ποικίλλειν

386 1959 554 1999 Photius
587 1956 683 1998 ὄνου
715 1958 844 1998 πόκαι.
907 1959 956 1997 cf.
990 1959 1085 1997 853.

1010 2073 1097 2115 922

553 2134 748 2189 ἀὸαγμός

385 2219 569 2271 κνησμός.
619 2220 854 2270 Hesychius.
900 2193 948 2257 cf.
979 2218 1183 2269 Aristoph.
1217 2219 1264 2256 fr.
1291 2219 1388 2256 410.
1431 2218 1614 2257 Menand.
1645 2219 1742 2256 409.

567 2393 576 2409 ’
627 2394 636 2408 t
1011 2334 1096 2375 923

554 2410 709 2437 ακατια

388 2470 556 2508 Bekker.
588 2469 735 2508 Anecd.
771 2471 836 2518 19,
873 2471 938 2507 10.
974 2470 1024 2507 12
1070 2464 1136 2505 καὶ
1173 2466 1282 2513 τοὺς
1319 2464 1519 2517 μικροὺς
1554 2464 1607 2504 τὰ
1646 2465 1834 2517 σώματα

269 2527 408 2567 ἀκάτια
440 2526 631 2581 λέγουσιν.
681 2525 823 2579 λέμβος
855 2529 972 2567 homo
1003 2527 1151 2565 dicitur
1184 2526 1452 2586 fAnaxandrid.
1486 2527 1554 2575 34,
1588 2528 1626 2565 7.

1005 2642 1092 2685 924

555 2703 816 2758 ἀκρόσφυρα

388 2787 502 2842 γένος
539 2788 806 2840 ὑποδημάτων
842 2787 1091 2840 γυναικείων.
1139 2787 1373 2837 Hesychius.
1424 2787 1523 2825 talia
1560 2787 1600 2825 in
1631 2786 1833 2825 comoedia

272 2850 444 2899 plurima
476 2849 898 2888 commemorabantur.
947 2847 1090 2886 Pollux
1113 2849 1149 2896 7,
1170 2848 1224 2885 94
1257 2848 1462 2899 γυναικεῖα
1488 2840 1832 2900 (ὑποδήματα)

272 2906 530 2961 ἀκροσφύρια.
