2014 3334
251 229 342 272 534
638 208 641 213 ¹
904 230 1166 263 ΑΔΕΣΠΟΤΑ

998 337 1082 379 708

963 414 1227 465 χρυσοχοεῖν
1258 407 1493 464 ἐμάνθανε.

370 496 540 535 Bekker.
573 495 721 534 Anecd.
755 496 853 546 316,
886 497 910 534 3
944 510 1000 547 χρ.
1019 493 1078 546 ἐμ.
1102 494 1142 534 τί
1170 493 1265 544 ἐστι;
1297 494 1488 548 παροιμία
1519 492 1562 533 ἐν
1592 490 1688 545 ’ἤθει
1717 496 1826 547 λεγο·

252 553 349 606 μένη
382 553 469 594 ἀντὶ
505 560 575 594 τοῦ
606 553 856 607 ἐπόρνευσεν.
907 555 1058 594 scilicciz
1089 555 1183 605 quia
1215 555 1424 594 scortando
1463 554 1626 594 divitiae
1664 566 1823 604 compa—

253 617 405 655 rantur.
455 627 598 666 porsus
629 615 788 655 diversa
820 616 914 654 sunt
945 627 1047 665 quae
1081 615 1292 654 attulimus
1323 615 1374 653 ad
1405 614 1548 653 Eubul.
1580 614 1646 653 20.

1004 730 1087 772 709

967 794 1060 858 κᾷτ’
1096 800 1368 857 ἀπερρώγειν
1400 799 1423 843 ὁ
1455 800 1577 850 πούς.

375 887 545 925 Bekker.
576 886 725 926 Anecd.
751 889 850 936 422,
882 889 908 926 4
941 884 1185 940 ἀπέρρωγεν
1218 885 1293 926 οὐκ
1323 884 1571 939 ἀπέρρηκται.
1614 883 1680 925 καὶ
1710 883 1826 938 Ιἀπερ-

259 945 387 1000 ρώγει,
418 944 485 986 καὶ
516 945 591 985 σὺν
621 948 674 1002 τῷ
699 962 724 986 ν
750 945 1007 1000 ἀπερρώγειν,
1038 945 1080 986 τὸ
1111 947 1240 999 τρίτον
1271 945 1485 999 πρόσωπον
1513 948 1590 986 κτλ.
1639 958 1828 997 καταπερ-

258 1005 392 1059 ρώγην
427 1027 475 1032 -
513 1003 720 1060 ἀπερρώγη
753 1028 809 1033 -
842 1004 1075 1060 ἀπερρωγην
1107 1002 1202 1059 (sic)
1235 1006 1321 1046 cod.

1005 1123 1090 1164 710

889 1192 912 1236 ὁ
945 1191 984 1235 δ’
1021 1192 1224 1250 ἀγοράζει
1254 1187 1378 1249 κλῇδ’
1416 1192 1541 1248 ἔχων.

377 1278 551 1318 Cramer.
571 1279 721 1319 Anecd.
741 1278 811 1319 Ox,
831 1279 893 1318 III
918 1282 1014 1330 292,
1035 1282 1088 1319 25
1134 1276 1235 1326 τινὲς
1268 1276 1310 1318 δὲ
1341 1277 1556 1318 ἐκτείνουσι
1587 1274 1643 1331 (Ῥ)
1677 1277 1719 1319 τό
1749 1281 1827 1319 κτλ.

255 1336 452 1378 τουτέστιν
472 1337 514 1377 ἐν
536 1337 661 1394 ἀγορᾷ
688 1339 885 1391 διατρίβει.
918 1337 938 1378 ὅ
965 1335 1001 1378 δ’
1026 1338 1162 1390 Mein]
1185 1335 1258 1378 ὅδ’.
1291 1335 1423 1393 κλῇδ’]
1445 1334 1578 1378 κλεῐδ’.
1614 1338 1828 1378 Herodian.

256 1399 392 1437 Herm.
413 1400 511 1437 441.
545 1399 759 1438 Herodian.
790 1399 929 1439 Lehrs.
963 1401 1061 1439 361.
1110 1399 1239 1437 Draco
1274 1401 1341 1448 21,
1375 1400 1442 1437 26.
1492 1399 1540 1437 cf.
1572 1398 1720 1448 Diphil.
1755 1400 1793 1437 9.

1004 1515 1086 1556 711

970 1584 1024 1627 οὐ
1055 1585 1245 1640 φενίνδα
1277 1592 1499 1641 σφαιριῶν

378 1672 643 1723 Etymologic.
676 1686 727 1710 m.
759 1672 907 1710 Millcri
948 1667 1170 1723 (Melanges
1204 1668 1309 1725 299)
1349 1671 1535 1721 φενίνδα·
1579 1670 1719 1710 παιδιὰ
1764 1670 1830 1711 διὰ

259 1731 429 1784 σφαίρας
453 1729 659 1784 γινομένη·
692 1727 779 1771 οἷον
799 1733 876 1770 κτλ.
926 1729 1004 1771 ἀπὸ
1036 1735 1105 1782 τῆς
1130 1728 1308 1781 ἀφέσεως
1338 1735 1416 1770 τῶν
1442 1729 1740 1783 σφαιριζόντων.
1780 1733 1828 1771 cf.

261 1805 360 1843 quae
393 1791 673 1831 adnotavimus
707 1791 757 1830 ad
783 1791 1001 1841 Aniziphan.
1029 1792 1126 1830 283.
1177 1789 1225 1830 οὐ
1257 1795 1453 1843 σφαιριῶν
1485 1790 1691 1841 φαινίνδα,
1723 1791 1757 1830 si
1787 1791 1828 1830 in

258 1854 341 1890 tam
374 1851 575 1901 corruptis
607 1851 739 1891 verbis
779 1851 1032 1890 coniecturae
1063 1851 1175 1889 locus
1208 1851 1277 1901 sit,
1314 1850 1469 1890 Nauck.
1496 1851 1646 1889 Bullet.
1670 1850 1830 1901 Petrop.

259 1911 357 1949 XIII
391 1912 487 1950 363.

546 2037 784 2094 ἀρραβῶνα
815 1979 1092 2093 Σίφνιον712

380 2124 603 2175 Hesychius
654 2121 976 2176 διαβεβλημένον.
1037 2122 1089 2171 ὡς
1133 2129 1211 2163 τῶν
1247 2124 1433 2174 Σιφνίων
1475 2123 1651 2177 ἀσελγῶν
1693 2121 1830 2163 ὄντων.

261 2184 453 2224 indicavit
473 2185 625 2223 Nauck.
663 2184 706 2222 in
736 2184 941 2223 comoedia
972 2186 1042 2223 auk
1068 2178 1173 2238 (καὶ)
1197 2184 1373 2234 Σίφνιον
1404 2182 1617 2236 ἀρραβῶνα
1648 2184 1831 2222 exstabat

262 2246 334 2282 aut
366 2238 407 2297 (ὅ
440 2238 500 2297 δ’)
533 2241 617 2297 ἀρρ.
648 2245 696 2282 Σ.
741 2245 847 2282 certe
878 2256 957 2282 non
987 2244 1029 2282 in
1061 2243 1172 2283 exitu
1201 2243 1377 2282 trimetri
1406 2243 1583 2293 positum
1615 2245 1712 2284 erat.

1004 2359 1088 2402 713

546 2429 668 2472 κύων
698 2426 802 2485 παρ’
838 2428 1054 2487 ἐντέροισι

381 2516 608 2567 Hesychius
631 2516 822 2568 παροιμία
847 2514 911 2555 ἐπὶ
934 2521 1012 2555 τῶν
1037 2514 1091 2567 μὴ
1113 2512 1347 2567 δυναμένων
1372 2514 1589 2555 ἀπολαύειν
1607 2521 1686 2555 τῶν
1704 2529 1830 2568 παρα-
1878 2504 1881 2506 ,

263 2573 465 2626 κειμένων.
516 2576 564 2615 cf.
596 2576 831 2627 Diogenian.
865 2578 902 2626 5,
937 2578 988 2615 67
1001 2589 1035 2615 a.
1086 2576 1199 2614 Pho‘c.
1231 2574 1352 2614 κύων.
1396 2577 1443 2614 cf.
1479 2578 1575 2615 719.

1005 2691 1090 2733 714

953 2759 1050 2804 οὐδ’
1087 2760 1330 2818 ἐτρύπησεν
1360 2763 1537 2817 κρόκην.

388 2845 507 2887 οὐδὲν
538 2847 753 2900 εἰργάσατο.
801 2848 1039 2898 Hesychius.
1070 2846 1217 2900 κρόκην
1242 2846 1412 2898 Musur.]
1450 2847 1582 2900 κρόκη.
1605 2870 1656 2876 -
1679 2847 1829 2887 vocalis

264 2922 288 2945 v
322 2907 362 2944 in
387 2908 508 2946 verbo
539 2907 700 2959 τρυπάω
730 2907 976 2958 producitur.
