2014 3334
748 220 953 255 ΑΔΗΛΩΝ
977 221 1239 256 ΔΡΑΜΑΤΩΝ
1695 219 1783 262 213

949 364 1035 407 756

411 448 587 499 ὄνειδος
618 448 800 504 αἰσχρὸς
830 449 928 503 βίος
960 448 1078 505 ὅμως
1109 447 1192 492 κᾶν
1224 449 1335 505 ἡδὺς
1366 443 1403 505 ᾗ.

314 534 556 575 Plutarchus
592 534 692 575 Mor.
733 536 822 574 210
862 532 882 574 ὃ
925 532 1247 588 Μένανδρος..
1282 567 1289 575 .
1319 533 1392 587 τὴν
1435 534 1664 588 θρασύτητα
1707 542 1776 589 τῆς

193 593 407 643 ἀκολασίας
443 591 633 646 ἐξέκοψεν
671 593 794 635 εἰπών
825 597 903 634 κτλ.
966 595 1163 635 Stobaeus
1196 595 1334 636 Floril.
1363 597 1400 647 6,
1441 597 1496 636 26
1537 601 1607 636 τοῦ
1651 594 1775 637 αὐτοῦ

190 651 466 709 (Μενάνδρου
499 651 575 709 25)
606 654 655 695 A.

944 783 1028 826 757

409 865 558 918 οὐδεὶς
589 867 674 924 γὰρ
706 866 889 922 ἀγαπῶν
910 867 1054 926 ἀὐτὸς
1085 863 1284 923 ἀμελεῖθ’
1321 866 1473 923 ἡδέως.

311 955 554 995 Plutarchus
583 954 683 994 Mor.
706 955 789 994 491
805 967 825 994 c
865 952 908 994 τὸ
941 950 984 994 δὲ
1015 953 1299 1006 Μενάνδρειον
1331 951 1465 1008 ὀρθῶς
1497 953 1586 1007 ἕχον
1617 952 1670 1002 ὡς
1696 957 1774 994 κτλ.

193 1015 278 1056 sine
309 1015 486 1056 auctoris
516 1014 676 1055 nomine
708 1014 815 1054 idem
848 1016 902 1055 95
916 1014 952 1055 d.
1001 1012 1077 1068 γὰρ
1110 1028 1186 1054 om.
1220 1016 1319 1054 491.

945 1166 1029 1217 758

478 1248 513 1294 ὦ
544 1258 639 1306 παῖ,
671 1251 834 1305 σιώπα·
877 1246 1004 1294 πόλλ’
1040 1251 1129 1307 ἔχει
1161 1250 1263 1305 σιγὴ
1296 1250 1418 1292 καλά.

310 1338 547 1390 Apostolius
581 1341 648 1390 18,
681 1340 769 1379 62a
808 1333 939 1393 (Ars.)
972 1337 1272 1390 Μενάνδρου
1309 1333 1335 1388 ἡ
1375 1336 1616 1389 παραίνεσις.
1678 1337 1772 1376 Plu-

190 1399 355 1439 tarchus
374 1398 474 1438 Mor.
496 1399 581 1439 502
595 1412 615 1438 e
647 1398 819 1450 εἴπωμεν
838 1397 937 1451 πρὸς
959 1397 1029 1438 τὸν
1053 1396 1268 1450 ἀδόλεσχον
1287 1399 1364 1436 κτλ.
1415 1397 1613 1436 Stobaeus
1634 1397 1771 1436 Floril.

190 1460 260 1510 33,
287 1460 312 1498 3
345 1455 604 1509 Σοφοκλέους
630 1454 784 1498 ’Λλεάσι
811 1453 1048 1513 (Ἁλεάδαις)
1075 1458 1239 1498 Gesner.
1271 1457 1320 1497 de
1350 1457 1388 1496 A
1418 1457 1519 1496 nihil
1545 1456 1670 1496 Gaisf.
1721 1458 1771 1496 cf.

191 1518 311 1570 Soph.
343 1520 392 1558 fr.
427 1521 481 1559 79
514 1519 564 1559 N.
596 1516 705 1572 σιγὴ]
745 1516 873 1571 σιωπὴ
905 1514 1090 1570 'ApostoL
1122 1520 1164 1558 et
1195 1517 1306 1558 stob.
1341 1539 1392 1544 —
1427 1516 1527 1556 mihi
1566 1518 1650 1556 tam
1681 1517 1768 1557 vul-

189 1578 300 1631 garis
337 1578 538 1618 sententia
574 1579 692 1618 facile
729 1579 892 1631 uirique
929 1580 1073 1630 poetae
1110 1578 1271 1619 videtur
1309 1590 1350 1617 se
1389 1578 1531 1617 offerre
1572 1577 1767 1627 potuisse:

189 1651 319 1690 neque
350 1638 466 1679 video
497 1652 570 1679 cur
599 1640 819 1679 Menandro
852 1652 941 1679 eam
971 1639 1098 1678 tribui
1129 1650 1246 1690 posse
1277 1639 1400 1690 neget
1426 1636 1563 1677 Cobet.
1582 1637 1631 1675 N.
1652 1637 1677 1675 l.
1699 1638 1767 1677 53.

190 1697 280 1753 σιγή
313 1688 403 1754 (-ῇ)
436 1700 500 1738 est
530 1699 656 1739 Arist.
689 1699 780 1738 Pae.
814 1701 881 1740 53.
925 1699 1031 1739 Eccl.
1067 1700 1194 1738 1088.

939 1840 1024 1883 759

403 1924 545 1967 ἔθυον
576 1923 631 1967 οὐ
661 1923 961 1981 προσέχουσιν
994 1920 1130 1966 οὐδέν
1161 1938 1237 1978 μοι
1267 1926 1404 1972 θεοῖς.

307 2010 551 2051 Plutarchus
571 2011 671 2051 Mor.
693 2011 845 2051 1102b
876 2009 1009 2058 θύσας
1041 2007 1083 2049 δὲ
1109 2007 1241 2049 ἄπεισι
1266 2006 1389 2062 λέγων
1421 2006 1462 2047 τὸ
1483 2006 1765 2060 Μενάνδρειον

189 2073 266 2110 κτλ.
329 2069 612 2124 Μενάνδρειον
646 2070 796 2122 Reisk]
831 2068 903 2123 μὲν
933 2068 1132 2124 ἀνδρεῖον.

937 2211 1023 2254 760

475 2290 538 2347 εἷς
569 2294 662 2339 ε’στι
693 2296 856 2347 δοῦλος
887 2295 1028 2346 οἰκίας
1059 2294 1082 2337 ὁ
1118 2294 1342 2348 δεσπότης.

307 2380 520 2423 Liban.11
553 2385 708 2435 88,11
761 2387 863 2423 νοῦν
913 2377 988 2435 εἶχε
1033 2378 1276 2433 Μένανδρος
1319 2377 1340 2419 ὁ
1379 2378 1647 2428 Διοπείθους,
1696 2375 1762 2417 καὶ

188 2445 347 2483 πλεῖστα
376 2446 458 2492 τοῖς
490 2440 657 2491 οἰκέταις
687 2439 765 2497 ἄρα
790 2445 872 2490 τοῖς
900 2441 1024 2482 αὑτοῦ
1051 2438 1322 2487 δεδουλευκὼς
1346 2438 1472 2485 οὕτως
1502 2436 1612 2489 ἔσχεν
1638 2437 1762 2477 εἰπεῖν

187 2500 231 2542 τὸ
261 2505 339 2543 κτλ.
399 2503 567 2543 Aristid.
597 2503 640 2542 II
672 2504 759 2543 204
792 2503 928 2543 Dindf.
965 2501 1008 2541 τὸ
1045 2506 1114 2541 τοῦ
1152 2499 1458 2555 κωμῳδιοποιοῦ
1495 2497 1665 2550 βεβαίως
1695 2495 1762 2537 καὶ

187 2562 339 2616 παγίως
369 2561 446 2615 ἔχει
476 2560 530 2611 ὡς
560 2558 623 2636 αρ’
659 2557 714 2610 εἷς
739 2562 799 2613 εἰη
825 2567 894 2615 τῆς
920 2561 1046 2609 οἰκίας
1078 2561 1221 2607 δοῦλος
1246 2556 1267 2599 ὁ
1293 2557 1494 2609 δεσπότης.
1541 2557 1612 2596 ubi
1638 2557 1761 2597 schol.

189 2623 289 2674 519,
322 2624 376 2662 25
410 2620 431 2662 ὃ
461 2621 635 2674 κωμικὸς
666 2621 896 2674 σχετλιάζων
927 2626 1042 2662 τοῦτο
1075 2619 1233 2672 εἰσάγει,
1265 2617 1287 2657 ό
1317 2632 1356 2658 τε
1377 2614 1664 2669 Ἀριστοφάνης
1694 2631 1761 2656 και

188 2679 210 2722 ὅ
242 2679 496 2735 Μένανδρος.
546 2683 669 2722 etiam
693 2682 978 2733 Aristophanis
1003 2679 1239 2731 fragmentis
1266 2676 1609 2717 adnumeiandum
1641 2678 1761 2728 esset,

188 2741 266 2782 nisi
301 2743 520 2783 scholiasta
549 2742 756 2782 vider-etm
787 2741 993 2781 dubitasse
1025 2739 1337 2789 Aristophanem
1370 2736 1570 2776 Arist-ides
1610 2708 1761 2775 diceret'

188 2799 256 2841 τὸν
308 2800 632 2858 κωμῳδιοποιόν,
682 2814 733 2841 an
780 2801 1052 2841 Menandrum.
1126 2801 1302 2837 ceterum
1352 2796 1401 2835 cf.
1445 2797 1613 2835 monost.
1661 2797 1756 2835 168.

189 2861 393 2912 Aphthon.
424 2861 551 2901 Walz.
582 2862 698 2900 Rhet.
729 2860 770 2899 Π
803 2863 878 2911 23,
910 2862 978 2900 24.
1018 2860 1115 2908 594,
1149 2859 1186 2897 3.
