2014 3334
267 242 325 283 80
804 243 808 245 ·
898 242 1194 274 MENANAPOT

480 354 599 404 οῖ’μοι-
630 347 787 402 λέγειν,
819 348 933 402 ἡδὺν
965 346 1013 390 δὲ
1044 347 1116 390 καὶ
1147 351 1292 406 πρᾷόν
1322 365 1420 391 τινα

439 432 459 462 5
479 420 622 462 ὕπνον
653 420 891 461 καθεύδειν
926 419 1055 472 [ἀλλὰ
1085 427 1174 462 τῶν
1204 427 1389 475 πτωχῶν
1418 421 1549 473 τινα].

481 489 585 533 νυνὶ
617 487 664 532 δὲ
695 489 768 532 καὶ
799 492 902 540 τοὺς
933 492 1174 547 μακαρίους
1204 490 1506 546 καλουμένους

479 561 591 616 ὑμᾶς
623 560 710 617 ὁρῶ
742 566 990 610 πονοῦντας
1020 560 1126 616 ἡμῖν
1157 561 1336 617 ἐμφερῆ.

481 629 537 688 ἆῤ
569 631 659 674 ἐστὶ
691 630 899 686 συγγενές
930 647 972 673 τι
1003 632 1118 686 λύπη
1150 631 1223 674 καὶ
1253 635 1367 687 βίος·

480 709 684 761 τρυφερῷ
717 705 798 761 βίῳ
832 703 1052 755 σύνεστιν,
1085 701 1249 760 ἐνδόξῳ
1281 705 1363 760 βίῳ

425 787 460 817 ιο
480 775 703 830 πάρεστιν,
737 774 886 832 ἀπόρῳ
919 773 1325 828 συγκαταγηράσκει
1356 775 1451 831 βίῳ.

390 875 425 900 v.
462 863 583 899 1—5
620 855 873 913 (καθεύδειν)
907 862 947 898 et
979 861 1136 898 8-10
1174 859 1415 898 Plutarchus
1448 860 1546 899 Mor.
1578 860 1702 899 466b
1745 858 1838 907 τοὺς

272 918 342 969 μὲν
380 919 453 972 γὰρ
493 918 776 970 ἀφωρισμένως
815 917 884 957 ἕνα
921 918 1011 970 βίον
1048 915 1203 957 ἄλυπον
1240 918 1470 969 νομίζοντας
1589 947 1598 956 .
1633 918 1778 965 ἱκανῶς
1815 915 1836 958 ὅ

271 977 512 1030 Μένανδρος
550 977 838 1029 ὑπομιμνήσκει
875 976 998 1029 λέγων
1037 973 1148 1032 ᾤμην
1180 980 1256 1016 κτλ.
1317 973 1397 1016 εἶτα
1428 977 1651 1028 προελθών,
1689 975 1742 1025 ὡς
1772 976 1838 1017 καὶ

269 1037 360 1085 τοὺς
400 1038 614 1084 πλουσίους
651 1036 753 1088 ἑώρα
790 1036 911 1076 ταύτὰ
947 1036 1169 1088 πάσχοντας
1206 1039 1286 1083 τοῖς
1323 1034 1505 1088 πένησιν·
1547 1031 1608 1088 ἆρ’
1643 1035 1722 1076 ἐστὶ
1758 1039 1836 1076 κτλ.

272 1112 304 1136 v.
342 1100 464 1136 1——7
507 1097 702 1136 Stobaeus
742 1097 880 1135 Floril.
914 1098 981 1144 97,
1022 1098 1074 1135 13
1122 1095 1370 1147 Μενάνδρου
1402 1098 1450 1134 A.
1511 1110 1546 1136 v.
1581 1099 1605 1135 8
1641 1097 1837 1136 Stobaeus

271 1157 407 1195 Floril.
442 1158 509 1204 98,
544 1158 597 1194 54
631 1155 877 1208 Μενάνδρου
910 1156 1180 1209 Κιθαριστῇ
1212 1155 1259 1194 Α.
1311 1159 1352 1194 et
1383 1169 1457 1195 om.
1483 1158 1627 1205 poetae
1657 1156 1836 1195 fabulae-

273 1228 348 1266 que
380 1216 537 1253 nomine
564 1215 760 1266 Diogenes
789 1215 831 1253 L.
861 1218 897 1262 7,
927 1216 980 1253 68
1014 1212 1092 1253 ἔστι
1124 1211 1166 1252 δὲ
1196 1213 1262 1253 καὶ
1293 1213 1581 1265 ἐπαπορητικόν
1612 1228 1648 1253 τι
1677 1219 1838 1267 πρᾶγμα

273 1273 499 1325 διενηνοχὸς
542 1273 778 1325 ἀξιώματος,
821 1271 842 1312 ὃ
886 1273 922 1312 εἰ
964 1271 1070 1326 λέγοι
1105 1288 1181 1323 τις,
1225 1272 1394 1324 ἀποροίη
1433 1271 1499 1312 ἄν·
1540 1269 1604 1325 ἆρ’
1647 1272 1725 1312 ἐστὶ
1760 1276 1838 1313 κτλ.

271 1336 438 1372 monost.
462 1335 556 1372 640.
591 1334 767 1372 Gazaeus
788 1334 938 1383 Euphr.
963 1337 983 1372 1
1016 1346 1188 1383 prooem.
1225 1328 1287 1384 ἆρ’
1317 1332 1395 1372 ἐστὶ
1421 1331 1603 1386 συγγενές
1627 1346 1663 1372 τι
1688 1332 1839 1385 μόχθος

271 1391 336 1431 καὶ
367 1392 489 1445 λόγος.
523 1389 621 1444 (ind.
654 1387 827 1446 Nauck.)

391 1454 428 1491 3.
460 1450 622 1490 ἀνώκτω
648 1452 686 1490 Α
718 1451 826 1491 Stob.
854 1464 927 1490 see.
950 1451 1072 1502 (ξι-οὺ,
1105 1450 1259 1491 άνύκτω
1293 1465 1369 1490 sec.
1402 1451 1526 1490 Gaisf.
1589 1453 1626 1491 4.
1658 1449 1838 1504 λέγωνΑ

273 1511 381 1550 Stob.
435 1513 471 1550 5.
497 1517 574 1549 τῶν
606 1517 754 1562 φωκῶν
785 1525 872 1549 τινα
890 1511 1062 1562 Madvig.
1083 1511 1249 1550 Advers.
1277 1511 1362 1550 crit.
1384 1511 1403 1549 Ι
1431 1513 1515 1550 720
1541 1512 1640 1550 conl.
1661 1511 1837 1550 Iuvenal.

274 1572 317 1619 3,
357 1571 453 1609 238.
515 1569 583 1609 τὸν
625 1569 780 1622 πτωχὸν
825 1569 950 1621 μόνον
992 1571 1195 1609 Herwerd.
1243 1569 1335 1610 Obs.
1373 1570 1459 1609 crit.
1500 1572 1567 1609 87.
1629 1573 1776 1619 μᾶλλον
1812 1567 1839 1621 ἢ

272 1635 435 1681 πτωχῶν
478 1645 564 1668 τινα
609 1631 724 1669 Mein.
764 1630 872 1668 Stob.
912 1630 972 1668 III
1009 1643 1129 1669 xxxv.
1182 1627 1289 1668 ’ἀλλὰ
1319 1639 1353 1668 τ.“
1382 1643 1442 1668 πτ.
1480 1643 1567 1668 τινα
1605 1629 1680 1668 del.
1714 1629 1758 1668 G.
1790 1629 1839 1669 A.

272 1689 472 1740 Hirschig.
504 1689 606 1728 Ann.
640 1690 725 1728 crit.
761 1691 833 1740 22,
868 1689 1114 1728 adsentiente
1148 1688 1284 1729 Cobet.
1316 1690 1460 1728 Mnem.
1485 1689 1606 1727 VIIII
1640 1691 1735 1727 141.
1801 1691 1838 1728 7.

273 1753 495 1794 πονοῦντας
523 1747 648 1798 Geel]
676 1753 900 1795 ποιοῦντας.
956 1749 1001 1787 8.
1033 1743 1096 1801 ἆρ’
1132 1746 1210 1786 ἐστὶ
1234 1762 1305 1798 per
1329 1748 1681 1799 insserrogationem
1709 1748 1840 1787 efferri

277 1810 387 1846 vetat
417 1807 574 1846 Ahrens
607 1809 663 1846 De
696 1808 797 1846 erasi
820 1809 857 1846 8.
922 1809 987 1846 10.
1019 1806 1222 1859 πάρεστιν]
1255 1806 1460 1860 πρόσεστιν
1491 1807 1691 1859 Hirschig.
1713 1829 1765 1834 --
1791 1807 1839 1846 de

276 1867 475 1905 sententia
505 1868 551 1905 cf.
584 1868 747 1906 Lucian.
779 1867 907 1917 Epist.
942 1867 1100 1905 Saturn.
1135 1869 1201 1906 26.

1016 1982 1103 2024 282

486 2067 535 2107 τὸ
567 2067 846 2120 κουφότατόν
878 2075 926 2106 σε
958 2071 1047 2107 τῶν
1078 2071 1226 2107 κακῶν
1255 2065 1434 2107 πάντων
1462 2064 1627 2119 δάκνει,

487 2138 631 2178 πενία·
668 2138 715 2178 τί
741 2137 824 2192 γὰρ
855 2134 974 2178 τοῦτ’
1014 2135 1152 2187 ἑστίν;
1185 2132 1238 2191 ἧς
1268 2134 1429 2190 γένοιτ’
1466 2135 1521 2179 ἂν
1552 2130 1615 2186 εἷς

489 2210 619 2263 φίλος
649 2209 876 2263 βοηθήσας
908 2208 1055 2263 ἰατρὸς
1087 2207 1262 2264 ῥᾳδίως.

398 2294 593 2332 Stobaeus
630 2294 765 2333 Floril.
801 2296 873 2342 95,
909 2295 931 2331 2
979 2293 1227 2347 Μενάνδρου
1268 2295 1491 2348 Κιθαριστῇ
1527 2293 1577 2331 A.
1637 2293 1842 2332 Plutarch.

276 2354 374 2391 Mor.
409 2354 527 2391 524e
567 2352 639 2403 τήν
677 2368 720 2405 γε
760 2352 999 2405 χρηματικήν
1039 2348 1238 2406 (πενίαν),
1276 2352 1329 2400 ὥς
1366 2364 1490 2404 φησιν
1528 2350 1548 2392 ὁ
1587 2350 1841 2406 Μένανδρος,

277 2407 331 2459 εἷς
362 2410 411 2450 ἂν
442 2412 556 2463 φίλος
587 2411 841 2460 ἀπαλλάξειεν
873 2410 1136 2465 εὐεργετήσας.
1197 2414 1244 2452 cf.
1280 2414 1376 2453 735.

1018 2529 1104 2571 283

490 2612 531 2652 εί
558 2613 662 2661 τοὺς
694 2610 1007 2665 ἀδικηθέντας,
1038 2611 1195 2667 πάτερ,
1228 2604 1527 2666 φευξούμεθα,

491 2684 607 2724 τίσιν
638 2681 693 2725 ἂν
724 2683 1029 2737 βοηθήσαιμεν
1060 2682 1211 2732 ἄλλοις
1242 2682 1423 2739 ῥαδίως;

400 2767 594 2807 Stobaeus
634 2769 771 2807 Floril.
806 2771 849 2819 9,
890 2770 942 2807 18
994 2767 1241 2818 Μενάνδρου
1278 2769 1538 2819 Κιθαρισταῐς
1573 2766 1622 2805 Α.
1688 2770 1758 2806 τοῦ
1790 2746 1843 2805 ἅττ)

281 2848 419 2899 κιθαρῖ
458 2850 570 2889 Voss.
602 2852 722 2890 Heus.
789 2855 823 2891 1.
858 2831 921 2890 3522
952 2851 999 2889 A.
1038 2848 1120 2889 ἐπεὶ
1147 2850 1152 2899 Ι
1180 2849 1215 2889 εἰ
1249 2849 1341 2896 τοὺς
1371 2853 1447 2889 κτλ.
1510 2849 1627 2888 Mein.
1659 2849 1719 2887 ed.
1750 2848 1841 2887 mai.

281 2909 319 2945 2.
350 2908 626 2960 βοηθήσαιμεν
658 2911 771 2950 Voss.
804 2905 873 2959 132]
906 2909 1180 2961 βοηθήσωμεν
1210 2909 1257 2947 A.
