2014 3334
200 241 288 284 478
628 236 631 240 ’
853 243 1118 277 ΑΔΕΣΠΟΤΑ

947 352 1031 394 369

415 435 442 476 ἅ
472 430 514 488 γ’
550 438 594 476 εἴ
618 450 684 484 τις
716 435 778 484 εἰς
808 435 857 476 τὸ
890 441 986 489 φῶς
1017 436 1131 490 ἄγοι,
1164 431 1270 491 σάφ’
1307 439 1417 490 ἴσθι,
1449 443 1538 478 τῶν

416 505 587 547 δώδεκα
618 509 740 548 θεῶν
772 504 932 548 δέοιντ’
970 505 1026 548 ἂν
1058 508 1120 557 εἰς
1152 508 1385 563 σωτηρίαν.

321 592 512 631 Libanius
544 591 584 631 ΙΙ
617 594 684 643 97,
718 593 783 632 16.
850 595 885 632 1.
917 590 959 631 τὸ
990 594 1032 631 eb
1062 588 1158 643 σάφ’
1194 592 1279 632 ἴσθι
1310 593 1399 633 add.
1431 591 1516 646 ἄγει
1547 594 1645 634 Bav.
1672 595 1771 634 Mor.

943 708 1029 750 370

415 790 497 833 τάκ
526 798 616 834 τῶν
647 791 796 848 ἀγρῶν
828 790 855 833 ἃ
887 792 1074 833 δίδωσιν
1106 790 1306 842 ἐνιαυτὸς
1337 794 1475 847 μόλις,

417 858 541 904 οὗτοι
573 864 912 920 διαρρίπτουσιν
944 862 992 905 ἐν
1024 862 1180 918 ἀκαρεῖ
1207 864 1368 921 χρόνῳ.

322 949 514 988 Libanius
546 949 628 987 IIII
661 951 758 1000 203,
794 952 829 989 7.
893 951 929 988 2.
963 943 1072 988 οὗτοι
1103 949 1194 988 add.
1225 950 1366 989 deinde
1397 948 1441 988 ἐν
1472 948 1532 989 ἀκ.
1559 965 1615 1002 χρ.
1647 950 1773 1003 διαρρ.

203 1002 266 1061 (οἱ
292 1006 462 1061 λαμπροὶ
494 1008 703 1055 δοκοῦντες
734 1003 865 1062 εἶναι).

946 1089 1030 1132 371

415 1174 594 1214 πολλῶν
625 1171 790 1227 ὀφείλω
824 1183 896 1214 σοι
926 1172 1119 1227 χάριτας,
1150 1178 1299 1227 γονῆς,
1330 1178 1516 1229 τροφῆς·

417 1242 657 1297 ἀμείβομαί
684 1253 733 1284 σε
763 1247 825 1300 τῷ
857 1249 1019 1298 φυγεῖν
1049 1243 1130 1297 τὴν
1162 1244 1319 1285 οἰκίαν.

323 1329 515 1368 Libanius
535 1329 618 1367 IIII
645 1331 741 1380 705,
776 1331 842 1369 16.
907 1332 942 1368 1.
974 1334 1138 1381 τροφῆς,
1168 1329 1359 1376 παιδείας.
1396 1351 1444 1358 -—
1479 1329 1585 1369 filius
1617 1332 1772 1381 patrem

206 1389 447 1439 adloquitur.

588 1521 591 1523 ‚
940 1469 1026 1511 372

416 1551 594 1606 ψαιστά,
627 1552 886 1606 λιβανωτόν,
918 1552 1111 1593 πόπανα·
1148 1550 1270 1594 ταῦτ’
1308 1551 1550 1607 ὠνήσομαι·

418 1621 472 1664 οὐ
503 1630 596 1673 τοῖς
627 1625 775 1679 φίλοις
805 1624 905 1666 θύω
937 1623 1038 1680 γάρ,
1069 1623 1179 1665 ἀλλὰ
1209 1630 1302 1673 τοῖς
1333 1627 1468 1674 θεοῖς.

322 1710 569 1760 Porphyrius
600 1710 658 1749 De
691 1710 835 1749 abstin.
869 1712 906 1757 2,
939 1711 993 1749 58
1028 1705 1084 1763 (p.
1109 1712 1204 1759 120,
1232 1712 1256 1750 8
1282 1704 1456 1763 Nauck.)
1487 1707 1643 1761 λέγουσι
1672 1715 1772 1763 γοῦν

202 1767 269 1807 καὶ
311 1774 388 1808 τῶν
431 1774 606 1819 ποιητῶν
652 1769 693 1808 οἷ
733 1765 792 1808 ἐπ’
840 1766 973 1821 ὀλίγον
1017 1774 1317 1821 σωφρονοῦντες
1340 1801 1348 1809 .
1370 1801 1377 1808 .
1398 1801 1407 1808 .
1429 1767 1544 1816 ἄλλος
1588 1768 1631 1808 δέ
1674 1781 1773 1821 φησι

203 1831 280 1867 κτλ.
364 1831 398 1867 1.
431 1827 608 1867 πόπανα·
660 1825 767 1868 ταῦτ’
815 1826 1018 1880 ὠνήσομαι
1049 1828 1185 1879 Mein]
1225 1828 1327 1879 μόνα
1367 1826 1399 1867 τ’
1441 1827 1572 1868 αὐτῶν
1613 1828 1771 1881 ἥσομαι.

206 1891 242 1926 2.
275 1887 416 1938 φύλοις
434 1889 529 1926 Mm.
572 1891 683 1935 θεοῖς
702 1887 839 1939 Mein]
865 1890 978 1935 θεοῖς
1002 1893 1139 1939 τανῦν,
1165 1889 1271 1940 quod
1298 1889 1465 1927 rettinet
1483 1889 1635 1928 Nauck.
1672 1889 1772 1927 nihil

203 1948 244 1985 in
276 1948 339 1986 his
373 1950 433 1986 ost
465 1948 570 1998 quod
600 1961 679 1987 non
711 1949 833 1987 etiam
864 1949 906 1987 in
938 1949 1104 1999 antiqua
1134 1948 1338 1987 comoedia
1368 1948 1445 1987 dici
1476 1948 1663 1998 potuerit.

944 2065 1030 2106 373

419 2146 499 2202 οὐχ
531 2147 713 2202 αἵματος
744 2145 817 2189 καὶ
847 2154 936 2189 τῶν
969 2146 1050 2188 ὅσα
1081 2147 1255 2196 τούτοις
1285 2148 1501 2203 κίρναται,

418 2214 512 2260 ἀλλ’
549 2217 592 2269 ἐξ
625 2218 876 2273 ἀδάμαντος
905 2216 978 2260 καὶ
1009 2216 1169 2272 πέτρας
1199 2214 1242 2259 εἴ
1268 2216 1341 2259 καὶ
1373 2220 1558 2272 Στυγός.
1599 2248 1602 2249 ⁷

324 2304 595 2343 Philostratus
616 2304 744 2355 Epist.
768 2306 822 2343 14
843 2300 898 2356 (p.
919 2306 1017 2343 471.
1039 2306 1063 2342 2
1090 2298 1252 2357 Herch.)
1273 2302 1348 2342 οὐκ
1378 2298 1487 2355 ἦσθα
1520 2304 1772 2356 συγκείμενος

205 2362 247 2401 ἐκ
278 2362 420 2414 σαρκὸς
459 2359 542 2417 (καὶ
579 2363 742 2414 αἵματος
779 2364 868 2403 add.
899 2359 1086 2416 Kayser.)
1124 2361 1189 2402 καὶ
1227 2368 1304 2402 τῶν
1335 2384 1392 2390 -
1428 2361 1569 2415 πέτρας
1606 2362 1671 2402 καὶ
1702 2366 1771 2404 Στ.

206 2421 347 2474 σαρκὸς
371 2422 521 2474 BentL]
549 2421 674 2474 ἀέρος.
725 2424 827 2462 Plat.
852 2424 1012 2475 Protag.
1034 2423 1152 2462 320d
1179 2421 1221 2460 ἐκ
1245 2427 1318 2475 γῆς
1340 2421 1406 2461 καὶ
1424 2421 1549 2474 πυρὸς
1581 2453 1589 2462 .
1622 2452 1631 2461 .
1664 2452 1674 2462 .
1705 2421 1772 2462 καὶ

204 2488 282 2520 τῶν
308 2481 380 2521 ὅσα
405 2481 501 2536 πυρὶ
535 2481 600 2521 καὶ
637 2487 685 2537 γῇ
723 2482 970 2534 κεράννυται.
1023 2480 1245 2534 ε’γκιρνᾶσιν
1283 2483 1344 2520 est
1375 2482 1500 2521 Arist.
1532 2483 1639 2521 E001.
1672 2484 1771 2532 841,

205 2541 407 2592 κιρνάντες
438 2542 615 2581 eiusdem
645 2543 693 2580 fr.
727 2544 825 2582 683.

414 2704 738 2760 Ἀγαμέμνονος
768 2706 817 2748 τὸ
849 2707 1087 2762 πρόσωπον
1119 2703 1185 2747 ὅδ’
1222 2704 1520 2760 ὑποκρίνεται,

418 2778 646 2827 Μίθαικος
677 2778 741 2819 ὥν
771 2793 836 2827 τις
866 2777 1087 2819 τᾶνδοθεν
1118 2775 1144 2830 ἢ
1179 2777 1390 2832 Θεαρίων.

325 2862 570 2902 Themistius
591 2866 658 2914 21,
680 2865 794 2902 2510
825 2862 995 2918 ἐξαπατᾷ
1027 2861 1129 2913 ὑμᾶς
1159 2860 1226 2901 καὶ
1256 2876 1318 2914 πρ.
1341 2859 1419 2916 Ἀγ.
1446 2861 1512 2902 ὑπ.
1539 2864 1599 2901 Μ
1631 2877 1686 2909 τις
1712 2859 1768 2901 ὢν

205 2919 285 2959 ἕνδ.
316 2923 393 2960 κτλ.
444 2922 547 2961 Plat.
580 2923 700 2974 Gorg.
734 2924 852 2963 5181)
889 2922 1066 2974 Θεαρίων
1097 2919 1117 2961 ὁ
1149 2919 1366 2974 ἀρτοκόπος
1399 2919 1621 2975 (Aristoph.
1653 2922 1700 2961 fr.
1724 2917 1768 2975 1)
