2014 3334
706 230 1053 265 SUPPLEMENTA
1079 230 1188 266 voi..
1214 231 1232 264 1
1666 226 1752 270 723

172 355 329 396 qnoque
367 343 533 395 aequius
569 342 784 391 iudicabit,
823 343 857 383 si
890 342 1108 382 contulerit
1144 342 1323 382 Menand.
1358 344 1443 382 469
1475 340 1629 381 πάντα
1659 346 1749 380 νῦν

171 400 264 455 ἤδη
289 398 381 443 ’σθ’
417 399 549 454 ὁμοῦ.

292 462 391 503 550.
423 461 546 502 πάλαι
575 475 656 502 non
688 464 751 501 est
781 463 884 508 olim,
917 462 988 502 sed
1013 463 1172 507 dudum,
1204 462 1229 502 i.
1256 475 1289 502 e.
1315 462 1357 501 in
1383 474 1527 502 scaena
1552 461 1654 512 ipsa,
1679 460 1749 500 sed

171 522 310 575 paullo
342 524 448 562 ante.

291 583 390 623 565.
442 582 618 634 Bergkio
663 584 704 622 et
747 582 953 622 Dindorfio
1004 582 1232 622 adsentitur
1283 582 1438 622 Nauck.
1486 580 1612 620 Arist.
1657 580 1750 631 Byz.

171 644 229 683 90
259 655 298 682 n.
325 643 364 682 9.

293 702 390 742 568.
430 701 675 741 Bachmann.
707 701 855 741 Anecd.
885 701 923 740 II
950 703 1054 752 377,
1085 703 1134 740 11
1172 697 1459 752 Ἀριστοφάνης
1496 699 1540 741 ἐν
1571 699 1751 750 Κάραις

172 764 251 801 κτλ.
301 762 350 801 cf.
383 761 628 800 Fleckeisen.
654 761 800 800 Annal.
827 761 997 801 CXXIII
1023 757 1179 814 (1881)
1208 763 1306 802 309.

295 822 393 872 569,
423 822 488 860 14.
521 821 647 860 Arist.
680 821 777 860 Ran.
814 823 928 861 1454
959 821 997 860 τί
1026 818 1091 860 δαὶ
1123 820 1192 869 σύ;
1223 820 1263 860 τί
1289 818 1430 874 λέγεις;

296 883 394 921 576.
425 880 571 920 Leonis
604 881 739 931 opinio
772 881 908 934 ζεῦγος
939 880 1148 931 τρίδουλον
1174 880 1307 921 Horas
1338 881 1643 932 interpretantis
1671 893 1752 919 non

175 943 264 980 erat
294 940 418 991 digna
448 953 550 991 quae
582 944 966 981 commemoraretur
996 941 1047 980 ab
1078 941 1300 980 Brandesio
1333 936 1446 993 (Obs.
1478 941 1566 980 crit.
1594 936 1680 992 34).

296 1001 395 1050 579,
422 1002 461 1040 3.
494 1001 549 1040 sic
580 1000 754 1051 Ephipp.
783 1002 836 1041 28
868 999 1070 1053 πράμνιον
1102 995 1216 1040 οἶνον
1246 998 1435 1052 Λέσβιον.
1542 1029 1545 1030 ⁷

297 1061 404 1111 581,
445 1063 466 1099 1
518 1058 791 1112 κεκραμμένου
844 1061 928 1100 cod.
974 1060 1099 1100 Paris.
1134 1062 1250 1101 2720
1299 1060 1563 1100 Studemund.
1606 1060 1753 1099 Philol.

298 1181 382 1220 586
415 1176 521 1229 πλὴν
552 1177 704 1230 μέλιτος
735 1176 856 1219 οὐδὲν
887 1179 1126 1232 γλυκύτερον
1151 1194 1182 1219 τ.
1209 1179 1280 1232 ἰσχ.
1308 1180 1445 1220 Cobet.
1495 1181 1593 1219 haec
1618 1180 1754 1219 nescio

179 1252 258 1292 quo
289 1252 386 1279 casu
418 1240 458 1278 in
490 1240 549 1278 eis
580 1252 682 1290 quae
714 1239 904 1279 adnotavi
931 1240 1175 1279 exciderunt.
1227 1240 1369 1279 deinde
1402 1239 1676 1280 scribendum:
1708 1252 1755 1278 ex

181 1299 329 1338 Iuliani
361 1299 489 1350 Epist.
523 1299 695 1338 alterum
728 1312 888 1339 versum
923 1299 1078 1339 effinxit
1108 1302 1182 1339 cet.

304 1360 401 1399 590.
434 1356 506 1410 τὴν
538 1356 718 1410 κεφαλὴν
749 1361 890 1398 tuetur
922 1359 1059 1399 Cobet.
1091 1359 1236 1398 Mnem.
1267 1373 1306 1399 n.
1338 1359 1439 1399 VIII
1473 1361 1571 1399 369.

301 1420 400 1459 594.
431 1419 572 1469 Eurip.
596 1418 748 1458 Hecub.
779 1420 889 1459 1265
917 1418 1028 1458 κύων
1052 1418 1209 1472 γενήσει
1233 1415 1349 1470 πύρσ’
1380 1417 1524 1471 ἔχουσα
1550 1416 1756 1471 ὃέργματα.

302 1480 400 1518 596.
432 1473 934 1533 Eustath.1624,18(0
958 1479 1144 1518 Kaehler.
1171 1479 1307 1519 Herm.
1329 1479 1422 1518 XXI
1444 1474 1549 1532 631)
1570 1476 1591 1518 ὁ
1612 1475 1757 1530 ’-Αφρο

183 1538 292 1590 δίτης
321 1537 423 1592 γάλα
452 1535 528 1577 τὸν
553 1533 666 1578 οἶνον
697 1536 823 1578 εἰπὼν
854 1536 1155 1590 ἑκωμικεύσατο.

303 1600 401 1638 609.
433 1610 508 1638 scr.
538 1595 694 1638 κυοῦσ.

302 1659 400 1698 615.
431 1657 584 1697 nullius
609 1658 731 1708 pretii
757 1661 851 1697 sunt
877 1671 979 1709 quae
1005 1659 1161 1709 profert
1185 1658 1392 1699 Herwerd.
1411 1659 1557 1698 Mnem.
1576 1671 1614 1697 n.
1633 1659 1668 1697 X
1692 1660 1758 1698 75.

301 1719 399 1757 619.
429 1716 614 1770 γραμμήν
647 1718 747 1756 conl.
773 1717 900 1757 Arist.
924 1718 1025 1758 Ach.
1057 1719 1143 1758 483
1176 1718 1390 1758 inlustrari
1414 1720 1534 1768 putat
1558 1718 1664 1757 idem
1691 1720 1760 1758 76.

181 1778 356 1829 Hesych.
382 1776 564 1830 γραμμή·
609 1773 634 1827 ἡ
661 1774 724 1816 ἐπὶ
754 1782 825 1816 τοῦ
858 1776 1028 1829 δρόμου,
1065 1772 1114 1828 ἧς
1145 1775 1357 1830 ἐπέβαινον
1389 1777 1432 1817 οἵ
1460 1778 1629 1829 δρομεῖς.
1691 1778 1761 1817 sed

183 1851 232 1877 ne
264 1837 321 1877 sic
353 1836 514 1888 quidem
547 1837 645 1876 satis
677 1837 883 1889 intellego.

304 1898 402 1936 621.
434 1894 581 1935 σαυτόν
623 1896 673 1936 A.
703 1897 858 1936 Nauck.
902 1891 1089 1950 (σεαυτόν
1133 1896 1228 1936 Lex.
1275 1896 1461 1946 vindob„
1507 1897 1577 1936 ubi
1620 1899 1762 1937 auctor

185 1970 266 1998 non
297 1951 663 2009 commemoratur).

305 2018 403 2056 628.
454 2016 774 2056 emendationem
805 2029 830 2055 a
861 2030 924 2056 me
962 2017 1211 2068 propositam
1246 2021 1512 2067 occupaverat
1554 2017 1762 2056 Nauckius

187 2077 392 2128 Melanges
423 2075 487 2114 ΠΙ
522 2077 617 2115 118.

305 2137 401 2176 631.
439 2140 502 2182 σᾶ,
527 2135 792 2176 retinendum.
838 2135 881 2175 C.
908 2136 939 2175 Ι.
968 2138 1015 2175 Α.
1043 2138 1117 2187 62,
1145 2138 1170 2176 8
1202 2132 1520 2190 (Dittenberger.
1559 2136 1655 2186 Syll.
1684 2130 1761 2188 88)

187 2194 294 2243 ὅπως
321 2190 411 2250 (ἂ)ν
432 2190 640 2250 Ἆνδ(ρος)
666 2189 748 2249 ἦ(ι)
776 2191 864 2249 σ(ἅ)
889 2191 1115 2251 τῷὸ(ή)μωι
1135 2201 1205 2235 τῶι
1226 2191 1506 2250 Ἀθη(να)ίων.
1550 2195 1763 2247 Bamberg.

187 2255 418 2296 Jahresber.
443 2255 522 2294 XII
550 2256 619 2295 34.

308 2316 406 2355 636.
436 2315 621 2354 Pherecr.
655 2316 722 2364 51,
757 2317 781 2354 3
815 2316 972 2354 confert
1003 2315 1207 2355 Herwerd.
1239 2315 1384 2354 Mnem.
1414 2328 1452 2354 n.
1485 2315 1521 2354 X
1550 2317 1616 2354 76.

310 2376 408 2415 638.
438 2375 681 2414 testimoniis
709 2374 948 2414 adduntur
937 2388 980 2413 1n
1006 2375 1119 2414 Stud
1140 2375 1308 2414 Vindob.
1329 2375 1429 2413 VIII
1449 2377 1533 2414 246
1591 2374 1765 2431 Heusych.

190 2438 231 2474 et
258 2434 373 2474 Phot.
398 2434 695 2487 στρεψίμαλλος,
722 2434 869 2474 Milleri
894 2435 1099 2487 Melanges
1126 2437 1212 2474 420
1239 2429 1555 2488 (στρεψίμαλος),
1581 2435 1766 2474 Eustath.

314 2555 411 2594 652.
445 2553 614 2605 Hesych.
651 2552 804 2606 ὑπερῶ·
841 2552 929 2593 ἀντὶ
964 2559 1034 2593 τοῦ
1065 2559 1233 2608 προερῶ.
1283 2554 1499 2593 Herodian.
1530 2550 1643 2608 (post
1673 2554 1767 2593 Lex.

193 2610 382 2667 vindob.)
416 2614 520 2662 316,
554 2615 578 2652 2
604 2614 655 2653 N.
713 2614 849 2664 Etym.
888 2613 989 2653 Gud.
1023 2615 1126 2663 541,
1162 2616 1227 2653 12.
1286 2614 1420 2665 Etym.
1459 2615 1562 2665 Ang.
1601 2614 1766 2653 Ritschl.

195 2672 340 2724 opusc.
371 2673 389 2711 I
418 2674 504 2713 690
535 2673 649 2713 addit
678 2673 833 2713 Nauck.
867 2673 1072 2724 Melanges
1106 2673 1141 2710 V
1169 2675 1267 2713 228.

315 2733 412 2784 678,
437 2734 476 2772 3.
509 2733 558 2771 cf.
586 2732 840 2772 Herwerden.
871 2733 1017 2772 Mnem.
1048 2746 1085 2772 n.
1111 2733 1148 2772 X
1177 2735 1243 2773 76.
1293 2746 1334 2772 π.
1359 2731 1508 2773 τοιαυτὶ
1539 2731 1628 2789 τῃδὶ
1657 2731 1775 2773 κάκεῖ

193 2790 260 2832 καὶ
292 2792 410 2843 δεῦρο
441 2786 593 2846 (δευρὶ)
625 2803 681 2844 σχ.
713 2793 869 2833 Kaibel.
900 2793 1001 2832 conl.
1035 2793 1158 2832 Arist.
1191 2794 1266 2833 Av.
1292 2795 1391 2832 425.

315 2853 430 2892 679.
444 2851 476 2892 Ι.
502 2851 858 2903 Wackernagelius
880 2847 1053 2905 (Ztschr.
1075 2853 1102 2892 f.
1122 2853 1246 2904 vergl.
1274 2852 1572 2904 Sprachforsch.
1595 2852 1769 2892 XXVIII

201 2908 371 2963 llOsq.)
397 2911 546 2962 ubique
572 2910 718 2951 οὕνεκα
743 2913 865 2952 etiam
891 2912 1229 2962 praepositionem
1256 2913 1375 2954 scribi
1401 2913 1530 2951 iubet:
1555 2913 1767 2953 ionismum

1414 2979 1483 3014 46*
