2014 3334
233 277 321 324 350
634 273 636 277 ’
866 278 1169 321 ΔΑΜοΞΕΝοτ

447 388 715 446 ἀσχημονεῖν
745 395 938 432 ποιοῦσι.
999 390 1118 446 παρὰ
1150 386 1191 432 δ’
1226 387 1323 446 ἐμοὶ
1353 387 1504 447 τρέφει

445 462 494 503 τὸ
526 463 894 518 προσφερόμενον
925 463 1095 517 βρῶμα,
1126 460 1200 504 καὶ
1230 462 1487 505 λεπτύνεται

446 531 594 588 ὀρθῶς
623 548 670 575 τε
703 533 890 575 διαπνεῖ.
950 539 1190 590 τοιγαροῦν
1221 534 1282 584 εἰς
1312 535 1416 584 τοὺς
1446 535 1612 589 πόρους

381 614 426 646 30
447 603 470 646 ὁ
501 604 640 659 χυμὸς
671 603 845 659 ὁμαλῶς
874 610 1101 660 πανταχοῦ
1133 606 1402 647 συνίσταται.
1590 602 1594 605 ’

445 676 598 730 χυμός,
630 674 748 729 λέγει
778 676 1073 732 Δημόκριτος,
1107 673 1242 718 οὐδὲν
1271 682 1451 733 πρᾶγμα
1480 676 1534 718 τὰ

444 739 658 801 γινόμενα
688 753 811 789 ποιεῖ
837 747 916 789 τὸν
949 743 1135 802 φαγόντ’
1172 745 1443 803 ἀρθριτικόν.

444 820 494 860 Β.
528 816 600 860 καὶ
631 823 707 872 τῆς
740 818 934 873 ἰατρικῆς
963 832 1006 859 τι
1037 816 1232 873 μετέχειν
1263 833 1339 873 μοι
1371 818 1525 868 δοκεῖς.

444 891 496 930 A.
529 886 602 930 καὶ
632 894 717 938 πᾶς
748 887 771 930 ὁ
804 889 981 944 φύσεως
1012 887 1146 939 ἐντός,
1206 887 1234 943 ἡ
1267 886 1308 930 δ’
1344 882 1519 946 ἀπειρία

376 970 426 1002 ’35
445 966 534 1002 τῶν
565 965 650 1002 νῦν
681 961 904 1016 μαγείρων
934 963 1153 1014 κατανόει,
1184 959 1294 1016 πρὸς
1324 967 1414 1002 τῶν
1444 965 1580 1015 θεῶν,

445 1031 517 1073 οἵα
543 1028 671 1073 ’στίν.
732 1031 876 1086 ἅλμην
908 1031 1016 1073 ὅταν
1048 1032 1146 1088 ἴδῃς
1177 1030 1221 1084 ἐξ
1253 1032 1425 1087 ἰχθύων

442 1101 720 1144 ὑπεναντίων
751 1101 924 1145 αὑτοῖσι
955 1108 1195 1154 ποιοῦντας
1225 1104 1331 1158 μίαν

443 1171 516 1216 καὶ
548 1171 706 1229 σήσαμ’
743 1173 1066 1229 ὑποτρίβοντας
1098 1174 1160 1224 εἰς
1189 1174 1370 1229 ταύτην,
1402 1174 1551 1229 λαβὼν

443 1243 629 1287 ἕκαστον
660 1244 808 1300 αὐτῶν
838 1245 948 1287 κατὰ
979 1244 1111 1300 μέρος
1142 1243 1472 1301 προσπαρδέτω.

379 1327 424 1358 40
446 1318 493 1357 Β.
527 1316 585 1366 ὥς
615 1332 690 1372 μοι
720 1314 940 1372 κέχρησαι.
990 1320 1044 1358 Α.
1075 1318 1123 1358 τί
1149 1317 1233 1372 γάρ
1266 1315 1321 1359 ἂν
1352 1313 1402 1359 εὖ
1433 1315 1596 1371 γένοιτ’
1632 1318 1709 1371 ἔτι,

442 1392 519 1441 τῆς
551 1388 770 1443 ἰδιότητος
799 1388 910 1444 πρὸς
941 1386 1095 1444 ἑτέραν
1126 1387 1394 1443 μεμιγμένης

442 1457 515 1500 καὶ
547 1457 905 1514 συμπλεκομένης
937 1458 1036 1515 οὐχὶ
1068 1459 1338 1514 συμφώνους
1369 1459 1505 1514 ἀφάς;

343 1533 379 1570 V
440 1530 489 1571 τὸ
520 1535 658 1572 ταῦτα
689 1530 847 1586 διορᾶν
879 1529 999 1573 ἐστιν
1029 1529 1230 1586 ἐμψύχου
1260 1529 1428 1586 τέχνης,

445 1600 499 1642 οὐ
530 1600 580 1642 τὸ
614 1601 825 1652 διανίζειν
856 1602 1051 1651 λοπάδας
1083 1598 1179 1643 οὐδ’
1216 1602 1545 1653 ὅζεινκαπνοῦ.

383 1683 427 1713 45
449 1672 533 1726 ἐγὼ
565 1671 649 1726 γὰρ
682 1672 754 1721 εἰς
773 1671 1042 1714 τούπτάνιον
1073 1671 1154 1714 οὐκ
1186 1670 1447 1728 εἰσέρχομαι.

448 1745 496 1784 Β.
530 1742 640 1785 ἀλλὰ
670 1744 730 1794 τί;
765 1746 817 1784 A.
848 1746 1007 1798 θεωρῶ
1039 1744 1229 1798 πλησίον
1259 1745 1524 1799 καθήμενος,

441 1821 659 1857 πονοῦσιν
690 1813 831 1871 ἕτεροι
863 1813 921 1869 δ’,
954 1809 1021 1865 οἷς
1052 1813 1163 1869 λέγω
1195 1815 1272 1865 τὰς
1304 1816 1444 1865 αἰτίας

442 1884 514 1928 καὶ
545 1885 835 1941 τάποβαῖνον·
868 1883 947 1937 ὀξὺ
977 1886 1027 1928 τὸ
1059 1882 1309 1943 περίκομμ’,
1341 1887 1453 1936 ἄνες.

306 1961 384 1999 VI[
446 1960 495 1999 Β.
528 1956 766 2014 ἁρμονικὸς
796 1953 839 1999 εἴ
865 1956 1083 2014 μάγειρος.
1147 1961 1197 1999 Α.
1229 1956 1449 2000 ἐπίτεινον
1479 1958 1528 2000 τὸ
1560 1964 1660 2014 πῦρ.

379 2041 424 2071 50
445 2027 682 2084 ὁμαλιζέτω
713 2036 807 2080 τοῖς
836 2029 1032 2085 τάχεσιν·
1061 2028 1089 2084 ἡ
1121 2029 1270 2085 πρώτη
1303 2030 1440 2080 λοπὰς

446 2102 509 2152 ζεῖ
535 2107 630 2151 ταῖς
661 2099 818 2155 ἐφεξῆς
849 2099 948 2156 οὐχὶ
980 2100 1241 2156 συμφώνως.
1303 2107 1422 2150 νοεῖς

443 2171 522 2213 τὸν
552 2172 712 2223 τύπον;
746 2174 795 2213 Β.
810 2160 1046 2226 Ἄπολλον,
1078 2170 1188 2226 μέγα
1218 2186 1260 2213 τι
1293 2169 1474 2226 φαίνεθ’
1509 2170 1536 2225 ἡ
1566 2170 1706 2226 τέχνη.

444 2247 496 2285 Α.
528 2240 606 2286 εἶτ’
645 2240 779 2286 οὐδὲν
811 2244 904 2298 εἰκῆ
936 2244 1224 2299 παρατίθημι,
1256 2242 1523 2297 μανθάνεις;

442 2310 601 2370 βρῶμ’,
634 2314 744 2356 ἀλλὰ
776 2314 924 2369 μείξας
954 2314 1095 2356 πάντα
1125 2314 1235 2356 κατὰ
1266 2315 1542 2369 συμφωνίαν.

264 2390 343 2428 ΙΙΙΙ
379 2397 423 2427 55
444 2388 492 2427 Β.
524 2392 634 2437 πῶς;
673 2389 726 2428 Α.
757 2386 878 2428 ἔστιν
909 2385 1060 2435 αὑτοῖς
1090 2384 1118 2426 ἃ
1149 2385 1223 2427 διὰ
1253 2384 1472 2441 τεττάρων
1503 2385 1590 2439 ἔχει

442 2458 696 2511 κοινωνιάν,
730 2457 803 2499 διὰ
833 2455 976 2511 πέντε,
1010 2455 1083 2498 διὰ
1113 2462 1267 2498 πασῶν
1297 2455 1443 2498 πάλιν.

442 2533 578 2570 ταῦτα
608 2528 817 2584 προσάγω
849 2528 960 2584 πρὸς
990 2526 1101 2569 αὐτὰ
1132 2527 1185 2568 τὰ
1216 2527 1488 2582 διαστήματα

443 2597 515 2641 καὶ
547 2606 642 2649 ταῖς
673 2598 906 2656 ἐπιφοραῖς
935 2597 1075 2647 εὐθὺς
1106 2598 1278 2654 οἰκείως
1309 2596 1471 2639 πλέκω·

325 2674 379 2711 VI
441 2669 571 2712 ἐνίοτ’
609 2669 803 2726 ἐφεστὼς
832 2669 1202 2726 παρακελεύομαι·
1232 2669 1376 2711 πόθεν

380 2753 423 2783 60
445 2741 589 2793 ἅπτεις
621 2743 668 2783 τί
694 2741 835 2798 τούτῳ
867 2740 1071 2796 μιγνύειν
1102 2737 1290 2795 μέλλεις;
1324 2740 1420 2797 ὅρα,

444 2813 674 2868 διάφωνον
705 2811 859 2862 ἕλκεις·
903 2810 983 2867 οὐχ
1015 2811 1251 2867 ὑπερβήσει
1283 2812 1446 2867 σοφόν;

343 2887 382 2925 II
441 2879 697 2940 Ἐπίκουρος
729 2883 844 2926 οὕτω
875 2882 1150 2926 κατεπύκνου
1179 2882 1262 2936 τὴν
1292 2881 1476 2937 ἡδονήν,

443 2953 620 3011 ἐμασᾶτ’
656 2954 883 3011 ἐπιμελῶς,
916 2951 1004 2997 εἶδε
1034 2954 1233 3010 τάγαθὸν
1265 2955 1400 3011 μόνος
