2014 3334
206 234 294 278 476
631 256 634 260 ,
859 237 1121 271 ΑΔΕΣΠΟΤΑ

944 379 1030 423 358

420 470 513 513 τοῖς
545 458 811 519 συμμέτροις
841 460 923 517 μὲν
954 461 1129 515 αὔξεται
1160 463 1278 518 ψυχὴ
1309 464 1478 517 πόνοις,

419 540 562 576 τοῖσιν
595 530 635 576 δ’
670 533 998 590 ὑπερβάλλουσι
1029 533 1101 576 καὶ
1133 536 1392 589 βαπτίζεται.

326 621 529 659 Plutarch.
561 620 660 660 Mor„
694 623 752 660 9b
794 629 839 671 ψ.
865 623 946 667 τοῖς
977 617 1048 671 μὲν
1075 630 1108 659 σ.
1134 617 1218 668 αὕξ.
1244 634 1299 671 π.,
1329 623 1410 668 τοῖς
1436 617 1470 659 δ’
1501 618 1639 672 ὑπερβ.
1665 621 1699 672 β.
1721 642 1770 647 -

206 681 254 719 de
287 681 407 720 verbo
440 679 638 732 βαπτίζειν
669 679 876 719 Heindorf.
908 679 1012 718 Plat.
1045 680 1221 731 Euthyd.
1253 681 1383 719 277d.

953 817 1039 860 359

421 903 468 943 τί
493 900 771 957 τάλλότριον,
803 901 1013 957 ἄνθρωπε
1046 901 1369 955 βασκανώτατε,

420 973 557 1015 κακὸν
590 971 857 1028 ὀξυδορκεῖς,
889 972 938 1013 τὸ
972 969 1011 1013 δ’
1050 972 1168 1014 ἴδιον
1199 971 1511 1028 παραβλε’πεις;

329 1059 570 1098 Plutarchus
601 1058 699 1097 Mor.
732 1058 851 1097 46910
871 1088 875 1092 .
895 1057 965 1096 καί
998 1072 1057 1097 τοι
1087 1056 1128 1097 τό
1160 1072 1202 1110 γε
1232 1056 1330 1110 πρὸς
1366 1056 1434 1097 τὸν
1465 1058 1776 1111 πολυπράγμονα

209 1115 438 1170 λελεγμένον
471 1116 544 1157 οὐκ
575 1115 708 1168 ἀηδῶς
740 1113 846 1168 δεῦρ’
882 1115 960 1156 ἔστι
991 1120 1230 1170 μετενεγκεῖν
1255 1120 1331 1156 κτλ.
1381 1119 1422 1156 eb
1453 1118 1572 1158 515d
1603 1115 1628 1169 ἡ
1654 1121 1775 1158 πολυ-

208 1176 470 1229 πραγμοσύνη
514 1174 759 1228 φιλόμάθειά
801 1176 857 1224 τίς
900 1175 1002 1215 ἐστιν
1041 1175 1253 1228 ἀλλοτρίων
1289 1182 1442 1227 κακῶν,
1485 1174 1575 1216 οὔτε
1611 1176 1775 1227 φθόνου

212 1236 387 1276 δοκοῦσα
419 1237 659 1290 καθαρεύειν
690 1235 808 1283 νόσος
839 1233 929 1275 οὔτε
960 1236 1201 1286 κακοηθείας
1231 1238 1307 1276 κτλ.
1368 1237 1508 1275 Horat.
1534 1236 1656 1276 Serm.
1681 1240 1716 1287 1,
1738 1239 1776 1285 3,

211 1298 264 1334 25
300 1291 455 1349 (Mein.)
494 1309 580 1335 cum
617 1299 685 1335 tua
713 1297 924 1344 pervideas
960 1297 1078 1335 oculis
1115 1297 1223 1335 ‘mala
1259 1297 1389 1344 lippus
1418 1298 1603 1340 immotis,
1641 1298 1776 1335 curin

209 1357 422 1394 amicorum
452 1357 557 1395 vitiis
582 1359 661 1394 tam
686 1357 811 1394 cernis
843 1356 1024 1394 acutum?
1074 1355 1122 1393 de
1141 1355 1263 1395 verbo
1284 1352 1513 1406 ὀξυδορκεῖν
1537 1356 1584 1394 cf.
1605 1355 1775 1395 Lobeck.

208 1415 357 1466 Phryn.¹
383 1416 480 1454 576.
534 1415 749 1454 Menandro
781 1414 987 1453 bribuebat
1017 1414 1134 1454 Mein.
1166 1414 1330 1460 Quaest.
1362 1415 1462 1453 Men.
1496 1416 1565 1453 45.

952 1553 1039 1596 360

425 1637 536 1693 πρὸς
565 1639 686 1692 θῆλυ
716 1636 860 1686 νεύεις
892 1638 1059 1691 μᾶλλον
1091 1635 1117 1691 ἣ
1145 1632 1211 1678 ’πὶ
1242 1636 1448 1691 τᾶρρενα,

424 1710 471 1749 Β.
505 1707 619 1750 ὅπου
649 1712 793 1764 προσῇ
824 1708 874 1749 τὸ
906 1707 1079 1761 κάλλος,
1112 1705 1378 1762 ἀμφιδέξιος.

328 1794 568 1833 Plutarchus
610 1795 709 1833 Mor.
750 1795 846 1834 766.
887 1796 908 1832 7
962 1792 1010 1833 οὐ
1053 1791 1127 1846 γὰρ
1168 1790 1189 1832 ὁ
1226 1792 1442 1844 φιλήδονος
1491 1791 1701 1844 ἐρωτηθεὶς
1744 1794 1779 1834 εἰ

209 1852 307 1906 πρὸς
337 1875 387 1880 —-
417 1850 522 1906 τάρρ.
554 1851 619 1892 καὶ
649 1851 964 1905 ἀποκρινάμενος
996 1852 1096 1892 ὅπου
1125 1874 1177 1879 -
1207 1851 1306 1904 ἀμφ.
1337 1851 1471 1900 ἔδοξεν
1496 1852 1647 1900 οἰκείως
1677 1852 1777 1893 ἀπο-

209 1913 435 1966 κρίνασθαι.
501 1915 536 1953 1.
567 1912 685 1952 νεύει.
749 1915 785 1952 2.
818 1911 938 1963 ὅπου]
967 1908 1024 1951 ἵν’
1055 1910 1112 1951 ἂν
1143 1913 1208 1952 vel
1234 1910 1335 1952 ὅπου
1361 1910 1541 1964 πρόσεστι
1571 1912 1710 1961 κάλλος
1729 1914 1776 1953 Κ.

950 2051 1034 2094 361

423 2135 660 2191 αὐχμῶντα
694 2130 735 2176 δ’
771 2133 913 2184 οὕτως
943 2134 1086 2190 ἄνδρα
1116 2130 1189 2175 καὶ
1219 2132 1504 2188 κεκονιμένον

426 2207 609 2249 κάλλιον
641 2205 667 2261 ἢ
700 2213 789 2248 τῶν
820 2211 905 2248 νῦν
936 2208 1190 2247 παλαιστῶν
1226 2203 1435 2247 ὁστισοῦν

330 2293 527 2333 Aristides
547 2293 587 2331 II
616 2294 699 2332 233
721 2292 856 2331 Dindf.
889 2286 1202 2343 (Μιλτιάδην)
1235 2287 1362 2343 ἄνδρα
1393 2289 1474 2330 οῧτ.
1500 2289 1615 2342 αὐχμ.
1634 2306 1666 2329 κ.
1688 2306 1722 2331 κ.
1741 2305 1776 2331 κ.

211 2350 335 2404 ἣτῶν
354 2351 629 2392 παλαισάντων
659 2349 725 2390 καὶ
755 2355 1029 2404 γυμναστικῶν
1061 2347 1138 2390 ὁστ.
1167 2371 1216 2377 -
1246 2354 1322 2389 νῦν
1353 2350 1441 2389 add.
1467 2351 1679 2389 scriberem
1711 2348 1777 2389 ὃν-

211 2417 361 2463 τινοῦν,
390 2413 450 2452 ita
480 2412 513 2451 si
544 2411 771 2462 scripsisset
795 2410 1005 2449 Aristides.
1048 2411 1182 2460 potest
1207 2421 1291 2448 esse
1310 2409 1520 2460 Eupolidis
1546 2423 1594 2449 ex
1613 2409 1777 2461 Δήμοις.

957 2549 1044 2591 362

425 2635 481 2676 σὺ
513 2629 554 2676 δ’
589 2633 750 2684 ἄθλιος
780 2632 833 2675 τὰ
863 2629 945 2687 μὲν
975 2606 1291 2687 παραδραμών,
1322 2631 1375 2673 τὰ
1406 2628 1455 2674 δὲ
1485 2631 1629 2686 βάδην

426 2706 594 2747 ἄναντα
625 2705 766 2747 πολλὰ
796 2702 870 2746 καὶ
899 2703 1090 2746 κάταντα
1121 2708 1368 2759 πνευστιᾷς.

331 2791 532 2830 Lucianus
558 2792 616 2830 De
649 2804 765 2830 merc.
784 2791 896 2830 cond.
917 2792 983 2829 26.
1013 2811 1071 2816 —-
1103 2788 1191 2840 quis
1223 2789 1330 2838 apud
1361 2791 1520 2839 poetam
1551 2789 1775 2839 adpelletur

212 2863 291 2889 non
322 2852 490 2890 constat.
540 2851 724 2890 imiizatur
755 2850 871 2890 Hom.
901 2850 948 2888 Π.
981 2850 1048 2900 23,
1084 2849 1180 2887 116.
