2014 3334
852 217 950 251 ΤΗΣ
976 217 1185 252 ΑΡΧΑΙΑΣ
1717 214 1807 257 405

162 381 165 387 ¹
226 328 521 383 κρηπιδοποιοῦ
545 326 691 380 πατρὸς
711 326 760 368 οὐ
785 324 877 380 (σου
897 323 1040 383 Dobr.)
1072 326 1197 368 πολλά
1228 338 1270 367 σε
1290 327 1623 380 σωφρονίσαντος.
1673 328 1804 368 exitus

227 390 290 429 est
321 388 549 429 tetrametri
579 388 711 439 iamb„
743 401 790 428 ex
822 389 987 441 antiqua
1018 387 1223 428 comoedia
1254 390 1475 440 excerptus.

985 528 1040 571 37

938 611 1138 666 γλῶττάν
1168 610 1219 655 τέ
1248 622 1319 655 σοι

653 684 840 727 δίδωσιν
873 682 921 726 έν
953 683 1078 742 δήμῳ
1110 691 1270 740 φορεῖν

650 758 799 799 καλῶν
831 756 979 810 λόγων
1010 754 1188 810 ἀείνων,

653 821 680 884 ᾖ
711 827 854 882 πάντα
884 827 1081 882 νικήσεις
1111 826 1265 882 λέγων.

340 926 512 966 Bekker.
546 927 694 967 Aneod.
727 927 826 977 347,
861 929 884 967 7
930 923 1073 973 ἀείνως
1111 928 1259 979 γλῶττα
1295 923 1363 966 καὶ
1399 923 1541 974 ἀείνως
1578 924 1696 977 φωνὴ
1734 925 1803 966 καὶ

222 983 319 1039 ὀργὴ
344 984 410 1026 καὶ
436 982 647 1039 ἐπνθυμία,
673 984 740 1026 καὶ
766 984 829 1026 ἐπὶ
853 991 932 1025 τῶν
958 983 1108 1038 ὁμοίων
1127 991 1204 1038 χρῶ
1224 988 1302 1025 κτλ.
1352 983 1394 1025 τὸ
1422 982 1464 1024 δὲ
1488 988 1637 1039 γλῶττα
1659 984 1801 1034 ἀείνως

223 1045 332 1085 πάνυ
363 1051 510 1094 καινῶς
540 1044 608 1086 καὶ
638 1044 812 1099 ἐναργῶς
837 1045 986 1099 εἴρηται
1017 1043 1081 1085 ἐπὶ
1110 1050 1180 1097 τῆς
1211 1045 1344 1097 δεινῆς
1375 1045 1510 1085 εἰπεῖν.
1571 1059 1712 1086 versus
1744 1047 1804 1086 sie

222 1105 407 1145 distinxit
437 1107 556 1146 Mein.
619 1108 658 1146 4.
690 1105 862 1158 νικήσεις
894 1106 1012 1145 Mein.
1045 1107 1086 1145 et
1117 1106 1310 1145 Fritzsch.
1341 1105 1468 1145 Arist.
1496 1105 1595 1145 Ran.
1627 1120 1666 1157 p.
1695 1105 1798 1156 100]

220 1164 406 1217 κινήσεις.
455 1166 505 1206 of.
537 1165 662 1206 Arist.
694 1166 799 1205 Nub.
832 1166 930 1206 432.
963 1165 1036 1216 Eq,
1070 1166 1137 1205 93.
1198 1167 1455 1205 tetrametros
1493 1166 1683 1206 iambicos
1721 1161 1799 1219 (δί-

222 1225 345 1265 δωσιν
379 1224 385 1275 Ι
418 1224 629 1278 θησαυρὸν
661 1224 704 1265 ἐν
722 1225 770 1280 ηδ.
806 1246 857 1253 —
892 1223 1038 1264 ἀείνων
1066 1225 1072 1274 Ι
1099 1219 1197 1279 κτλ.)
1242 1225 1455 1265 constituit
1480 1225 1628 1266 Nabar.
1652 1226 1798 1265 Mnem.

220 1298 311 1325 nov.
332 1284 431 1324 VIII
451 1287 551 1326 433.
598 1282 893 1337 reprehendens
925 1285 1180 1337 grammatici
1211 1285 1511 1325 adnotationem
1542 1284 1717 1325 Cobetus
1748 1286 1798 1325 N.

220 1345 246 1384 1.
268 1346 352 1385 507
386 1342 532 1385 ἀείνων
556 1358 648 1385 cum
672 1344 801 1399 λόγων
826 1345 1015 1397 coniungi
1039 1345 1165 1384 iubet.
1226 1358 1306 1384 non
1343 1345 1482 1385 oredo:
1525 1343 1655 1398 λόγων
1693 1346 1799 1385 enim

218 1404 325 1444 unde
357 1405 570 1456 pendebit?
618 1418 665 1445 ac
702 1406 737 1445 si
768 1405 967 1444 Homerus
999 1405 1100 1444 dixit
1130 1408 1200 1444 τοῦ
1231 1402 1298 1444 καὶ
1329 1403 1407 1444 ἀπὸ
1438 1403 1616 1458 γλώσσης
1647 1403 1799 1457 μέλιτος

218 1463 391 1517 γλυκίων
422 1462 508 1517 ῥέεν
540 1463 659 1516 αὐδή,
689 1478 769 1505 non
805 1464 982 1504 deterius
1017 1464 1089 1504 alii
1123 1464 1253 1504 dicere
1287 1465 1402 1504 licuit
1435 1461 1462 1516 ἡ
1497 1467 1654 1518 γλῶσσα
1694 1464 1798 1519 ἔρρει

219 1520 383 1575 μέλιτος.
443 1524 579 1564 Latini
604 1526 771 1565 cultrum
801 1537 938 1564 cruore
966 1528 1202 1570 manantem,
1234 1526 1487 1564 simulacrum
1512 1526 1631 1565 multo
1657 1527 1798 1565 sudore

219 1596 398 1624 manans.
448 1587 489 1623 et
521 1585 636 1625 Hom.
668 1583 740 1624 Od.
774 1586 900 1637 9‚222
933 1587 1050 1624 ναῖον
1082 1581 1160 1640 ὀρῷ
1193 1580 1325 1638 ἄγγεα.

979 1736 1035 1778 38

399 1826 489 1862 τῶν
519 1822 714 1862 πολιτῶν
745 1819 912 1875 ἄνδρας
942 1818 1050 1874 ὑμῖν
1082 1819 1384 1875 δημιουργοὺς
1416 1818 1646 1874 ἀποφανῶ.

338 1918 587 1969 Hephaestio
621 1920 645 1958 6
677 1932 716 1969 p.
743 1919 797 1959 37
833 1917 958 1957 Gaisf.
985 1917 1116 1958 Schol.
1146 1931 1184 1968 p.
1210 1919 1290 1958 175
1324 1917 1449 1957 Gaisf.
1481 1916 1536 1957 ἔτι
1566 1915 1699 1969 μέντοι
1730 1917 1797 1958 καὶ

220 1976 263 2017 ἐν
293 1980 374 2026 τοῖς
398 1980 692 2029 καταληκτικοῖς
714 1975 779 2018 καὶ
807 1975 828 2018 ὅ
853 1977 1063 2030 τρίβραχυς
1081 1975 1288 2030 ἐγχωρεῖ..
1310 1975 1380 2017 ο.ὐ
1411 1975 1536 2029 μόνον
1562 1975 1583 2017 ὁ
1606 1981 1794 2052 τροχαῖος.

219 2036 468 2091 παράδειγμα
497 2040 576 2078 κτλ.
637 2034 781 2090 ἄνδρες
811 2037 855 2088 F,
893 2037 1001 2088 quod
1036 2038 1216 2088 praefert
1248 2037 1368 2077 Mein.
1418 2031 1688 2111 δημιουργους
1718 2051 1793 2078 om.

218 2097 340 2137 ΕΗΒ.
387 2102 467 2137 τῶν
504 2103 715 2151 ποιητῶν,
738 2091 907 2150 ὦνδρες,
937 2095 1042 2149 ὑμᾶς
1072 2097 1138 2138 vel
1167 2102 1246 2136 τῶν
1276 2099 1467 2157 πολιτῶν,
1499 2091 1717 2150 ὦνδρες,ἡ
1691 2103 1796 2149 ημᾶς

218 2153 263 2211 (i.
290 2170 321 2197 e.
353 2156 447 2206 τοὺς
482 2152 668 2212 ποιητάς)
705 2146 1013 2198 Dobr.Adv.1
1047 2158 1145 2197 381.
1195 2152 1350 2208 ‘poetas
1388 2170 1474 2197 esse
1513 2158 1582 2209 qui
1620 2158 1793 2209 optimos

217 2217 325 2257 cives
355 2217 509 2257 faciant
539 2213 847 2258 demonstrabo’.
891 2230 938 2257 ex
970 2217 1238 2268 epirrhemate
1270 2218 1417 2269 aliquo.

975 2369 1031 2411 39

433 2450 532 2496 οὐδ’
564 2448 776 2509 Ἀμυνίαν
809 2452 1144 2508 ὁρᾶτε,πτωχὸν
1176 2451 1267 2495 ὄντ’
1305 2448 1376 2508 ἐφ’
1411 2452 1537 2509 ἡμῐνς

335 2550 583 2600 Hephaestio
604 2553 628 2591 6
649 2565 687 2603 p.
708 2552 763 2591 36
791 2551 916 2591 Gaisf.
948 2548 1094 2603 ὁμοίως
1125 2549 1166 2590 δὲ
1192 2550 1258 2590 καὶ
1289 2550 1331 2591 τὸ
1361 2551 1614 2604 τετράμετρον
1646 2553 1792 2605 βραχυ-

217 2608 459 2661 κατάληκτον
490 2608 681 2662 έπίσημόν
712 2609 828 2663 ἔστιν,
859 2605 947 2651 οἷον
971 2613 1049 2652 κτλ.
1106 2607 1299 2663 Ἀμυνίαν
1318 2610 1455 2662 Mein]
1483 2607 1706 2663 Ἀμειψίαν.
1748 2611 1791 2652 τὸ

215 2674 287 2710 τοῦ
314 2664 540 2721 Ἀμειψίου·
572 2667 660 2710 οὐδ’
691 2666 885 2722 Ἀμυνίαν
915 2671 1107 2710 Fritzsch.
1141 2670 1302 2718 Quaest.
1322 2670 1391 2710 Ar.
1413 2672 1511 2711 256.
1563 2669 1660 2722 ὑμῖν
1686 2671 1791 2713 CPS.

218 2729 348 2769 Schol.
367 2729 584 2780 Hephaest.
610 2744 648 2781 p.
672 2732 755 2771 174
788 2733 887 2771 extr.
917 2728 1072 2783 πτωχὸν
1098 2726 1190 2770 ὄνθ’
1225 2727 1281 2770 ἕν’
1316 2726 1441 2781 ἡμῶν.
1503 2731 1675 2771 fortasse
1707 2729 1788 2772 ὅντ’

217 2787 267 2828 ἐν
297 2785 406 2841 ἡμῖν.
438 2810 494 2817 -
526 2790 575 2829 ef.
608 2789 725 2830 Mein.
755 2789 777 2830 I
808 2791 906 2830 200.
967 2790 1091 2830 A-rist.
1118 2790 1239 2841 Vesp.
1275 2792 1511 2829 1267—74
1549 2786 1738 2843 Ἀμυνίας
1769 2789 1790 2832 ὁ

217 2846 388 2889 Σέλλου.
410 2878 418 2889 .
439 2846 499 2897 .ἔς
530 2847 742 2901 Φάρσαλον
773 2845 899 2902 ὤχετ’,
930 2844 996 2890 εἶτ’
1031 2847 1116 2889 έκεῖ
1140 2847 1261 2901 μόνος
1291 2848 1429 2902 μόνοις
1458 2853 1540 2898 τοῖς
1569 2849 1791 2892 πενέσταισι

217 2909 363 2961 ξυνῆν.
384 2906 523 2956 ,αὐτὸς
551 2906 738 2961 πενέστης
762 2890 820 2949 aiv
850 2908 1009 2950 ἔλαττον
1040 2907 1217 2957 οὐδενός.
