2014 3334
667 257 972 294 ΑΝΑΒΛΕΠΩΝ
998 277 1042 283 -
1067 256 1300 292 ΓΑΛΑΤΗΣ
1687 252 1773 296 337

311 371 542 412 Athenaeus
577 373 644 424 14,
672 373 790 412 659a
831 370 1085 419 Ποσίδιππος
1118 365 1194 424 (sic
1226 365 1281 423 A)
1324 365 1412 422 περὶ
1462 367 1649 408 δούλων
1687 384 1774 421 μα-

189 431 365 486 γείρων
396 430 440 472 ἐν
467 427 772 488 Ἀποκλειομένῃ
799 431 924 483 φησίν
947 434 1026 471 κτλ.
1076 433 1118 471 et
1139 431 1252 470 658f
1281 426 1375 469 οὐδὲ
1406 427 1481 482 γὰρ
1508 427 1559 468 ἂν
1585 428 1696 483 εὕροι
1720 443 1777 476 τις

189 490 304 544 ὑμῶν
330 490 477 532 δοῦλόν
501 506 589 532 τινα
615 492 803 546 μάγειρον
824 490 867 532 ἐν
886 491 1076 548 κωμῳδία
1097 488 1204 542 πλὴν
1228 487 1336 542 παρὰ
1356 489 1597 546 Ποσιδίππῳ
1619 486 1697 544 (sic
1716 485 1772 541 A)

189 550 312 609 μόνῳ.
352 574 407 580 —
446 551 707 592 Casaubonus
745 553 957 603 epularum
995 551 1238 591 tenuitatem
1270 549 1349 589 dici
1387 549 1577 601 putabat,
1609 564 1656 589 ex
1687 551 1774 601 qui-

189 613 266 652 bus
309 612 460 664 aliquid
503 613 615 652 furto
657 613 879 652 subducere
924 625 1069 663 operae
1112 611 1287 663 pretium
1330 622 1410 649 non
1455 612 1573 649 esset.
1635 612 1777 650 contla

152 667 156 673 ’
190 672 415 715 Meinekius
450 668 658 724 ‘quamdiu
684 673 815 712 libera
837 672 983 712 utebar
1013 671 1256 724 condicione,
1289 670 1324 710 si
1356 670 1453 722 quid
1484 670 1589 710 forte
1621 684 1777 710 mecum

190 734 408 784 auferrem,
447 731 490 771 in
532 734 642 772 furto
673 733 756 773 fere
796 746 820 772 a
857 732 1028 772 ianitore
1073 731 1344 783 deprehensus
1383 743 1490 770 sum:
1533 744 1640 770 nunc
1684 744 1773 771 cum

190 794 302 832 totus
333 792 375 832 in
414 792 564 832 domini
597 793 807 833 servitium
848 791 1128 843 concesserim,
1172 794 1287 831 tutus
1320 792 1361 830 et
1391 791 1634 842 tranquillus
1666 792 1776 831 furto

191 865 280 892 meo
311 865 374 892 me
407 849 646 893 oblectabo'.
677 853 725 893 de
746 866 839 905 ¹qua
862 853 1196 904 interpretatione
1223 852 1264 890 in
1289 853 1406 891 tanta
1432 851 1595 904 eclogae
1622 852 1776 904 exigui-

192 913 278 952 tate
308 925 564 965 nequaquam
595 915 764 962 constat.

408 1087 572 1146 ἕψητὸν
604 1089 838 1148 ἀγοράζειν
868 1091 969 1133 τινά

313 1177 548 1217 Athenaeus
579 1180 618 1230 7,
651 1179 771 1218 301b
802 1176 941 1225 ἑνικῶς
973 1172 1180 1232 (ἑψητός).
1201 1208 1210 1218 .
1231 1178 1525 1226 .Ποσείδιππος
1551 1173 1777 1219 Ἀποκλειο-

194 1235 293 1294 μένῃ
325 1241 403 1277 κτλ.
466 1239 515 1279 cf.
546 1239 721 1278 Nicostr.
756 1240 823 1278 13.

969 1331 998 1373 4

411 1388 445 1435 ὦ
477 1391 699 1435 Λακιάδαι

316 1479 514 1518 Zenobius
544 1479 694 1518 Milleri
721 1481 757 1530 1,
792 1481 846 1519 73
879 1474 1106 1533 (Melanges
1141 1480 1238 1520 357.
1259 1474 1306 1534 8)
1339 1479 1567 1520 Πλακίαὸαι
1599 1478 1664 1519 καὶ
1697 1478 1775 1520 στέ-

195 1540 308 1578 λαιον
335 1534 456 1592 (sic)·
487 1538 587 1590 αὕτη
619 1538 767 1592 εἴρηται
799 1537 863 1578 ἐπὶ
893 1545 972 1579 τῶν
1004 1545 1203 1591 μοιχῶν..
1225 1540 1383 1592 ,δῆμος
1415 1538 1459 1580 δέ
1490 1539 1569 1580 ἔστι
1599 1546 1668 1593 τῆς
1695 1537 1778 1580 Ἀτ-

195 1603 306 1651 τικῆς
331 1598 374 1638 οἶ
389 1598 616 1638 Πλακιάὸαι
636 1599 761 1654 (Λακ.
764 1595 795 1653 )·
826 1597 944 1639 κάκεῖ
963 1598 1181 1652 ραφανῖδες
1207 1599 1371 1653 μεγάλαι
1395 1600 1587 1653 γίνονται·
1620 1600 1780 1648 ταύταις

196 1655 239 1697 δὲ
270 1663 438 1711 χρῶνται
467 1657 566 1698 κατὰ
591 1665 670 1699 τῶν
695 1657 935 1711 ληφθέντων
960 1665 1142 1712 μοιχῶν.
1164 1659 1233 1699 ,εἰ
1256 1657 1299 1700 δὲ
1325 1675 1378 1712 μη
1408 1664 1585 1713 παρεῖεν,
1618 1664 1778 1717 στελαιῳ

195 1713 293 1772 (sic)
324 1716 368 1758 ἐκ
397 1723 467 1771 τῆς
493 1716 681 1771 δικέλλης.
731 1717 922 1771 μέμνηται
941 1719 1195 1767 Ποσίδιππος
1226 1719 1371 1772 ταύτης
1402 1719 1445 1760 ἐν
1460 1703 1779 1776 Ἀποκλειομένη.

196 1778 343 1818 similia
368 1778 586 1830 Posidippo
611 1793 691 1819 non
717 1782 1029 1820 commemorato
1051 1780 1207 1820 Suidas.
1259 1781 1308 1820 cf.
1334 1794 1435 1832 quae
1463 1782 1513 1820 ad
1536 1782 1779 1832 Philippidis

194 1839 398 1878 Laciadas
453 1840 708 1879 adnotantur.
783 1834 814 1878 ὦ
849 1839 1054 1879 Λακιαὸαι
1101 1838 1169 1879 καὶ
1217 1838 1380 1880 στειλέαι
1435 1842 1590 1881 Nauck.
1628 1842 1778 1880 Bullet.

195 1898 357 1949 Petrop.
393 1898 494 1938 XIII
532 1900 618 1939 374
665 1900 765 1940 conl.
803 1899 978 1951 Hesych.
1023 1897 1212 1940 στειλέαν·
1262 1899 1336 1952 τὴν
1386 1899 1543 1955 μακρὰν
1593 1899 1779 1954 ῥάφανον

197 1956 435 2009 (Antiphan.
472 1956 590 2012 121).

411 2100 726 2156 τηγανίζεσθαι
979 2041 1007 2084 5

318 2187 460 2226 Pollux
483 2189 560 2238 10,
596 2189 649 2227 98
689 2186 731 2227 τὸ
763 2185 894 2241 ῥῆμα.
917 2186 1047 2228 ,ἔστιν
1080 2186 1123 2228 ἐν
1150 2184 1456 2247 Ἀποκλειομένῃ
1489 2191 1780 2232 Ποσειδίππου.

879 2305 1098 2340 ΑΡΣΙΝΟΗ

319 2379 459 2419 Plures
492 2379 656 2419 fuerunt
687 2392 960 2421 successorum
981 2381 1201 2421 Alexandri
1234 2397 1284 2422 m.
1311 2384 1561 2434 temporibus
1588 2386 1777 2425 mulieres

200 2439 273 2479 hoc
304 2440 463 2479 nomine
494 2440 684 2492 insigneS,
716 2453 764 2480 ex
790 2441 936 2492 quibus
968 2455 1092 2481 unam
1117 2443 1334 2493 significari
1366 2447 1679 2484 consentaneum
1706 2449 1780 2486 est.

415 2617 524 2672 βοῦς
555 2614 746 2674 ἕβδομος
982 2559 1009 2602 6

320 2701 512 2755 μέμνηται
542 2709 611 2756 τῆς
650 2704 889 2758 παροιμίας.
941 2706 1223 2755 ,Ποσίδιππος
1254 2705 1297 2747 έν
1324 2702 1518 2764 Ἀρσινόῃ.
1584 2709 1782 2750 zenobius

201 2763 350 2803 Milleri
385 2766 421 2813 1,
455 2765 508 2803 71
543 2761 767 2817 (Melangcs
800 2760 918 2820 357).
968 2767 1157 2819 Euthycl.
1192 2770 1229 2806 2.
1280 2768 1446 2808 Philem.
1481 2771 1549 2808 86.

879 2894 1112 2928 ΓΑΛΑΤΗΣ

323 2966 381 3007 cf.
415 2980 517 3018 quae
549 2967 600 3007 ad
631 2967 868 3019 Apollodori
899 2970 1068 3011 Galatas
1098 2970 1344 3011 adnotantur
1368 2971 1416 3011 ⁴et
1440 2971 1611 3011 Meinek.
1638 2973 1657 3011 I
1685 2974 1783 3012 483.

276 3039 391 3067 comici
411 3041 524 3076 graeei,
544 3041 590 3069 ed.
611 3041 666 3070 Th.
686 3042 784 3070 Kook.
804 3043 863 3071 111.
1274 3071 1276 3074 ,
1451 3042 1496 3074 22
