2014 3334
786 231 954 266 AAHAA
979 230 1241 266 ΟΠΟΤΕΡΑΣ
1710 228 1797 271 553

969 375 1056 419 819

345 462 552 504 Choricius
579 465 660 504 121
690 462 870 502 Boisson.
898 461 933 502 εἰ
956 461 1169 514 κωμῳδίαν
1195 460 1481 515 ἐπηγγειλάμην
1504 456 1612 516 (sio),
1638 460 1799 516 εἰσῆγον

225 518 277 562 ἂν
308 520 358 562 ἐν
394 521 513 563 εἴδει
547 520 779 576 γυναικὸς
816 519 1001 574 ἑκατέραν
1039 503 1211 576 (ἡμέραν
1242 520 1308 562 καὶ
1339 516 1496 575 νύκτα),
1527 519 1681 574 ὥσπερ
1712 518 1798 572 τὴν

225 580 373 622 νύκτα
402 587 493 622 τῶν
524 588 745 634 κωμικῶν
775 596 863 630 τις,
897 579 964 622 καὶ
994 581 1292 634 βασκαίνουσαν
1323 586 1367 637 τῇ
1399 579 1512 621 νυκτὶ
1542 578 1615 632 τὴν
1646 577 1798 633 ἡμέραν

225 639 402 682 ἐποίουν.
451 642 566 682 indic.
597 642 817 682 Nauckius.

970 734 1056 777 820

347 820 574 872 Hesychius
605 820 724 873 βοῦς
749 819 768 861 ἕ
776 837 800 860 ν
825 819 975 862 πόλει·
1007 823 1189 874 χαλκοῦς,
1214 819 1292 860 ὑπὸ
1317 826 1386 873 τῆς
1410 821 1561 874 βουλῆς
1585 819 1802 869 ἀνατιθείς.

226 879 462 933 Diogenian.
490 882 535 929 3,
563 882 630 921 67.
693 879 858 933 Gregor.
892 881 1011 934 Cypr.
1045 881 1154 920 Leid.
1185 883 1227 932 1,
1255 882 1311 920 70
1348 875 1409 934 (et
1439 882 1621 932 Apostol.
1653 875 1801 935 5,15)

225 940 325 993 βοῦς
350 938 393 980 ἕν
417 938 544 980 πόλει
577 938 641 980 ἐπὶ
665 946 743 980 τῶν
768 938 1097 993 θαυμαζομένων.
1149 940 1376 981 comoediae
1404 940 1635 994 adsignavit
1652 941 1800 993 Bergk.

226 1000 380 1040 Ztschr.
405 1000 432 1040 f.
459 1000 637 1040 Altwiss.
669 1002 794 1053 1845,
822 1003 920 1041 980.
970 1002 1018 1041 cf.
1045 1001 1147 1040 Plat.
1174 1013 1271 1041 com.
1300 1002 1398 1041 210.
1448 1000 1640 1041 Henioch.
1669 1003 1706 1041 2.

971 1129 1054 1173 821

343 1216 570 1268 Hesychius
602 1214 621 1255 ἐ
627 1215 647 1264 ξ
655 1215 787 1267 ωμίς·
819 1213 936 1268 χιτὼν
967 1213 1069 1268 ὁμοῦ
1099 1214 1166 1256 καὶ
1197 1215 1364 1268 ἱμάτιον.
1412 1214 1485 1268 τὴν
1513 1215 1587 1270 γὰρ
1611 1214 1798 1269 ἑκατέρου

225 1275 358 1329 χρείαν
388 1279 583 1328 παρεῖχεν.
631 1274 890 1328 καῖ’χιτῶνος
922 1273 994 1328 μὲν
1026 1274 1092 1316 διὰ
1123 1274 1165 1315 τὸ
1198 1275 1442 1327 ζώννυσθαι,
1477 1276 1632 1328 ἱματίου
1666 1274 1709 1316 δὲ
1741 1275 1799 1316 ὅτι

223 1333 266 1375 τὸ
298 1333 428 1389 ἕτερον
459 1333 576 1389 μέρος
609 1330 894 1390 (ἀν)εβάλλετο.
955 1332 1049 1388 παρ’
1084 1333 1106 1376 ὃ
1138 1334 1203 1375 καὶ
1234 1336 1278 1376 οἰ
1316 1335 1483 1388 κωμικοὶ
1518 1334 1579 1376 ὁτὲ
1616 1334 1688 1389 μὲν
1724 1335 1801 1376 ἕν-

225 1395 360 1447 δυθι,
385 1393 447 1436 ὁτὲ
466 1393 510 1436 δὲ
533 1395 808 1448 περιβαλοῠ.
846 1396 895 1436 of.
917 1396 1050 1448 Etym.
1070 1410 1120 1436 m.
1143 1398 1242 1445 349,
1263 1397 1332 1437 51.
1371 1397 1558 1436 Eustabh.
1582 1399 1710 1448 1166,
1730 1398 1800 1437 55.

895 1493 903 1501 ’
965 1525 1053 1568 822

253 1650 266 1662 ,
344 1611 568 1663 Hesychius
601 1609 880 1659 Δαισιανός·
912 1610 1082 1664 δρομεύς
1113 1609 1218 1652 ἐστιν
1249 1610 1312 1652 ἐπὶ
1343 1612 1557 1664 βραδυτῆτι
1588 1610 1656 1652 καὶ
1679 1612 1798 1668 πενίᾳ

224 1669 551 1727 κωμῳδούμενος.
609 1684 701 1711 cum
744 1670 959 1720 Δαισιανός
1001 1685 1146 1712 nomen
1182 1685 1373 1724 graecum
1410 1685 1496 1712 esse
1533 1685 1614 1711 non
1656 1672 1796 1724 possit,

226 1730 394 1779 Δαισίας
424 1731 544 1771 Mein.
576 1732 676 1772 conl.
709 1731 900 1783 Archipp.
927 1733 994 1771 21.
1044 1733 1217 1772 fortasse
1250 1731 1482 1784 Δαισιάδης.

901 1859 999 1903 823.
1032 1860 1119 1903 824

513 1944 690 1998 Λαμίαν
720 1943 800 1985 τὸν
829 1944 1009 1998 πρίονα·
1040 1941 1067 1998 ἢ
1100 1942 1272 1998 Λάμιος
1302 1942 1326 1986 ὁ
1358 1941 1543 1994 πέλεκυς

343 2024 396 2082 ἦν
426 2044 484 2078 τις
509 2026 743 2082 Ἀθήνησιν,
773 2026 817 2077 ὃς
847 2028 1089 2085 ἐκωμῳδεῖτο
1123 2026 1207 2083 (ἐπὶ
1230 2035 1301 2070 τοῦ
1327 2029 1563 2082 ξυλοφορεῖν
1589 2031 1654 2070 vol
1679 2031 1794 2078 ξυλο-

224 2092 362 2130 κοπεῖν
405 2090 494 2130 add.
536 2086 688 2142 Mein).
747 2087 894 2143 λέγεται
938 2086 980 2129 δὲ
1015 2087 1082 2129 καὶ
1124 2088 1394 2142 Γνησίθεός
1433 2104 1491 2138 τις
1528 2087 1567 2138 ἐξ
1606 2087 1792 2130 ἐπιθέτου

223 2149 414 2201 Λάμιος.,
440 2149 676 2202 Hesychius.
724 2150 913 2189 Musurus
953 2148 1116 2201 Λάμιον
1154 2163 1226 2201 pro
1267 2150 1443 2202 Λαμίαν.
1496 2150 1626 2190 SchoL
1666 2149 1796 2190 Arist.

224 2209 375 2250 Eecles.
402 2211 455 2250 77
489 2208 662 2261 Λάμιός
691 2222 748 2258 τις
778 2206 901 2260 πένης
930 2207 996 2249 καὶ
1026 2207 1105 2250 ἀπὸ
1137 2209 1376 2262 ξυλοφορίας
1408 2209 1496 2257 ζῶν.
1546 2209 1794 2265 κωμῳδεῖται

225 2266 292 2309 καὶ
322 2266 376 2317 ὡς
408 2267 672 2321 δεσμοφύλαξ.
722 2267 936 2322 ἀρσενικῶς
967 2266 1009 2308 δὲ
1044 2269 1215 2321 Λαμίαν.
1273 2269 1426 2309 scilicet
1457 2269 1562 2321 quod
1593 2270 1792 2322 lignarius

225 2331 329 2381 erat,
369 2329 492 2368 etiam
531 2328 659 2381 πρίων
697 2331 738 2369 et
773 2326 937 2376 πέλεκυς
975 2329 1271 2380 adpollabatur:
1310 2329 1379 2369 sed
1411 2329 1531 2369 etiam
1566 2329 1796 2369 Gnesttheus

226 2388 390 2439 quidam
420 2389 486 2428 vel
517 2390 756 2429 Mnesitheus
787 2389 955 2428 Lamias
986 2389 1355 2441 cognominabatur.
1415 2389 1584 2429 Photius
1612 2391 1708 2438 206,
1738 2391 1789 2428 21

226 2447 384 2499 Λάμιος
407 2445 577 2488 ἐκαλεῖτό
602 2463 659 2496 τις
684 2445 917 2500 Ἀθήνησιν.
961 2447 1064 2488 οὕτω
1090 2447 1157 2488 καὶ
1181 2448 1434 2500 Μνησίθεος.
1477 2449 1503 2488 i.
1523 2462 1556 2487 e.
1583 2451 1625 2488 et
1649 2462 1795 2488 nomen

225 2507 432 2558 proprium
466 2507 546 2547 fuit
579 2510 620 2548 st
654 2521 874 2560 cognomen
901 2508 1127 2559 Mnesithei,
1161 2509 1334 2558 fortasse
1366 2511 1532 2560 propter
1560 2509 1796 2548 foeditatem

226 2566 346 2606 faciei
370 2579 395 2606 a
423 2566 558 2618 Λάμια
588 2568 804 2608 detortum.
849 2569 1106 2607 Mnesitheum
1131 2568 1329 2607 medicum
1354 2568 1433 2608 dici
1456 2581 1585 2619 neque
1612 2568 1798 2607 adfirma-

227 2626 353 2666 verim
378 2638 509 2678 neque
531 2628 781 2678 negaverim:
812 2628 950 2679 itaque
977 2628 1099 2667 etiam
1125 2629 1313 2678 antiquae
1342 2641 1393 2667 an
1418 2640 1544 2668 novae
1571 2628 1798 2668 comoediae

229 2686 328 2725 haec
358 2686 572 2726 tribuenda
603 2688 683 2726 sint
714 2687 892 2727 dubium.

972 2779 1060 2822 825

355 2863 485 2904 Schol.
524 2865 648 2904 Arist.
686 2865 843 2906 Thesm.
883 2867 937 2906 98
984 2870 1166 2905 τοιοῦτον
1210 2861 1322 2918 (οἷον
1363 2861 1676 2920 Ἀριστοφάνης)
1720 2865 1800 2906 τὸν

223 2919 474 2976 Ἀγάθωνα
505 2921 571 2963 καὶ
601 2923 650 2964 οἱ
676 2921 809 2965 α’λλοι
839 2925 1112 2981 κωμῳδοῦσιν.
