2014 3334
685 282 1035 319 surrnssussnu
1059 282 1166 318 vol..
1192 282 1229 317 11
1660 279 1744 323 ‘147

819 426 1099 462 'rmonmus

168 558 170 562 .
225 531 227 533 -
290 502 356 544 Fr.
383 505 422 544 2.
467 501 564 551 θεὸς
594 502 802 556 πτερωτός,
834 500 914 552 zebe
944 504 1022 542 κτλ.
1073 502 1226 542 Nauck.
1246 500 1387 541 hac-LV
1410 502 1508 552 238,
1538 501 1578 541 in
1598 500 1747 541 Bullot.

171 560 351 605 Poterab.
380 563 436 602 VI
470 564 524 603 62
557 563 829 616 fragmentum
859 562 1093 616 tragoediae
1125 561 1353 613 adsignans.

837 699 1080 735 'rmOOLl-:s

293 777 360 819 Fr.
391 779 433 824 4,
467 779 504 817 1.
533 779 570 817 2.
604 776 726 816 Walz.
747 776 861 817 Rhet.
882 789 941 829 gr.
967 775 1045 815 VH
1079 776 1176 822 994,
1198 775 1254 814 10
1286 769 1459 827 (Nauck.
1479 773 1615 814 Me1.v
1638 770 1746 828 238)

172 837 363 892 κωμῳδεῖ
390 834 433 877 δὲ
465 835 586 877 αὐτὸν
621 838 816 888 Τιμοκλῆς
848 834 911 875 ἐπὶ
941 838 1023 883 τοῖς
1045 831 1307 887 Ἁρπαλείοις,
1337 831 1462 887 λέγων
1492 836 1570 873 κτλ.

293 900 330 938 7.
374 910 476 949 quae
508 896 553 937 Ο.
586 896 751 936 Crusius
784 910 820 947 p.
854 896 1040 936 624—ss
1073 894 1124 935 ad
1155 894 1386 947 fragmenta
1417 895 1455 934 7.
1489 894 1556 933 14.
1589 895 1641 933 21
1677 906 1741 933 ex-

172 956 358 1010 plicanda
394 957 544 1007 adfert,
582 969 629 995 ea
666 955 765 1003 mihi
803 955 963 1009 quidem
1003 955 1095 1006 plus
1133 966 1254 1005 quam
1294 953 1417 993 dubia
1455 953 1654 994 videntur.
1692 974 1742 981 —

175 1019 200 1058 4
233 1015 442 1071 θάργηλον
472 1014 623 1071 ἀγκάλῃ
655 1014 822 1067 κυάμων
853 1013 998 1067 χύτραν
1030 1011 1142 1066 φέρει
1172 1013 1327 1053 Kaibol.

295 1078 363 1128 15,
396 1078 421 1116 3
464 1074 619 1123 ὑπτίοις
648 1073 884 1126 πυκνώμασι
916 1074 1072 1114 Kaibel.

297 1138 363 1175 17.
407 1136 455 1175 of.
487 1147 593 1175 nuno
624 1135 781 1175 Kaibel.

297 1197 364 1248 22,
398 1198 436 1235 3.
482 1193 569 1234 ‘nec
602 1194 894 1235 obliviscendae
928 1195 1023 1233 sunt
1060 1193 1248 1232 lucernae
1274 1194 1409 1243 partes
1440 1193 1482 1231 in
1506 1205 1549 1231 re
1580 1205 1751 1232 venerea

176 1255 283 1308 apud
313 1250 487 1296 veteres’
520 1259 656 1307 χρῶμα
687 1254 902 1293 defendens
933 1252 1135 1292 Herwerd.
1171 1254 1267 1293 192.

297 1316 365 1366 35,
398 1317 436 1355 1.
487 1314 648 1355 Hesiod.
680 1312 751 1365 Op.
788 1314 871 1353 686
917 1311 1093 1365 χρήματα
1135 1309 1210 1365 γὰρ
1246 1309 1357 1364 ψυχὴ
1396 1308 1550 1351 πέλεται
1587 1311 1750 1351 δειλοῖσι

175 1375 375 1429 βροτοῖσιν
413 1373 543 1414 adfert
573 1374 728 1414 Nauck.
761 1373 854 1413 Mel.
886 1372 922 1410 V
956 1374 1053 1424 238,
1085 1372 1126 1410 in
1159 1384 1195 1411 v.
1230 1373 1253 1410 2
1295 1369 1542 1411 ἐσπούδακεν
1573 1370 1749 1411 scribens

176 1448 250 1488 pro
282 1433 478 1487 ἐκτήσατο.

297 1496 352 1535 39
384 1492 569 1542 ἀπεξινοῖ
595 1493 698 1533 Ellis
728 1492 863 1532 Amor.
894 1492 921 1531 J
925 1504 1037 1531 ourn.
1063 1490 1123 1530 VI
1157 1493 1196 1531 7.

820 1630 1111 1665 XENARCHUS

296 1709 362 1749 Fr.
396 1711 434 1760 1,
467 1711 491 1748 2
525 1705 814 1747 ἀστυτοτᾶτοισι
851 1727 898 1734 -
934 1705 1069 1758 τύχαις
1099 1705 1201 1745 Ellis
1223 1704 1356 1745 Amor.
1382 1705 1523 1744 Journ.
1538 1704 1595 1742 vl
1617 1706 1652 1743 7.
1709 1706 1753 1743 at

178 1782 306 1822 neque
342 1781 488 1808 nomen
525 1768 674 1819 ipsum,
713 1779 804 1807 cum
834 1780 871 1806 v.
903 1767 930 1806 4
968 1767 1162 1817 sequatur
1201 1761 1365 1811 ἄστυτος
1403 1758 1531 1813 οἶκος,
1573 1763 1639 1803 hic
1669 1763 1752 1803 iam

181 1830 305 1870 fuisse
334 1828 515 1880 positum
550 1827 761 1878 probabile
799 1829 871 1877 est,
902 1838 1031 1877 neque
1064 1837 1109 1864 eo
1148 1824 1254 1875 quod
1284 1820 1448 1871 αστυτος
1488 1823 1660 1862 duarum
1690 1826 1754 1863 est

180 1888 511 1930 terminationum
550 1886 788 1938 superlativi
825 1885 974 1938 gradus
1006 1886 1135 1924 forma
1168 1883 1391 1923 masculina
1421 1883 1505 1921 ullo
1536 1882 1654 1921 modo
1685 1882 1752 1922 de-

182 1948 374 1990 fenditur.
408 1969 459 1975 —
494 1947 703 1998 parodiam
735 1958 821 1985 esse
854 1945 1119 1996 Aeschyleam
1151 1938 1226 1998 (P1
1227 1955 1302 1982 om
1337 1944 1434 1983 580.
1461 1944 1485 1982 9
1519 1941 1676 1982 confert
1706 1940 1751 1981 Ο.

180 2007 348 2048 Crusius
377 2021 418 2059 p.
450 2003 556 2059 627)
588 2019 668 2046 non
699 2006 829 2046 oredo.

278 2070 338 2108 6.
382 2067 570 2106 Eustath.
605 2067 738 2117 1871,
771 2067 796 2105 5
831 2059 1112 2119 (O.Kaeh1er.
1149 2060 1252 2110 904)
1290 2058 1486 2113 Ξέναρχος
1519 2060 1671 2108 παίζων
1702 2090 1712 2099 .
1742 2089 1754 2099 .

183 2127 303 2181 ὅρκον
333 2149 392 2156 —
421 2125 577 2180 γράψω.

301 2188 440 2239 7,16.
485 2183 638 2237 κατέχεε
671 2184 845 2225 aoristus
877 2187 950 2236 est,
981 2182 1087 2235 quod
1119 2193 1259 2221 moneo
1291 2182 1431 2219 contra
1461 2180 1701 2219 Kaibelium.

814 2321 1125 2357 THEOPHILUS

133 2444 138 2448 ,
302 2402 367 2441 Fr.
402 2404 438 2442 3.
485 2402 532 2440 de
564 2399 766 2440 Atrestida
798 2398 846 2438 cf.
873 2397 1079 2437 Demosth.
1115 2398 1181 2446 19,
1214 2396 1459 2435 305-309,
1500 2393 1645 2441 861101.
1679 2394 1754 2433 De-

187 2461 334 2502 mosth.
368 2463 434 2513 19,
468 2462 551 2501 305
586 2454 701 2507 οὗτος
727 2455 968 2510 Ἀτρεστίδας
999 2455 1195 2508 προδότης
1225 2449 1277 2507 ἧν
1308 2449 1403 2506 παρ’
1432 2450 1625 2506 Ἀρκάσιν.

848 2595 1099 2630 PHILEMON

309 2676 374 2715 Fr.
400 2677 440 2726 4,
468 2677 505 2714 1.
548 2674 814 2726 praecedebat
845 2672 1045 2711 obiectum
1070 2670 1183 2710 verbi
1214 2663 1343 2721 εὗρες,
1374 2668 1480 2707 unde
1513 2668 1633 2707 simul
1665 2680 1756 2718 pen-

190 2735 340 2775 debant
370 2747 487 2775 voces
519 2733 574 2782 εἰς
605 2732 791 2780 ἅπαντας.

313 2797 379 2834 10.
423 2794 607 2833 Menand.
641 2794 726 2833 550
758 2793 913 2831 confert
944 2789 989 2830 O.
1021 2789 1186 2830 Crusius
1218 2802 1254 2838 p.
1288 2789 1385 2827 627.

313 2856 380 2893 21.
425 2854 475 2893 cf.
505 2853 690 2892 Menand.
721 2854 820 2891 441.

313 2916 382 2954 23.
425 2913 558 2952 adfert
588 2912 710 2951 etiam
735 2911 894 2950 Maxim.
919 2909 1030 2948 Conf.
1059 2909 1125 2958 10,
1154 2910 1207 2946 32
1235 2920 1271 2957 p.
1293 2908 1378 2946 563
1411 2905 1587 2946 Combef.
1619 2901 1664 2959 (3
1692 2903 1755 2945 καὶ

190 2971 265 3027 γὰρ
297 2970 318 3013 ὅ
349 2975 382 3012 λ.
444 2974 483 3011 4.
514 2971 747 3023 λοιδορεῖται
778 2967 798 3009 ὁ
831 2965 895 3022 λ).
