2014 3334
672 252 946 287 ΕΥΝοΤΧοΣ
978 273 1017 278 -
1047 253 1270 287 ΗΝιοΧοΣ
1308 272 1320 290 .
1707 252 1763 294 57

870 386 966 428 196.
1002 386 1083 428 197

800 464 868 512 ἐπ’
904 468 1068 528 ἀρίστῳ
1102 470 1252 524 λαβὼν

395 681 486 718 τῶν
519 675 822 730 ἰχθυοπωλῶν
855 673 1015 731 ἀρτίως
1046 689 1111 724 τις
1142 673 1364 730 τεττάρων

398 747 608 803 δραχμῶν
641 745 799 790 ἐπώλει
830 746 1034 802 κωβιούς.
1096 748 1146 788 Β.
1178 749 1350 789 πολλοῦ
1382 747 1572 802 σφόδρα.

299 834 534 873 Athenaeus
569 835 606 885 9,
640 835 725 873 385
742 834 795 872 df
834 830 1008 886 ὀψάριον
1042 862 1051 872 .
1078 863 1087 872 .
1114 831 1221 872 ,ἐπὶ
1251 838 1322 872 τοῦ
1366 833 1549 885 ιχθύος.
1611 831 1768 873 ,Μέν-

179 894 327 947 ανδρος
365 923 374 933 .
395 924 404 933 .
425 892 516 933 ,ἐν
550 894 715 950 Εφεσίῳ
747 890 809 934 ἐπ’
850 891 1073 945 -ὄψάριον.
1131 887 1197 932 εἶτ’
1239 890 1434 946 ἐπιφέρει·
1465 898 1544 933 τῶν
1577 893 1656 946 ἰχθ.
1689 897 1767 933 κτλ.

181 969 219 995 v.
247 957 286 994 3.
314 956 342 994 4
372 954 481 993 idem
515 956 553 1006 7,
587 956 710 994 3090
753 951 999 1006 Μένανδρος
1039 949 1239 1005 Ἐφεσίοις
1271 956 1349 993 κτλ.
1422 957 1457 993 1.
1495 952 1687 1010 ε’παρίστῳ
1720 955 1768 993 Α.

182 1016 219 1054 3.
251 1012 393 1067 ἀρτίως
424 1016 466 1054 et
498 1015 536 1053 4.
568 1016 718 1054 πολλοῦ
751 1013 909 1066 σφόδρα
941 1027 1017 1054 om.
1049 1014 1087 1052 A
1122 1015 1221 1067 385,
1253 1016 1404 1053 πολλοῦ
1438 1015 1522 1054 309
1558 1015 1647 1053 add.
1681 1014 1768 1053 Sal-

178 1074 323 1115 vinius.
387 1076 425 1114 4.
459 1072 618 1125 ἐπώλει]
658 1072 770 1124 ἐτίμα
806 1075 843 1113 Α
876 1076 975 1114 309.
1037 1074 1214 1126 κωβίους
1247 1075 1281 1113 Α
1317 1076 1414 1114 309.
1477 1075 1650 1114 fortasse
1688 1087 1768 1114 non

179 1137 344 1186 πολλοῦ,
377 1135 447 1174 sed
478 1131 613 1187 ὀλίγου
647 1135 760 1186 dixit,
793 1148 866 1185 per
896 1135 1080 1174 ironiam.

933 1263 1015 1307 198

465 1345 723 1404 παρέσομαι
745 1348 830 1403 γὰρ
862 1347 912 1390 ἓν
945 1347 1041 1390 δύο.

303 1433 448 1473 Suidas
480 1431 526 1474 ἓν
559 1434 652 1475 δύο·
690 1433 733 1474 τὸ
765 1432 924 1486 ταχέως,
956 1432 1009 1482 ὡς
1040 1431 1165 1486 ἡμεῖς.
1227 1432 1471 1487 Μένανδρος
1498 1431 1682 1491 Ἐφεσίῳ.
1719 1435 1768 1474 ‘gv

178 1493 253 1534 δύο
285 1493 437 1545 Bentl]
471 1493 604 1535 ἔνδυο.
637 1491 750 1534 ‘dum
783 1495 929 1547 aliquis
959 1509 1086 1534 unum
1119 1496 1200 1535 duo
1232 1508 1445 1535 numerare
1476 1491 1634 1546 possit'.

933 1625 1015 1667 199

466 1697 649 1752 ἔσχατος
680 1698 858 1739 Μυσῶν

298 1775 444 1835 ταύτης
474 1781 667 1835 μέμνηται
698 1789 767 1836 τῆς
797 1784 1013 1836 παροιμίας
1045 1781 1292 1837 Μένανδρος
1324 1782 1367 1823 ἐν
1394 1780 1578 1841 Ἐφεσίῳ.
1621 1785 1768 1824 Miller.

178 1843 386 1895 Melanges
420 1845 518 1884 352.
564 1845 615 1883 cf.
647 1845 718 1884 55.

928 1938 1016 1979 200

474 2010 683 2070 Τενέδιος
713 2021 956 2077 ἄνθρωπος

301 2107 502 2146 Zenobius
536 2109 580 2158 6,
620 2109 644 2147 9
696 2105 819 2159 Τένης
863 2105 884 2146 ὃ
925 2107 1093 2148 Κύκνου
1125 2138 1135 2148 .
1167 2138 1176 2148 .
1210 2106 1542 2160 ἕψομοθέτησεν
1583 2107 1646 2148 ε’πὶ
1689 2114 1767 2148 τῶν

181 2167 304 2206 δικῶν
342 2165 528 2206 ἵστασθαι
566 2164 789 2220 ανθρωπον
819 2165 989 2207 πέλεκυν
1022 2167 1160 2220 ἔχοντα
1191 2167 1290 2208 κατὰ
1322 2174 1428 2208 νῶτα
1458 2184 1529 2208 του
1562 2169 1768 2221 κρίνοντος

179 2225 246 2266 καὶ
276 2231 347 2266 τοῦ
378 2225 632 2279 κρινομένου,
664 2227 732 2267 ἴνα
763 2225 784 2267 ὁ
812 2225 932 2276 ἁλοὺς
964 2226 1092 2276 εὐθὺς
1117 2231 1169 2285 τῷ
1195 2227 1346 2269 πελέκει
1376 2227 1538 2282 πληγεὶς
1563 2227 1767 2285 ἀποθάνη.

179 2286 328 2339 εἴρηται
353 2281 428 2326 οὖν
453 2284 479 2338 ἡ
495 2288 695 2340 παροιμία
720 2286 787 2327 καὶ
812 2286 875 2327 ἐπὶ
901 2294 979 2328 τῶν
1005 2289 1193 2341 φοβερῶν
1218 2288 1287 2337 τὰς
1313 2287 1469 2341 ὄψεις.
1533 2287 1768 2341 .μέμνηται

179 2346 323 2398 ταύτης
355 2345 397 2386 ἕν
425 2343 596 2404 Ἐφεσίῳ
628 2346 884 2400 Μένανδρος.
947 2350 995 2388 cf.
1018 2350 1256 2402 Diogenian.
1279 2351 1317 2400 8,
1352 2351 1420 2389 58.
1454 2350 1568 2389 ΡΙιοῂ
1591 2352 1632 2388 et
1656 2349 1767 2389 Suid.

184 2405 365 2454 Τενέδιος
397 2389 652 2461 (ανθρωπος,
684 2408 918 2462 ξυνήγορος,
948 2406 1144 2459 πέλεκυς).
1208 2410 1344 2461 Steph.
1376 2410 1471 2462 Byz.
1509 2407 1687 2456 Τένεδος.

860 2525 1084 2559 ΗΝΙΟΧΟΣ

303 2598 363 2638 Of.
395 2613 496 2651 quae
528 2601 579 2640 ad
611 2600 856 2652 Antiphanis
887 2584 1132 2641 Hebiochum
1164 2602 1411 2641 adnotantur
1442 2601 1482 2639 II
1516 2603 1586 2641 52.

933 2730 1019 2773 201

397 2811 508 2854 ἀλλὰ
539 2813 647 2863 θεὸς
679 2811 829 2864 οὐδεὶς
860 2814 922 2864 είς
953 2814 1002 2856 τὸ
1035 2815 1311 2869 προκόλπιον
1343 2812 1470 2870 φέρει

397 2883 631 2940 ἀργύριον,
665 2883 760 2927 ἀλλ’
798 2886 964 2928 ἔδωκεν
997 2885 1158 2935 εὔνους
1189 2887 1429 2940 γενόμενος

397 2957 555 3011 πόρον,
588 2957 797 3012 εἰσβολήν
828 2952 866 2999 τ’
902 2956 1068 3009 ἔδειξεν
1101 2957 1311 3015 εὐπορίας
1341 2959 1476 3011 τινός,
