2014 3334
740 274 948 310 ΑΔΗΛΩΝ
975 273 1238 309 ΔΡΛΜΑΤΩΝ
1692 269 1775 311 311

199 389 442 443 Φιλιππίδης
474 386 516 430 δὲ
549 387 626 441 ἔφη
646 391 724 429 κτλ.
770 389 818 428 ef.
839 400 941 440 quae
962 386 1013 427 ad
1033 386 1159 428 Arist.
1178 386 1286 425 Nub.
1308 387 1394 425 320
1415 384 1706 425 adnotavimus.
1725 404 1775 411 —-

194 451 246 492 ad
271 446 484 506 Ἀργυρίου
516 447 746 502 ἀφανισμόν
778 449 904 489 refert
936 447 1056 488 Mein.
1087 446 1108 487 I
1141 447 1241 498 473,
1273 446 1505 486 coniectura
1535 444 1698 485 incerta.

959 565 1018 608 34

483 652 648 708 τυροὺς
678 648 752 694 καὶ
784 650 991 707 ταρίχους

315 738 556 779 Eustathius
579 740 646 788 73,
666 740 722 778 42
755 736 853 778 κατὰ
866 733 1118 790 Ἡρωδιανὸν
1143 733 1210 775 καὶ
1236 734 1390 787 τάριχος
1410 731 1600 785 ἑκατέρως
1622 730 1780 787 λέγεται.

194 797 237 839 τὸ
273 798 428 853 τάριχος
464 797 539 853 γὰρ
577 796 643 838 καὶ
681 796 702 838 ὁ
739 797 906 851 τάριχος.
970 795 1213 848 Φιλιππίδης
1251 798 1328 834 κτλ.
1392 808 1463 835 eur
1506 797 1598 846 posia
1637 793 1782 847 τυρούς

197 860 315 901 Mein.
347 860 472 900 addat
505 873 545 899 τε
576 859 730 898 nullam
761 859 878 899 video
911 870 1085 898 causam.

961 974 1019 1018 35

482 1034 712 1090 ἐξαλλάξαι

315 1123 358 1165 τὸ
395 1121 536 1178 τέρψαι
573 1122 639 1163 καὶ
674 1125 920 1177 παραγαγεῖν
959 1120 1014 1169 εἰς
1053 1119 1330 1174 εὐφροσύΛνην
1373 1118 1671 1171 φυλαττόμενον
1709 1116 1780 1171 χρὴ

197 1184 300 1226 οὕτω
332 1182 475 1239 λέγειν·
515 1182 564 1224 οὐ
595 1182 670 1238 γὰρ
702 1189 871 1237 χρῶνται
903 1181 945 1222 οἷ
973 1180 1141 1234 δόκιμοι.
1208 1180 1450 1232 Φιλιππίδης
1488 1177 1530 1219 δὲ
1568 1195 1635 1219 και
1671 1176 1782 1218 Μέν-

197 1245 372 1345 ἷέἑῖιρὲἓᾶ
384 1242 503 1346 αζτέῗῖ
529 1250 708 1297 χρῶνται.
770 1243 1025 1296 Phrynichus
1064 1241 1173 1293 Epit.
1214 1243 1313 1282 363.
1371 1242 1420 1281 cf.
1453 1240 1681 1280 Anaxandr.
1716 1241 1783 1279 20.

962 1372 1019 1416 36

485 1433 701 1491 κοράσιον

317 1521 485 1561 Photius
517 1522 616 1572 369,
651 1522 704 1560 26
749 1519 1047 1574 παιδισκάριον·
1091 1518 1282 1572 κοράσιον
1321 1514 1357 1558 δ’
1393 1516 1442 1558 οὐ
1474 1515 1643 1571 λέγεται,
1686 1515 1784 1556 ἀλλὰ

200 1580 268 1622 καὶ
298 1577 588 1654 κεκωμῴδηκεν
618 1580 860 1632 Φιλιππίδης
891 1578 945 1628 ὡς
977 1579 1144 1629 ξενικόν.
1201 1579 1412 1631 Phrynioh.
1441 1578 1526 1617 Eol.
1560 1580 1614 1618 73
1646 1576 1783 1629 κόριον

198 1640 225 1694 ἢ
250 1638 467 1694 κορίδιον
453 1656 480 1694 η
510 1641 676 1693 κορίσκη
707 1638 879 1694 λέγουσι·
913 1639 955 1680 τὸ
988 1637 1030 1680 δὲ
1049 1639 1239 1692 κοράσιον
1258 1638 1499 1713 παράλογον.
1543 1638 1644 1678 Poll.
1667 1640 1704 1685 2,
1730 1639 1781 1676 17

199 1701 242 1742 τὸ
272 1701 460 1755 κοράσιον
492 1701 642 1754 εἴρηται
666 1699 750 1753 μέν,
782 1699 879 1740 ἀλλὰ
912 1697 1074 1751 εὐτελές,
1106 1699 1237 1751 ὥσπερ
1262 1697 1329 1738 καὶ
1353 1697 1395 1738 τὸ
1420 1698 1608 1750 κορίδιον.
1654 1697 1782 1737 Schol.

199 1762 234 1802 B
253 1762 370 1803 Hom.
401 1762 448 1802 Il.
484 1763 551 1813 20,
585 1763 671 1802 404
702 1760 892 1814 κοράσιον
923 1759 1072 1812 μᾶλλόν
1105 1758 1182 1800 ἔστι
1215 1757 1513 1799 Μακεδονικόν.

963 1878 1017 1920 37

487 1937 851 1995 κοσκινομάντδις

324 2025 454 2078 ει’ρηκε
490 2024 745 2077 Φιλιππίδης.
794 2025 938 2065 Pollux
973 2024 1144 2075 7‚188.
1194 2021 1785 2071 Philostr.vit.Ap0110n.6,

204 2088 256 2126 11
292 2100 330 2137 p.
361 2088 443 2125 114
476 2083 581 2139 (222
615 2079 806 2137 Kaysel.)
849 2090 966 2138 γρᾶες
1009 2082 1192 2136 ανημμετ
1195 2098 1236 2122 αι
1278 2081 1444 2122 κόσκινα
1488 2086 1678 2132 φοιτῶσιν
1723 2078 1787 2119 ἐπι

121 2193 126 2197 ¹
203 2143 408 2198 ποιμένας,
429 2144 490 2186 ὅτε
510 2143 553 2185 δὲ
578 2143 644 2185 καὶ
664 2143 900 2198 βουκόλους,
931 2143 1133 2196 ἰώμεναι
1163 2141 1216 2182 τὰ
1247 2147 1486 2182 νοσοῦντα
1517 2146 1607 2180 τῶν
1639 2144 1784 2192 θρεμ-

203 2205 363 2258 μάτων
393 2211 609 2261 μαντικῇ.
661 2206 826 2245 Theoer.
860 2207 901 2256 3,
934 2206 986 2244 31
1018 2200 1183 2258 ’Λγροιὼ
1215 2201 1529 2254 κοσκινόμαντις.

491 2385 742 2439 λυχνοῦχον
966 2321 1022 2365 38

324 2468 394 2510 τὸν
436 2469 644 2522 κεράτινον
687 2467 822 2521 φανὸν
865 2466 944 2508 ἀπὸ
986 2473 1056 2510 τοῦ
1099 2466 1246 2519 λύχνον
1289 2465 1332 2506 ἐν
1375 2464 1482 2522 αὐτῷ
1526 2461 1786 2516 περιέχεσθαι.

206 2528 336 2581 φανὸς
373 2527 415 2569 δὲ
452 2526 478 2581 ἡ
516 2527 559 2569 ἐκ
596 2529 726 2578 ξύλων
766 2528 932 2581 λαμπάς.
994 2527 1247 2578 Φιλιππίδης.
1298 2526 1466 2566 Photius
1500 2527 1604 2576 238,
1639 2526 1675 2563 5.
1738 2524 1786 2563 cf.

207 2590 413 2641 Aristoph.
447 2590 495 2628 fr.
530 2591 568 2630 8.

968 2657 1025 2699 39

494 2718 683 2774 μυρίνης

328 2804 524 2844 Aelianus
555 2804 605 2843 V.
636 2803 729 2844 hist.
766 2806 832 2855 12,
866 2806 917 2843 31
963 2801 1076 2859 μύρῳ
1108 2797 1222 2841 οἶνον
1253 2799 1461 2854 μιγνύντες
1493 2798 1619 2846 οὕτως
1650 2797 1788 2838 ἔπινον

210 2863 277 2904 καὶ
307 2862 632 2917 ὑπερησπάζοντο
663 2861 736 2914 τὴν
768 2863 956 2915 τοιαύτην
986 2868 1147 2916 κρᾶσιν·
1180 2859 1246 2900 καὶ
1277 2859 1449 2900 ἐκαλεῖτο
1482 2856 1503 2898 ὅ
1535 2854 1644 2906 οἶνος
1674 2858 1788 2910 μυρί-

211 2940 294 2976 νης.
345 2922 536 2976 μέμνηται
574 2920 616 2963 δὲ
655 2921 779 2963 αὐτοῦ
822 2922 1064 2973 Φιλιππίδης
1102 2919 1123 2961 ὁ
1155 2926 1223 2973 τῆς
1255 2919 1462 2977 κωμῳδίας
1500 2932 1677 2971 ποιητης
1738 2920 1786 2958 cf.

212 2984 362 3035 Diphil.
396 2986 463 3036 17,
498 2985 564 3024 10.
615 2982 816 3035 Posidipp.
851 2984 918 3023 34.
