2014 3334
283 249 340 291 20
823 226 828 229 ’
916 241 1212 277 MENANAPOT

290 359 533 412 ἀνδρόγυνος
558 355 666 409 ὀλίγα
691 351 877 408 τραύματ’
908 349 1085 402 ἐξόπισθ’
1115 351 1213 404 ἔχων
1239 352 1342 390 idem
1363 351 1447 390 IIII
1469 353 1566 391 687.
1609 364 1680 402 pro
1704 348 1848 402 ἀνδρο-

283 419 382 472 γύης
402 417 466 457 καὶ
486 414 536 456 ἔτ’
560 414 668 469 ὀλίγα
689 416 875 454 dubitans
901 412 1152 465 ἀνδρογύνης
1170 409 1236 450 καὶ
1254 409 1295 450 τὸ
1321 409 1531 463 λεγόμενον
1557 411 1708 450 Nauck.
1729 410 1848 461 Trag.

283 493 342 529 gr.
375 480 421 516 fr.
453 478 584 526 adesp.
619 478 713 515 374.
776 471 1016 523 Μένανδρος
1042 468 1286 525 Ἀνδρογύνῃ
1317 467 1343 521 ἢ
1374 470 1514 521 Κρητί·
1554 467 1680 509 ὄλωλα
1711 483 1766 522 τρ.
1797 467 1848 516 ἐξ.

286 536 385 588 ἔχων
423 542 490 587 τῆς
523 536 556 574 δ.
583 546 615 574 σ.
647 532 758 585 κούχὶ
795 538 864 572 τοῦ
902 536 968 582 θρ.
998 531 1152 569 Preller
1182 530 1284 568 Phil.
1316 529 1378 567 III
1410 531 1507 569 522.
1570 532 1612 568 at
1643 529 1732 580 quis
1762 542 1848 567 um-

289 610 408 647 quam
439 596 539 634 talia
570 595 617 632 de
651 607 690 633 se
722 594 806 643 ipse
838 591 1109 642 praedicavit?
1149 590 1284 640 itaque
1316 591 1424 628 certe
1457 586 1576 627 ὄλωλε
1606 589 1672 629 vel
1703 586 1850 634 ὄλωλας

289 655 538 694 scribendum
571 656 659 692 erat
690 653 753 691 vel
789 652 922 702 potius
961 649 1087 699 ἀπόλ.,
1119 661 1207 687 curn
1241 645 1367 686 ὄλωλα
1403 661 1483 687 non
1515 648 1569 687 sit
1599 647 1849 687 comicorum.

287 710 356 767 (ed
385 715 556 752 fortasse
597 713 651 751 sic
683 713 804 751 verba
841 709 1134 749 constituenda:
1175 702 1453 759 (Μένανδρος)
1482 703 1726 762 Ἀνδρογύνῃ
1758 736 1768 745 .
1801 737 1808 745 .
1841 735 1850 744 .

290 774 457 812 sexcidit
487 767 649 825 fragm.)
681 769 757 809 καὶ
787 766 878 821 μετ’
915 766 1065 821 ὀλίγα·
1097 763 1282 819 τραύματ’
1319 765 1369 814 ἐξ.
1401 765 1500 818 ἔχων
1530 769 1607 805 κτλ.

966 906 1173 941 ΑΝΕΨΙΟΙ

407 987 633 1025 Consobrim
662 986 825 1022 fuerunt
849 984 893 1021 L.
915 983 1081 1021 Afranii.
1115 981 1158 1020 O.
1179 981 1368 1019 Ribbeck.
1394 979 1502 1019 Com.
1522 980 1634 1019 Rom.
1660 974 1727 1018 fr.²
1756 981 1850 1018 170.

1039 1121 1096 1164 59

1006 1204 1140 1259 φύσει
1171 1203 1256 1259 γάρ
1289 1198 1377 1245 ἐστ’
1412 1203 1522 1258 ἔρως

499 1283 578 1320 τοῦ
609 1280 932 1326 νουθετοῦντος
963 1276 1133 1330 κωφόν
1166 1275 1254 1330 ἅμα
1287 1272 1328 1316 δ’
1365 1273 1419 1316 οὐ
1452 1271 1611 1330 ῥᾴδιον

500 1351 682 1403 νεότητα
713 1353 841 1390 νικᾶν
874 1346 964 1389 ἐστι
995 1345 1067 1388 καὶ
1099 1346 1210 1388 θεὸν
1241 1346 1371 1402 λόγῳ.

410 1435 602 1474 Stobaeus
634 1434 770 1473 Floril.
805 1436 877 1483 64,
917 1435 969 1472 17
1012 1431 1258 1484 Μενάνδρου
1293 1428 1476 1481 Ἀνεψιός
1506 1431 1554 1469 Α.
1619 1433 1654 1470 2.
1686 1433 1855 1481 νομοθε-

291 1500 451 1542 τοῦντος
481 1494 553 1533 ΑΒ
594 1494 723 1532 Trinc.
761 1492 842 1543 ἅμα
878 1514 925 1519 —
967 1491 1068 1547 λόγῳ
1107 1505 1182 1531 om.
1216 1491 1329 1530 Voss.
1361 1512 1419 1518 -—
1457 1492 1549 1540 apte
1588 1488 1632 1528 Ο.
1665 1490 1855 1528 Ribbeck.

290 1568 327 1604 p.
365 1556 447 1593 210
493 1554 646 1592 confert
689 1553 846 1591 Afranii
883 1553 931 1590 fr.
971 1554 1023 1590 31
1071 1552 1258 1595 dmentes,
1302 1552 1440 1599 quibus
1483 1551 1606 1589 dmmi
1647 1561 1725 1588 non
1766 1553 1858 1588 swnt

290 1615 443 1663 z'nteyri,
473 1615 588 1652 surde
619 1614 792 1651 cladium.

1045 1714 1102 1756 60

505 1798 763 1853 εὐδαιμονία
795 1794 913 1840 τοῦτ’
949 1795 1069 1839 ἐστὶν
1100 1796 1200 1846 υἱὸς
1230 1802 1343 1838 νοῦν
1374 1797 1504 1851 ἔχων·

505 1868 614 1910 ἀλλὰ
644 1869 846 1924 θυγάτηρ
878 1865 1002 1923 κτῆμ’
1039 1865 1159 1910 ἐστὶν
1191 1866 1380 1923 ἐργῶδες
1411 1868 1553 1923 πατρί.

413 1955 606 1994 Stobaeus
638 1955 775 1993 Floril.
811 1957 876 2002 77,
909 1956 935 1992 4
962 1953 1223 2005 Μενάνδρου,
1257 1955 1280 1992 5
1302 1952 1554 2003 χΜενάνδρου
1582 1948 1782 2003 Ἀνεψιοῖς
1806 1953 1853 1991 Α.

294 2014 344 2052 ad
375 2027 498 2052 unum
529 2015 576 2052 fr.
609 2014 811 2053 coniunxit
832 2014 1007 2052 Grotius.
1072 2016 1107 2051 1.
1134 2011 1367 2063 εὐδαιμονία
1399 2012 1448 2050 Η.
1482 2010 1636 2061 Steph]
1670 2010 1853 2063 εὐδαιμο-

294 2073 391 2119 νίας.
455 2075 491 2111 2.
522 2075 564 2112 Β.
597 2071 692 2111 ἀλλὰ
723 2072 921 2125 θυγάτηρς
954 2075 1003 2111 A.
1034 2068 1146 2124 κτῆμ’
1183 2070 1284 2111 ἐστὶν
1315 2074 1392 2110 κτλ.
1424 2071 1576 2110 Nauck.

473 2281 496 2323 ὁ
528 2283 668 2336 φανός
699 2282 790 2324 ἐστι
821 2283 975 2337 μεστὸς
1005 2281 1167 2332 ὕδατος
1198 2281 1364 2334 οὑτοσί,

476 2353 546 2393 δεῖ
573 2348 612 2393 τ’
648 2352 747 2407 οὐχὶ
773 2355 921 2407 σείειν,
954 2351 1048 2395 ἀλλ’
1085 2353 1308 2395 ἀποσείειν
1339 2351 1544 2394 αὐτόθεν.

418 2437 647 2476 Athenaeus
683 2440 748 2487 15,
783 2440 905 2478 700b
949 2436 1058 2477 ἄλλοι
1090 2434 1126 2477 δ’
1174 2437 1349 2488 ἔφασκον
1393 2436 1525 2488 φανὸν
1567 2435 1750 2490 λέγεσθαι
1785 2436 1858 2488 τὴν

299 2495 500 2546 λαμπάδα·
533 2496 574 2534 οἵ
603 2494 644 2534 δὲ
675 2495 747 2546 τὴν
772 2496 815 2535 ἔκ
839 2512 956 2536 τινων
989 2497 1117 2544 ξύλων
1142 2495 1382 2548 τετμημένην
1409 2494 1566 2548 δέσμην.
1616 2494 1858 2550 Μένανδρος

295 2551 492 2604 Ἀνεψιοῖς
518 2551 702 2607 (ἀνεψιὸς
721 2552 776 2608 A)
796 2559 872 2596 κτλ.
918 2560 955 2595 2.
981 2557 1078 2595 δεῖτε
1097 2557 1145 2595 A.
1177 2553 1260 2595 ἀλλ’
1289 2555 1487 2595 ἀποσείειν
1514 2554 1686 2595 αὐτόθεν
1707 2555 1856 2606 Bentl]

300 2612 395 2651 ἀλλὰ
414 2614 566 2652 ποδιειν
586 2614 706 2653 αυτόν
721 2616 1034 2666 A.Phot.639,4
1055 2614 1197 2665 φανός·
1219 2614 1373 2665 λαμπὰς
1391 2612 1416 2666 ἡ
1438 2614 1480 2654 ἐκ
1495 2615 1712 2666 κλημάτων.
1733 2614 1859 2662 οὕτως

300 2670 549 2724 Μένανδρος.
610 2674 849 2714 Bachmann.
880 2676 1027 2714 Anecd.
1059 2675 1078 2713 I
1111 2676 1217 2725 403,·
1245 2677 1293 2712 11
1329 2673 1472 2724 φανός·
1509 2673 1664 2725 λαμπὰς
1695 2673 1738 2714 ἐκ
1766 2677 1860 2726 κλη-

301 2730 444 2781 μάτων.
505 2731 628 2779 οὕτως
665 2731 915 2784 Μένανδρος.
977 2734 1162 2772 Eustath.
1202 2734 1334 2783 1571,
1373 2735 1398 2772 3
1436 2732 1478 2772 τὸ
1520 2734 1668 2784 φανίον
1707 2732 1750 2772 ἐκ
1787 2739 1859 2773 τοῦ

301 2795 434 2839 φανοῦ
465 2791 713 2844 παράγωγον,
746 2787 794 2832 οὗ
825 2790 850 2843 ἡ
884 2798 1017 2844 χρῆσις
1041 2791 1149 2844 παρὰ
1179 2791 1420 2847 Μενάνδρῳ.
1452 2813 1501 2819 -
1531 2794 1580 2831 cf.
1600 2793 1773 2833 Nicostr.
1791 2795 1857 2831 22.

299 2850 366 2887 fax
397 2852 483 2888 erat
508 2863 632 2900 aquae
658 2853 791 2900 plena:
823 2853 958 2902 itaque
989 2865 1069 2890 non
1094 2852 1251 2890 concuti
1276 2864 1364 2889 eam
1390 2852 1612 2902 oportebat,
1644 2854 1690 2891 ut
1720 2853 1856 2903 fulgor

302 2908 553 2958 excitaretur,
584 2910 651 2947 sed
684 2923 828 2960 aquam
859 2911 1000 2950 excuti.

1892 0 1926 28 μς,

1926 0 1988 51 ’ὺὲ

1962 18 1987 69 ,5,

2007 51 2011 53 ν
1996 0 2014 26 -Ἴ
