2014 3334
293 241 314 282 1
323 240 379 282 32
936 243 1232 277 MENANAPOT

413 356 449 392 1.
483 348 620 403 equam
658 353 795 392 stolidi
827 355 920 392 sunt
957 354 1184 404 philosophi
1223 350 1307 406 quj'
1342 357 1416 394 eet.
1498 357 1534 395 3.
1567 354 1660 394 ὅταν
1691 354 1787 411 τύχῃ
1818 358 1866 396 ut

293 413 460 453 Philem.
496 415 561 451 16.
611 412 715 451 Men.
750 414 844 452 178.
917 414 953 452 5.
988 413 1243 454 Timotheum
1280 415 1494 465 pinxerant
1532 415 1684 454 inimici
1719 414 1866 466 κοιμώ-

290 486 426 522 μενον,
458 469 529 521 τὴν
562 468 604 509 δὲ
641 470 772 523 Τύχην
799 470 867 518 τὰς
892 471 1024 519 πόλεις
1050 472 1194 529 δικτύῳ
1219 473 1548 526 περιβάλλουσαν.
1580 475 1686 513 Plut.
1707 474 1806 514 Sull.
1828 476 1865 514 6.

1034 589 1119 631 461

889 669 944 725 ἢν
977 671 1033 713 ἄν
1065 688 1126 721 τις
1156 671 1282 727 ὑμῶν
1313 674 1494 715 παιδίον

532 739 711 798 ᾐτήσατ’
749 741 776 796 ἢ
808 741 1034 798 κέχρηκεν,
1067 743 1226 798 ἄνδρες
1257 745 1527 797 γλυκύτατοι.

411 829 552 867 Suidas
603 827 860 878 αἰτήσασθαι·
916 827 958 868 τὸ
1008 828 1241 880 χρήσασθαι.
1334 827 1576 882 Μένανδρος
1623 831 1746 884 Τιτθῇ
1789 832 1866 868 κτλ.

293 889 467 927 Zonaras
502 889 554 926 95
601 885 859 938 αἰτήσασθαι·
904 886 946 927 τὸ
983 887 1217 940 χρήσασθαι.
1267 887 1413 941 ἀνδρὸς
1451 889 1590 940 τίτθην
1623 884 1668 943 (i.
1688 902 1720 929 e.
1751 886 1866 928 Μέν-

290 948 437 999 ανδρος
461 944 604 1001 Τίτθῃ)
626 944 677 997 ἣν
704 944 755 986 ἅν
780 950 860 987 κτλ.
893 951 1013 998 atque
1038 945 1092 998 ἣν
1119 948 1242 987 etiam
1267 946 1329 986 *V
1354 949 1458 987 Med.
1485 948 1596 987 Suid.
1663 951 1698 988 1.
1722 945 1774 1000 ἢν
1793 945 1863 999 ἄν]

289 1004 367 1057 ἤδη
390 1006 431 1045 C.
451 1007 495 1046 F.
515 1007 732 1046 Hermann.
783 1006 824 1046 εἴ
849 1007 958 1047 Pors.
979 1007 1081 1046 Adv.
1103 1009 1200 1046 292.
1231 1006 1412 1058 παιδίον]
1447 1007 1642 1047 λοπάδιον
1660 1008 1865 1048 Herwerd.

288 1067 388 1106 Nov.
422 1066 511 1105 add.
544 1066 631 1105 crib.
664 1068 733 1106 40.
784 1069 826 1106 ab
859 1066 971 1106 Caec.
1004 1066 1106 1105 Stat.
1139 1067 1264 1105 Titth.
1295 1071 1313 1106 1
1357 1080 1455 1116 quae
1484 1080 1562 1107 non
1586 1069 1739 1117 peperit
1769 1069 1866 1106 lacte

288 1139 366 1165 non
391 1127 511 1164 habet.
563 1126 611 1164 cf.
633 1126 753 1165 etiam
789 1128 825 1165 3.
858 1128 897 1165 4.
929 1127 1066 1177 itaque
1099 1126 1305 1165 subditum
1329 1128 1519 1175 infamem
1551 1127 1769 1179 significari
1795 1127 1862 1166 ad-

288 1188 414 1235 paret.
478 1187 515 1224 2
546 1184 778 1237 γλυκύτατοι
804 1186 951 1235 optime
978 1186 1164 1225 convenit
1188 1186 1263 1225 tali
1288 1186 1448 1225 mulieri
1481 1187 1639 1236 qualem
1665 1186 1864 1226 nutricem

288 1245 411 1284 fuisse
448 1245 594 1296 fingas:
640 1245 747 1296 quod
786 1258 927 1284 moneo
965 1248 1106 1285 contra
1143 1245 1461 1297 Beinhardyum.
1526 1246 1725 1286 sementia
1765 1246 1864 1285 haec

288 1305 371 1343 fere
398 1304 556 1345 videtm
587 1304 729 1344 fuisse:
760 1318 850 1343 1··a10
882 1305 1063 1344 invenias
1089 1305 1298 1345 mulierem
1331 1318 1434 1357 quae
1464 1319 1544 1345 non
1569 1296 1764 1345 infantem
1793 1305 1863 1344 ali-

289 1364 447 1414 quando
481 1365 667 1403 mutuum
699 1365 770 1403 aut
810 1364 1015 1416 rogaverit
1053 1366 1125 1403 aut
1157 1364 1324 1404 dederit.
1387 1365 1509 1404 verba
1547 1366 1745 1416 quomodo
1783 1365 1865 1404 sint

288 1423 538 1463 restituenda
568 1423 712 1463 nescio.
749 1445 797 1450 —
834 1425 882 1463 cf.
916 1425 1015 1463 476.

933 1538 1217 1573 ΤΡΟΦΩΝΙΟΣ

409 1612 467 1652 Cf.
500 1626 602 1664 quae
635 1614 685 1653 ad
718 1613 873 1653 Cratini
907 1615 1170 1663 Trophonium
1202 1615 1447 1653 adnoisantur
1477 1614 1497 1652 I
1532 1616 1598 1654 79.

1028 1743 1116 1785 462

503 1822 632 1874 ξένου
663 1825 712 1866 τὸ
746 1825 929 1867 δεῖπνόν
961 1824 1081 1867 ἐστιν
1112 1825 1341 1880 ὑποδοχῆς.
1407 1827 1455 1866 Β.
1487 1826 1627 1874 τίνος;

471 1922 473 1924 -
500 1895 724 1947 ποδαποῦ;
760 1895 961 1952 διαφέρει
992 1902 1052 1955 τῷ
1085 1898 1277 1952 μαγείρῳ
1309 1901 1442 1937 τοῦτο
1474 1896 1575 1951 γάρ·

501 1961 596 2008 οἷον
627 1967 675 2008 τὰ
705 1967 941 2022 νησιωτικὰ
971 1965 1098 2009 ταυτὶ
1130 1967 1336 2023 ξενύδρια

502 2037 550 2079 ἐν
581 2038 853 2093 προσφάτοις
885 2039 1110 2094 ἰχθυδίοις
1140 2036 1423 2093 τεθραμμένα

460 2120 479 2148 5
501 2107 574 2150 καὶ
605 2110 919 2163 παντοδαποῖς,
951 2117 1044 2160 τοῖς
1075 2109 1248 2165 ἁλμίοις
1279 2106 1360 2164 μὲν
1392 2107 1445 2150 οὐ
1476 2107 1593 2150 πάνυ

500 2176 709 2234 ἁλίσκετ’,
743 2179 838 2223 ἀλλ’
877 2180 991 2223 οὕτω
1023 2178 1253 2236 παρέργως
1283 2179 1480 2221 ἅπτεται·

499 2251 575 2300 τὰς
608 2247 649 2292 δ’
686 2251 976 2301 ὀνθυλεύσεις
1006 2249 1080 2293 καὶ
1111 2251 1164 2292 τὰ
1195 2249 1549 2308 κεκαρυκευμένα

499 2325 667 2376 μᾶλλον
699 2320 1005 2378 προσεδέξατ’·
1053 2320 1308 2378 Ἀρκαδικὸς
1338 2321 1602 2364 τούναντίον

500 2392 747 2443 ἀθάλαττος
778 2393 827 2435 ἐν
858 2400 950 2442 τοῖς
982 2393 1210 2443 λοπαδίοις
1242 2392 1481 2435 ἁλίσκεται·

436 2475 477 2505 10
495 2460 687 2514 Ἰωνικὸς
717 2464 928 2516 πλούταξ·
967 2463 1226 2514 ὑποστάσεις
1256 2471 1385 2518 ποιῶ,

497 2535 767 2590 κάνδαυλον,
799 2535 1156 2590 ὑποβινητιῶντα
1187 2535 1406 2592 βρώματα.

403 2622 633 2662 Athenaeus
667 2623 857 2672 4,132e
901 2619 1144 2673 Μένανδρος
1176 2620 1218 2661 ἐν
1252 2622 1470 2678 Τροφωνίῳ
1501 2624 1577 2661 κτλ.
1639 2624 1852 2663 v.10.11

284 2682 390 2719 idem
420 2683 484 2731 12,
518 2682 643 2721 517a
683 2676 945 2735 (μνημονεύει
974 2686 1044 2720 τοῦ
1075 2679 1324 2732 κανδαύλου)
1358 2679 1600 2733 Μένανδρος
1636 2681 1854 2737 Τροφωνίῳ

282 2743 359 2779 κτλ.
421 2754 458 2779 v.
493 2743 548 2780 10
580 2742 724 2780 Pollux
757 2743 793 2791 6,
829 2743 883 2780 60
921 2740 966 2779 αἱ
997 2738 1039 2780 δὲ
1070 2739 1241 2791 περιτταὶ
1279 2741 1483 2780 σκευασίαι
1513 2738 1810 2788 ὀνθυλεύσεις.

283 2799 512 2849 ἐκαλοῦντο,
543 2798 596 2847 ὥς
609 2799 730 2875 επαρὰ
749 2800 981 2856 Μενάνδρῳ
1007 2800 1052 2839 αἱ
1078 2798 1382 2851 ὑποστάσεις,
1413 2799 1538 2851 ζωμὸς
1562 2799 1689 2852 παχὺς
1714 2798 1851 2872 ἀμύλῳ

281 2858 546 2912 πηγνύμενος.
609 2857 823 2899 iusculum
861 2861 1039 2899 admixta
1064 2860 1206 2899 farina
1243 2862 1364 2908 faecis
1393 2862 1520 2899 instar
1551 2854 1851 2933 cssonsffipatum'

281 2919 399 2957 Mein.
432 2919 533 2958 Iren.
567 2919 675 2959 Socr.
705 2920 812 2959 Hist.
851 2921 944 2959 eccl.
976 2921 1020 2971 3,
1061 2922 1083 2959 7
1118 2934 1154 2969 p.
1190 2921 1271 2959 176
1318 2916 1518 2972 (σημαίνει
1555 2934 1580 2969 η
1619 2913 1850 2972 ὑπόστασις)
