2014 3334
264 250 356 296 '588
638 244 641 249 ’
916 220 1176 290 immanem

995 387 1107 430 1084

553 449 736 502 μοχλίον

388 532 535 571 Pollux'
566 535 631 583 10,
666 535 747 573 147
780 537 860 580 τοῖς
891 532 1140 585 τοιχωρύχοις
1170 538 1283 573 τοῦτο
1315 530 1594 585 προστιθέασιν
1626 532 1668 573 οἱ
1693 547 1832 590 κωμῳ-

268 590 450 630 διοποιοί.
500 593 660 642 proprie
692 595 752 631 est
783 591 998 643 οἰκοδόμου
1031 597 1181 640 σκεῦος.
1821 592 1836 606 “

994 732 1106 775 1085

551 790 736 841 Μύλλος

386 875 551 927 ποιητὴς
583 875 646 916 ἐπὶ
676 877 804 933 μωρίᾳ
833 876 1159 933 κωμῳδούμενος.
1192 877 1368 917 Photius.
1413 876 1572 925 Λύλλος
1602 878 1685 917 cod.
1710 899 1758 905 —
1783 878 1832 918 cf.

268 937 385 975 Mein.
418 937 437 974 I
471 938 537 976 26.
562 939 597 976 7.
658 937 839 976 Dindorf.
873 938 987 976 Thes.
1019 938 1045 976 1.
1078 951 1137 987 gr.
1176 937 1340 976 Usener,
1372 938 1471 976 Mus.
1504 937 1629 976 Rhen.
1660 937 1832 976 XXVIII

267 997 365 1035 423.
415 996 693 1035 Wilamowitz.
726 997 859 1036 Herm.
886 997 1007 1035 VIIII
1039 998 1123 1036 338
1141 1009 1196 1046 sq.

994 1137 1108 1180 1086

550 1196 775 1251 ναιδαμῶς

385 1279 564 1321 ἐναντίον
596 1284 649 1338 τῷ
681 1281 867 1333 οὐδαμῶς
897 1282 1132 1333 Hesychius.
1165 1282 1287 1321 ναειδ.
1320 1282 1403 1321 cod.
1437 1290 1497 1308 -'
1528 1281 1645 1320 indic.
1675 1282 1830 1320 Nauck.

267 1341 413 1380 comice
445 1342 581 1380 fichum
614 1344 686 1382 est.
737 1342 922 1381 similiter
941 1341 1191 1381 Democritus
1216 1344 1269 1397 τῷ
1294 1339 1413 1381 οὐδέν
1440 1341 1665 1391 opponebat
1689 1339 1730 1380 τὸ
1754 1338 1832 1380 δέν.

994 1482 1104 1524 1087

549 1543 780 1596 νεοπεινής

385 1626 559 1666 Cramer.
591 1627 742 1667 Anecd.
774 1628 864 1666 Par.
896 1628 978 1666 IIII
1014 1629 1114 1677 186,
1149 1629 1201 1666 16
1247 1625 1289 1665 ἐν
1325 1631 1371 1680 τῇ
1409 1625 1596 1681 κωμῳδίᾳ
1634 1623 1654 1665 ὁ
1691 1623 1829 1664 νεωστὶ

265 1691 423 1725 πεινῶν.
473 1684 704 1738 νεοπένης
733 1687 854 1726 Mein.
886 1688 984 1726 conl.
1017 1687 1187 1726 Bekker.
1220 1686 1367 1724 Aneed.
1395 1687 1463 1736 52,
1491 1687 1544 1724 18
1577 1684 1830 1732 νεόπλουτος·

265 1743 306 1783 τὸ
339 1743 380 1784 δὲ
412 1744 600 1797 νεοπένης
631 1746 811 1786 σπάνιον.

994 1850 1105 1892 1088

548 1909 880 1964 νηπτικωτοὲτην

383 1993 528 2045 νήφειν
559 2000 766 2034 ποιοῦσαν.
799 1995 1033 2045 Hesychius.
1078 1995 1197 2034 aliter
1228 1995 1333 2033 Plut.
1366 1995 1463 2034 Mor.
1500 1996 1617 2034 709b
1655 1996 1830 2050 νηπτικῷ

266 2053 422 2106 ἐπάγων
454 2053 687 2101 πολυπότας.

991 2135 1103 2177 1089

549 2196 793 2250 νοσακερόν

384 2281 525 2319 Pollux
553 2283 593 2330 3,
623 2282 703 2319 105
737 2279 778 2319 τὸ
805 2296 839 2319 ν.
867 2279 1032 2331 ἐσχάτως
1064 2278 1249 2331 κωμικόν.
1297 2279 1466 2329 Hesych.
1499 2277 1726 2330 νοσακερός·
1762 2293 1831 2317 νο-

266 2338 410 2390 σώδης,
424 2339 628 2392 τρυφερός,
643 2339 814 2391 μαλακός
830 2337 931 2393 (cod.
948 2334 1199 2393 νοσακέρως).
1226 2341 1288 2378 est
1300 2339 1422 2378 esaiam
1441 2338 1545 2388 apud
1559 2337 1830 2387 Aristotelem.

995 2479 1108 2522 1090

549 2536 813 2594 νωδογέρων

384 2625 528 2663 Pollux
561 2626 598 2674 2,
634 2626 698 2664 16.
749 2625 797 2664 ef.
832 2626 928 2664 860.

994 2728 1074 2770 109
1082 2729 1102 2770 1

557 2786 807 2842 ξυλοκύμβη

386 2874 624 2912 Eusbathius
646 2875 743 2924 584,
765 2875 818 2912 28
851 2871 893 2912 τὸ
920 2878 1084 2924 σκῶμμα
1110 2872 1154 2920 ξ.,
1186 2871 1396 2924 λεγόμενον
1427 2870 1491 2911 ἐπὶ
1520 2876 1735 2924 γυναικῶν,
1767 2866 1829 2918 αἷς

270 2931 358 2973 οὔτε
389 2932 530 2980 κάλλος
562 2931 735 2972 ἐπανθεῖ
759 2930 848 2972 οὔτε
881 2931 1101 2984 σύμμετρον
1132 2929 1310 2984 μέγεθος.
