2014 3334
219 225 307 268 472
620 251 623 255 »
877 226 1136 260 Ammon

222 351 260 377 n.
279 351 333 376 XI.
396 340 433 376 1.
466 334 516 375 ἂν
537 335 672 387 Mein.]
705 334 775 376 ε’ὰν
794 337 839 376 L.
873 336 1035 392 διορύξῃ
1056 334 1188 387 Β]11).]
1221 335 1367 391 διορίζῃ
1387 336 1432 376 L.
1481 332 1635 387 βωμὸν]
1660 338 1789 388 τοῖχον

222 397 367 436 Naber.
408 397 551 435 Mnem.
592 409 682 435 nov.
715 396 814 434 VIII
851 397 950 436 433.
1032 397 1069 434 2.
1114 394 1301 450 διατράγῃ
1345 393 1473 445 Sylb]
1520 394 1706 449 διατραγῇ
1744 395 1790 434 L.

222 455 404 497 θύλακον
441 453 623 505 Person]
669 454 866 506 λυκήθιον
897 455 942 494 L.
990 467 1199 505 perperam
1240 453 1437 505 ληκύθιον
1476 454 1584 505 Sylb.
1665 456 1702 494 3.
1740 451 1792 493 ἂν

223 511 288 566 ἐφ’
333 528 446 554 anon.
487 515 712 554 Zimmcrm.
743 527 833 553 ann.
867 516 992 565 1835,
1026 513 1100 564 91]
1146 512 1215 553 ἐὰν
1258 511 1336 553 ἀπὸ
1367 514 1411 552 L.
1497 515 1536 552 4.
1573 510 1790 564 τνθέμενοι]

226 572 421 625 τιθέμεθα
453 573 589 613 Cobet.
621 574 670 612 N.
695 575 721 614 1.
750 575 846 614 175.
896 574 964 613 sed
996 574 1155 613 videtur
1187 574 1357 623 abrupta.
1387 585 1472 612 esse
1504 572 1645 611 oratio.
1687 586 1793 620 τινος

223 632 274 684 L]
306 647 408 680 τινες
434 633 557 684 sylb„
587 633 701 672 nulla
730 633 980 672 necessitate.
1014 654 1071 659 -—
1103 633 1150 671 cf.
1186 633 1281 672 350.

344 688 476 731 ‘Bion'
516 693 622 742 apud
660 691 781 731 Olem.
815 692 910 731 ibid.
944 688 996 730 ετί
1025 689 1067 730 δὲ
1097 689 1181 743 καὶ-
1200 689 1451 742 θαυμαστόν,
1492 690 1528 730 εἰ
1563 687 1583 730 ὁ
1614 695 1690 741 μῦς
1725 688 1794 730 τὸν

223 751 405 791 θύλακον
452 749 669 804 διέτραγεν,
714 750 785 803 οὐχ
828 749 956 805 εὑρὼν
995 750 1016 790 ὅ
1046 765 1080 789 τι
1121 749 1247 806 φάγῃς
1292 751 1489 800 Theophr.
1521 749 1704 788 Charact.
1739 751 1791 789 16

225 810 295 851 ἐὰν
334 815 410 862 μῦς
445 810 627 850 θύλακον
651 841 659 849 .
693 841 702 850 .
726 810 922 866 διαφάγῃ,
963 809 1060 862 πρὸς
1094 808 1162 849 τὸν
1198 807 1390 862 ἐξηγητὴν
1420 806 1551 848 ἐλθὼν
1581 807 1729 861 ἐρωτᾶν
1758 808 1798 848 τί

226 868 297 922 χρὴ
330 866 485 909 ποιεῖν’
506 870 669 909 Porson.
715 869 794 909 Cic.
820 870 879 909 Dc
912 870 1032 909 divin.
1060 871 1098 919 2,
1126 872 1179 908 27
1212 881 1283 908 nos
1314 872 1440 908 autem
1470 870 1526 908 ita
1551 870 1648 907 leves
1678 872 1713 907 et
1734 870 1794 907 in-

227 931 457 969 considerati
486 942 638 974 sumus,
669 933 712 968 ut
742 932 776 969 si
805 942 935 968 mures
966 931 1201 968 conroserim
1231 929 1390 976 aliquid,
1422 940 1584 976 quorum
1616 931 1671 966 est
1699 939 1796 976 opus

225 991 293 1028 hoc
327 1001 468 1034 unum,
506 992 720 1028 monstrum
749 992 943 1037 putemus.
983 983 1175 1040 (Potter.)
1208 988 1250 1026 in
1279 987 1490 1026 Menandri
1519 987 1566 1025 fr.
1588 987 1673 1026 534
1704 988 1797 1037 post

231 1062 264 1088 v,
289 1050 339 1087 11
374 1048 570 1088 insertum
602 1048 652 1087 ad
672 1047 956 1099 Δεισιδαίμονα
981 1047 1105 1086 refert
1123 1047 1328 1086 Hei-werd.
1346 1046 1464 1085 Anal.
1483 1046 1571 1085 crit.
1592 1047 1660 1086 38.
1681 1047 1718 1086 9.
1740 1067 1795 1072 -

227 1108 413 1158 antiquae
438 1108 537 1147 hacc
568 1121 648 1147 non
677 1108 808 1146 minus
841 1120 959 1159 quam
990 1119 1117 1147 novae
1148 1106 1374 1146 comoediae
1406 1118 1493 1145 esse
1517 1107 1696 1156 possunt.
1747 1106 1796 1144 cf.

228 1167 352 1207 Arist.
385 1167 461 1207 Av.
497 1169 591 1208 720.
617 1169 653 1206 1.

969 1246 1056 1288 342

658 1362 667 1371 .
730 1330 894 1379 ἄλλους
925 1326 974 1371 δὲ
1005 1329 1187 1385 πλήρεις
1217 1327 1473 1384 κραιπάλης,

444 1399 717 1455 αὐχμῶντας,
750 1400 1001 1455 ὠχριῶντας
1032 1400 1152 1441 ἔστιν
1185 1400 1381 1454 εἰσορᾶν,

443 1472 496 1513 τὰ
526 1472 740 1527 πρόσωπα
772 1472 1003 1521 πελιτνοὺς
1034 1468 1139 1512 κάπὶ
1169 1476 1221 1526 τῇ
1253 1474 1440 1526 χθεσινῇ
1471 1468 1587 1526 με’θῃ

444 1542 583 1597 ἄλλην
615 1541 758 1584 ἕωθεν
790 1538 924 1592 αὖθις
955 1541 1224 1592 ἀντλοῦντας
1255 1539 1411 1596 μέθην.

351 1629 534 1682 Clemens
567 1628 680 1667 Alex.
700 1628 819 1667 Paed.
842 1631 879 1680 2,
901 1631 938 1678 2,
960 1630 1013 1667 26
1047 1625 1190 1674 ἄλλους
1222 1626 1264 1666 δὲ
1296 1623 1414 1681 (ὁρᾶν
1446 1621 1567 1680 ἔστιν)
1587 1629 1649 1665 πλ.
1669 1641 1728 1679 κρ.
1750 1647 1796 1652 -

232 1686 321 1740 ὠχρ.
347 1686 392 1726 τὰ
418 1701 483 1740 πρ.
503 1686 713 1734 πελιδνοὺς
738 1685 804 1726 καὶ
823 1686 877 1726 ἔτι
907 1692 952 1742 τῇ
984 1688 1098 1741 χθιζῇ
1119 1702 1158 1738 μ.
1177 1684 1299 1737 ἄλλην
1331 1686 1386 1733 εἰς
1411 1684 1461 1725 ἕω
1494 1679 1615 1733 αὖθις
1643 1683 1800 1724 ἀναντλ.

232 1763 270 1799 μ.
320 1749 370 1787 cf.
404 1748 501 1786 375.
534 1769 588 1774 —
624 1749 662 1787 3.
694 1745 912 1797 πελιτνούς,
944 1748 991 1785 ut
1021 1746 1178 1785 Alexid.
1213 1748 1309 1795 110,
1344 1749 1410 1786 17.

972 1884 1058 1928 343

448 1968 471 2011 ὁ
505 1964 546 2011 δ’
583 1967 675 2011 οὔτ’
713 1969 826 2023 ἄγαν
858 1968 1060 2011 ὀπτοῖσιν
1091 1966 1194 2011 οὔθ’
1231 1966 1391 2023 ἑφθοῖς
1421 1968 1550 2023 ἄγαν,

450 2037 553 2082 οὔθ’
590 2035 723 2094 ἧττον
755 2039 857 2082 οὔτε
888 2043 1057 2095 μᾶλλον
1090 2039 1192 2082 οὔτε
1225 2039 1299 2081 διὰ
1329 2037 1468 2094 μέσου

448 2110 733 2168 ἠρτυμένοισι
764 2113 931 2167 χαίρων
963 2106 1065 2153 ὥστ’
1101 2108 1339 2153 ἐπαινέσαι.

356 2199 598 2237 Plutarchus
618 2198 717 2237 Mor.
738 2198 857 2237 461b
890 2198 1021 2248 μεῖζον
1054 2193 1172 2240 οὐδὲν
1198 2194 1376 2243 εὐκολίας
1406 2194 1473 2235 καὶ
1497 2193 1680 2245 ἀφελείας
1710 2193 1802 2245 ε’φό-

237 2257 324 2297 διον
357 2257 410 2304 εἰς
441 2255 664 2312 πρᾳότητα.
692 2287 701 2296 .
728 2287 737 2296 .
754 2258 807 2312 τῷ
825 2287 833 2295 .
860 2287 868 2295 .
896 2254 975 2307 ,μὴ
1010 2254 1182 2311 δεομένῳ
1220 2257 1375 2294 πολλῶν
1414 2253 1482 2294 καὶ
1511 2259 1696 2305 περιττῶν
1726 2256 1804 2294 κτλ.

237 2320 273 2355 2.
319 2315 416 2355 ἀλλὰ
459 2314 525 2355 διὰ
568 2314 688 2367 μέσου
721 2316 895 2367 Madvig.
929 2316 1094 2355 Advers.
1133 2315 1219 2355 crit.
1252 2314 1272 2352 I
1306 2316 1402 2354 640.
1489 2316 1527 2354 3.
1571 2310 1804 2366 ἠρτυμένοις

237 2375 387 2427 ἔχαιρεν
418 2376 537 2415 Mein.

977 2466 1064 2508 344

451 2551 740 2606 πλευρίτιδες,
772 2550 1150 2606 περιπλευμονίαι,
1183 2548 1446 2603 φρενίτιδες,

452 2623 784 2677 στραγγουρίαι,
818 2621 1108 2675 δυσεντερίαι,
1141 2617 1395 2674 ληθαργίαι,

452 2691 692 2747 ἐπιληψίαι,
725 2693 979 2747 σηπεδόνες,
1011 2691 1122 2733 ἄλλα
1154 2691 1300 2746 μυρία.

358 2778 610 2828 Hipparchus
631 2779 802 2829 Pythag.
824 2779 932 2817 Stob.
953 2777 1089 2816 Floril.
1114 2777 1210 2826 108,
1231 2778 1282 2814 81
1324 2774 1474 2828 πρᾶτόν
1504 2771 1540 2827 γ’
1575 2771 1806 2825 ἐπένθωμεν

242 2835 304 2876 ἐπὶ
323 2835 368 2876 τὰ
387 2837 658 2889 συμβαίνοντα
688 2836 794 2889 περὶ
823 2835 871 2876 τὸ
904 2842 1032 2887 σῶμα
1052 2838 1129 2874 κτλ.
1178 2835 1371 2874 indicavit
1389 2835 1543 2873 Nauck.
1557 2834 1701 2873 Philol.
1721 2833 1804 2872 IIII

244 2897 337 2936 359.
407 2899 440 2935 1.
474 2897 692 2950 φρενίτιὸες
713 2895 880 2946 Nauck]
919 2895 1154 2948 φρενίτιδες,
1186 2893 1393 2947 ποδάγραι.
1443 2892 1712 2945 νεφρίτιδες
1743 2893 1805 2944 K,
