2014 3334
896 222 996 255 ΤΗΣ
1022 222 1151 256 ΝΕΑΣ
1729 220 1818 263 455

983 354 1070 398 255

521 439 583 490 εἰς
614 438 811 482 τούπίσω
844 439 921 491 τὰς
952 445 1100 495 χεῖρας
1133 437 1504 495 ἐστρεβλούμεθα.

352 526 575 578 Alciphron
607 528 646 578 3,
679 528 747 578 43,
779 528 819 566 4.

985 618 1072 662 256

520 702 615 749 ἀλλ’
652 704 707 748 οὐ
739 703 1035 759 Λακεδαίμων
1065 698 1123 758 ἦν
1155 702 1203 747 ἐν
1235 696 1263 759 ᾖ
1293 701 1425 746 ταῦθ’
1461 702 1695 759 ὑπέμενον.

352 795 573 846 Alciphron
605 795 643 844 3,
677 794 745 843 54,
778 793 804 831 4
837 786 921 830 ἀλλ’
957 787 1031 830 οὐκ
1062 784 1114 842 ἦν
1145 793 1197 830 Λ.

982 906 1068 950 257

519 995 612 1053 ἥρω
645 994 894 1051 παριόντες,
926 991 985 1048 μὴ
1018 992 1156 1034 κακόν
1186 1005 1228 1033 τι
1259 990 1526 1047 προσλάβῃς.

354 1084 574 1135 Alciphron
595 1084 634 1133 3,
661 1083 730 1129 58,
756 1083 780 1120 3
813 1077 924 1132 τρέμε
957 1073 1101 1133 (τρέχε)
1135 1076 1315 1118 ἐνδακὼν
1347 1076 1389 1117 τὸ
1421 1081 1561 1130 χεῖλος,
1594 1077 1647 1126 ὡς
1679 1078 1722 1119 οἱ
1748 1077 1817 1118 τὸν

233 1142 410 1199 Σιγηλὸν
441 1146 519 1183 κτλ.
580 1143 753 1183 fortasse
786 1140 908 1180 etiam
939 1139 1076 1190 priora
1100 1140 1244 1189 poetae
1277 1140 1388 1178 sunt:
1420 1162 1480 1180 ο-
1499 1135 1598 1192 τρὲχ’
1634 1137 1816 1179 ἐνδακὼν

234 1204 275 1245 τὸ
314 1207 460 1257 χεῖλος,
498 1202 628 1255 ὥσπερ
666 1201 709 1242 οἱ
731 1197 739 1255 Ι
765 1202 844 1240 κτλ.
899 1199 948 1239 de
985 1200 1143 1239 heroum
1177 1199 1386 1238 iracundia
1417 1200 1466 1238 cf.
1499 1200 1683 1239 Menand.
1716 1201 1816 1240 459.

233 1265 357 1305 Arist.
390 1264 465 1305 Av.
500 1264 627 1303 1492.
659 1263 706 1302 fr.
741 1263 837 1301 692.

983 1363 1068 1407 258

521 1450 700 1495 δέδοικα
731 1449 850 1505 κάγὼ
875 1450 960 1504 βτὰς
992 1447 1194 1504 ὑφάλους
1224 1449 1302 1499 τὰς
1333 1454 1410 1504 τῆς
1440 1449 1585 1504 τύχης.

327 1532 332 1535 μ
352 1541 546 1581 Libanius
566 1540 649 1578 IIII
671 1540 768 1588 212,
790 1539 857 1577 21.
891 1537 1064 1576 alterum
1083 1534 1151 1583 τὰς
1171 1536 1260 1575 add.
1294 1534 1363 1583 τὰς
1382 1533 1564 1587 ὑφάλους
1588 1549 1640 1576 so.
1661 1533 1814 1589 πέτρας.

981 1664 1067 1708 259

520 1749 593 1809 ἐμὲ
625 1744 809 1794 παιδιὰν
832 1748 1012 1792 τέθεικε
1043 1755 1136 1799 τοῖς
1167 1750 1319 1799 ἄλλοις
1349 1753 1487 1799 θεοῖς.

354 1841 546 1881 Libanius
579 1839 660 1878 IIII
694 1840 793 1889 212,
826 1839 894 1876 22.
945 1835 1039 1883 ἴσως
1069 1834 1151 1875 πού
1184 1850 1231 1887 με
1263 1832 1314 1890 (ἡ
1346 1830 1487 1889 τύχη)
1520 1849 1560 1875 π.
1595 1857 1645 1863 -
1690 1840 1814 1884 θεοῖς.

234 1903 291 1942 ὅτι
317 1899 388 1954 μὲν
419 1899 494 1954 γὰρ
525 1902 605 1947 τοῖς
636 1896 884 1952 ἀνθρώποις,
916 1893 1046 1949 ὅρᾶτε’
1090 1898 1276 1949 γελῶντες
1309 1894 1357 1935 οὐ
1394 1900 1495 1949 γοῦν
1521 1891 1615 1948 (γὰρ
1648 1895 1698 1936 οὐ
1729 1893 1814 1950 W)

234 1961 510 2003 διαλελοίπατε.
559 1960 649 1999 fort.
671 1959 795 1998 abiam
814 1957 912 1997 haec
930 1956 1159 1996 comoediae
1180 1958 1292 1996 sunt:
1325 1954 1375 1996 οὐ
1400 1953 1475 2009 γὰρ
1493 1958 1569 2009 γελ.
1590 1954 1693 2008 τάμὰ
1713 1956 1813 2005 διαλ.

975 2085 1063 2128 260

466 2207 469 2210 .
520 2176 656 2229 ἴωμεν
688 2169 758 2214 ἐπὶ
788 2171 866 2221 τὰς
897 2171 1039 2220 οἰκίας
1069 2176 1159 2214 τῶν
1190 2170 1429 2212 πλουσίων.

352 2261 547 2301 Libanius
577 2259 659 2299 1111
693 2261 790 2310 237,
827 2261 891 2297 12.

981 2363 1064 2405 261

666 2483 674 2491 .
735 2447 810 2491 καὶ
839 2447 922 2502 τὴν
953 2442 1087 2489 Λαΐδ’
1123 2444 1221 2488 ἀντὶ
1253 2451 1333 2488 τοῦ
1366 2446 1477 2495 Διὸς

519 2523 765 2576 λογιεῖσθε;

355 2609 549 2648 Libanius
580 2608 619 2647 II
655 2609 751 2647 121.
775 2609 798 2646 2
833 2601 1021 2660 (Λαΐδα).
1079 2605 1198 2644 Lattdi
1229 2605 1386 2655 plaeere
1422 2604 1541 2643 malle
1574 2616 1694 2655 quam
1726 2603 1813 2644 Iovi

233 2672 352 2721 turpe
385 2682 470 2709 esse
501 2668 610 2708 dicit.

981 2747 1068 2789 262

520 2831 680 2886 ταύτης
711 2831 734 2874 ὁ
768 2833 938 2886 Μῶμος
969 2831 1153 2886 ἄχθεται
1183 2829 1501 2885 παρασφαλείς.

354 2896 597 2959 Ατίείῑειθῐιεὺ.
635 2921 672 2969 1,
706 2919 758 2958 12
791 2932 829 2969 p.
865 2919 947 2957 143
982 2917 1127 2956 Heroh.
1159 2914 1308 2967 ἀποσφ.
1342 2912 1433 2967 ἅχθ.
