2014 3334
717 258 923 295 ΑΔΗΑῼΝ
947 260 1209 296 ΔΡΑΜΑΤΩΝ
1665 260 1754 303 253

174 365 218 410 τὸ
247 366 499 422 ἐξαπατῆσαι.
537 368 663 418 οὕτως
689 367 945 425 Μένανδρος.
981 372 1152 412 Bekker.
1172 373 1321 413 Anecd.
1357 375 1455 425 241,
1486 375 1538 413 13
1572 372 1756 428 διαρτᾶν

174 431 347 482 πλανᾶν,
379 428 587 478 ἐξαπατᾶν.

911 512 1022 556 1007

462 570 674 628 δύσριγος

294 657 548 709 Phrynichus
591 659 699 710 Epit.
745 661 831 699 418
877 659 1143 699 Menandrum
1193 660 1335 699 acerbe
1385 662 1643 711 reprehendit
1688 659 1755 700 τὸν

118 712 121 713 ’
175 713 338 770 λέγοντα
373 721 683 772 μεσοπορεῖν,
720 717 787 758 καὶ
824 723 968 772 γῦρος
1006 713 1075 774 (of.
1110 714 1235 773 334),
1278 717 1344 758 καὶ
1378 719 1644 773 λήθαργος,
1687 719 1753 760 καὶ

176 775 444 829 σύσσημον,
482 777 548 818 καὶ
584 778 909 833 πορνοκόπος,
945 777 1013 818 καὶ
1043 776 1374 831 ὀψωνιασμός,
1412 779 1477 818 καὶ
1517 778 1754 830 ὀψώνιον,

171 834 240 876 καὶ
271 836 510 892 δύσριγος.
573 839 623 879 cf.
648 841 784 879 tamen
815 838 1025 891 Arisssoph.
1056 841 1106 879 fr.
1135 842 1189 880 92
1223 842 1264 879 et
1287 840 1458 879 Lobeok.
1487 841 1633 891 Phryn.
1655 843 1753 881 420.

0 948 9 1032 ξ
907 968 1021 1012 1008

0 1035 7 1068 i
455 1024 738 1085 Ἐλευθέριος

292 1115 590 1166 Harpocration
625 1118 691 1165 70,
726 1118 779 1156 16
826 1115 883 1156 ὅτι
928 1113 970 1155 δὲ
1003 1110 1144 1170 (Ζεὺς)
1185 1114 1463 1170 ἐπιγέγραπται
1494 1113 1567 1167 μὲν.
1597 1114 1755 1169 Σωτήρ,

173 1171 404 1227 ὀνομάζεται
442 1172 485 1214 δὲ
521 1174 588 1214 καὶ
621 1172 894 1229 Ἐλευθέριος,
932 1176 1054 1228 δηλοῖ
1083 1175 1151 1216 καὶ
1187 1174 1444 1230 Μένανδρος.
1507 1177 1556 1215 cf.
1589 1177 1673 1215 526
1715 1180 1756 1214 et

173 1234 339 1275 Preller.
371 1236 502 1287 Myth.
533 1231 612 1288 gr.2
643 1237 662 1274 I
699 1239 795 1277 117.
829 1238 912 1276 331
947 1250 986 1277 n.
1020 1238 1058 1276 3.

905 1363 1019 1406 1009

0 1476 5 1482 ι
460 1425 626 1480 ἔμπυος

293 1508 314 1551 ὅ
345 1510 553 1563 ἐμπυῖκός,
584 1510 692 1564 παρὰ
724 1510 967 1567 Μενάνδρῳ.
1011 1511 1250 1562 Hesychius.

0 1583 18 1702 ξ
907 1640 1021 1683 1010

460 1722 697 1779 ἐξανέψιοι,
729 1722 955 1776 ἐξανέψιαι

292 1811 436 1850 Pollux
469 1813 510 1862 3,
544 1813 598 1851 29
639 1810 682 1851 οἷ
709 1809 752 1851 ἐκ
782 1816 861 1850 τῶν
893 1809 1127 1861 ἀνεψιαδῶν
1159 1808 1341 1862 ἀλλήλοις
1378 1809 1584 1862 ἕξανέψιοί
1618 1825 1656 1850 τε
1687 1809 1754 1850 καὶ

173 1868 390 1921 ἕξανέψιαι.
439 1870 564 1928 τούτῳ
597 1868 639 1910 δὲ
669 1873 723 1928 τῷ
755 1868 918 1922 ὀνόματι
943 1868 993 1910 οὐ
1019 1870 1127 1910 πάνυ
1160 1868 1397 1927 τετριμμένῳ
1428 1869 1610 1924 κέχρηται
1637 1868 1753 1910 Μέν-

174 1930 332 1984 ανδρος.
381 1927 460 1970 ‘me
492 1931 622 1970 iudice
654 1928 858 1982 ἐξανέψιοι
887 1943 968 1970 non
999 1933 1171 1981 possum]
1202 1943 1288 1970 esse
1319 1931 1397 1970 nisi
1429 1930 1472 1970 oc
1500 1929 1539 1979 ἐξ
1571 1929 1752 1980 ἀνεψιῶν

172 1990 389 2044 γεγονότες,
421 1991 447 2030 i.
474 2005 506 2030 e.
532 1991 606 2030 filii
636 1986 848 2043 ἀνεψιῶν.’
897 1991 1050 2030 Nauck.
1076 1990 1202 2030 Arisiz.
1227 1991 1323 2042 Byz.
1355 2005 1393 2042 p.
1428 1993 1525 2030 144.

909 2119 989 2162 101
1000 2121 1018 2161 1

459 2179 767 2236 ἐπισημαίνειν

293 2266 463 2306 Photius
496 2251 704 2320 σημαίνειν
735 2265 802 2306 καὶ
831 2265 1123 2318 ἕπισημαίνειν·
1154 2264 1197 2306 τὸ
1224 2265 1410 2320 σφοδρῶς
1439 2264 1590 2316 αὐλεῖν,
1622 2265 1751 2318 ὥσπερ

174 2325 217 2366 οἱ
243 2327 484 2380 σαλπιγκταί.
546 2327 672 2376 οὕτως
703 2326 958 2380 Μένανδρος.

904 2456 985 2498 101
994 2456 1020 2498 2

459 2517 587 2572 ἔσχεν

293 2600 439 2654 ἐπέσχε.
488 2600 745 2657 Μένανδρος.
793 2602 974 2642 Phossius.

907 2731 1020 2774 1013

459 2813 728 2871 ἠγρηγόθδιν
758 2817 823 2854 καὶ
854 2813 1115 2872 ἐγρηγόρειν

175 2961 307 3012 prima
336 2974 519 3016 persona,
550 2974 627 3001 scr.
656 2955 932 3016 ἠ(ἐ)γρηγόρη.

294 2899 394 2953 φησὶ
437 2899 692 2955 Μένανδρος.
748 2901 918 2941 Photius
958 2903 1033 2952 59,
1073 2902 1111 2939 6.
1162 2896 1309 2953 (-ορεῖν
1351 2898 1411 2937 bis
1453 2893 1556 2952 cod.)
1604 2899 1637 2938 si
1688 2901 1750 2938 est
1827 2926 1831 2931 -
