2014 3334
254 251 340 293 466
632 246 635 249 ’
906 252 1166 285 ΑΔΕΣΠΟΤΑ

252 367 358 403 κλεῖν
389 362 539 415 ἔχοντες
563 367 631 414 τῆς
657 361 828 413 εἰσόδου,
858 362 1014 414 ψευδῆ
1051 361 1092 401 δέ
1123 378 1229 402 τινα.
1251 394 1258 401 .
1280 361 1531 403 .ἀντικλεῖδα.
1574 359 1600 413 ἡ
1626 361 1818 411 ἀντίκλεις

253 424 466 462 Herodian.
498 423 539 461 II
572 424 669 473 672,
704 424 756 461 18
790 423 888 475 (non
919 417 1139 477 ἀντικλείς).

996 538 1082 581 318

537 597 738 647 ἀντίπαις

372 684 514 722 Pollux
547 686 585 734 2,
619 686 642 722 9
687 680 868 732 παιδίον,
899 681 1135 734 παιδάριον,
1166 682 1374 730 παιδίσκος
1405 713 1414 722 .
1447 713 1456 722 .
1488 713 1497 722 .
1528 682 1595 722 καὶ
1625 681 1820 734 ἀντίπαις,

252 741 304 790 ὡς
335 742 377 782 οἵ
403 740 486 782 νέοι
517 741 711 799 κωμῳδοί.

541 882 704 938 ἀπφία,
737 881 905 936 ἀπφίον

371 970 514 1007 Pollux
538 971 576 1020 3,
599 970 652 1008 74
685 967 911 1019 φαυλοτάτη
943 963 968 1017 ἡ
994 964 1102 1019 παρὰ
1132 969 1212 1013 τοῖς
1236 964 1340 1014 νέοις
1365 967 1571 1023 κωμῳδοῖς
1596 966 1727 1019 ἀπφία
1751 967 1816 1007 καὶ

251 1027 404 1079 ἆπφίον
434 1026 500 1067 καὶ
519 1026 723 1079 ἀπφάριον
752 1024 965 1081 (Xenarch.
985 1028 1025 1079 4,
1048 1021 1134 1080 15),
1164 1023 1256 1073 νέας
1274 1026 1484 1077 δεσποίνης
1514 1025 1818 1079 ὑποκορίσματα.

994 1142 1081 1184 320

535 1203 718 1245 δεῖπνον

370 1290 635 1340 Etymologic.
666 1303 718 1327 m.
752 1290 848 1338 262,
882 1289 934 1326 38
981 1287 1143 1326 δεῖπνον
1175 1284 1196 1326 ὅ
1227 1285 1363 1340 καιρὸς
1393 1293 1461 1339 τῆς
1491 1293 1662 1339 τροφῆς,
1693 1286 1759 1327 καὶ
1789 1283 1815 1338 ’ἧ

250 1348 293 1388 ἐν
323 1348 460 1403 τοιῷδε
491 1350 615 1404 καιρῷ
648 1345 836 1399 διδομένη
869 1346 1008 1399 τροφή.
1058 1346 1100 1386 οἵ
1127 1343 1169 1385 δὲ
1200 1344 1366 1397 κωμικοὶ
1400 1346 1443 1386 οἵ
1469 1346 1650 1399 νεώτεροι
1680 1345 1815 1400 συγχέ-

250 1419 340 1448 ουσι
369 1407 437 1447 τὸν
468 1407 619 1460 καιρόν,
651 1404 907 1459 ἓσπερινὴν
938 1404 1121 1458 τροφὴν
1153 1406 1350 1445 δεῖπνον
1381 1403 1651 1458 ὀνομάζοντες.

991 1534 1075 1576 321

535 1595 879 1648 δειπνοπίθηκος

369 1679 390 1720 ὃ
423 1680 586 1719 δείπνου
624 1678 738 1719 ἕνεκα
774 1679 996 1729 πιθηκίζων
1033 1677 1099 1717 καὶ
1135 1677 1416 1718 ὑποθωπεύων
1453 1678 1618 1726 κόλακος
1657 1678 1814 1731 τρόπον.

250 1741 420 1779 Bckker.
446 1740 594 1778 Anccd.
621 1741 689 1790 34,
722 1742 787 1778 29.
839 1739 888 1778 cf.
921 1738 1210 1789 δημοπίθηκος.
1258 1751 1338 1777 non
1369 1738 1557 1788 antiquae
1588 1732 1832 1777 comoediae'

250 1803 321 1848 cst,
353 1803 400 1838 ut.
431 1799 653 1838 Meinekius
684 1798 888 1849 indicavit,
921 1798 990 1837 sed
1020 1811 1157 1837 novae.
1195 1799 1256 1836 cst
1287 1798 1392 1837 enim
1422 1811 1566 1837 nomen
1598 1798 1775 1848 parasiti.

992 1913 1078 1955 322

534 1975 873 2029 διαβασιλίζεται

366 2066 434 2112 τῆς
464 2060 662 2113 βασιλείας
693 2058 959 2100 ἀντιποιεῖται.
1019 2059 1190 2097 Bekker.
1221 2059 1370 2097 Anecd.
1403 2060 1499 2107 241,
1535 2060 1600 2098 14.

992 2175 1078 2216 323

533 2258 824 2317 εἰργασμένον
856 2255 1070 2314 (ἱμάτιον)

367 2347 509 2385 Pollux
544 2349 581 2396 7,
615 2348 682 2385 69.
731 2347 780 2384 cf.
814 2347 910 2384 328.
961 2340 1213 2396 ὠργασμένον
1245 2343 1361 2381 Mein.

989 2459 1077 2501 324

532 2518 867 2576 ἐμμακεδονίξαι

367 2606 589 2659 χρήσασθαι
609 2602 882 2660 (Μακεδόνων
901 2603 1058 2655 τρόποις
1078 2599 1364 2656 add.-Pearso).
1396 2603 1630 2655 Hesychius.
1662 2604 1810 2643 comice

248 2666 369 2704 etiam
401 2667 529 2705 forma
559 2667 674 2706 verbi
704 2666 967 2705 Macedonum
997 2664 1168 2702 dialecto
1199 2663 1533 2702 accommodatur.

982 2778 1069 2821 325

530 2840 830 2895 καψιδρώτιον

367 2926 507 2964 Pollux
542 2929 579 2977 7,
614 2929 663 2965 71
699 2925 741 2965 τὸ
773 2924 815 2964 ἐν
846 2930 891 2980 τῇ
923 2922 1020 2980 μέσῃ
1051 2923 1238 2980 κωμῳδίᾳ
1268 2932 1364 2975 καψ.
1414 2922 1715 2974 καλούμενον..
1733 2928 1810 2963 νῦν
