2014 3334
497 246 859 282 ΚΑΤΛΛΟΓΛΔΗΝ
884 246 1405 282 ΜΕΤΕΣΧΙΙΜΑΤΙΣΜΕΝΑ
1470 285 1474 289 ,
1643 243 1730 289 657

155 358 236 402 καὶ
272 357 294 400 δ
332 359 638 412 δεσμοφύλαξ
687 359 809 399 πάλαι
857 357 1112 407 κεκλεικὼς
1159 357 1245 410 τὴν
1290 358 1450 412 θύραν
1493 357 1731 399 ἐκάθευδε

157 423 392 474 φρουρεῖν
434 423 533 467 τοῖς
571 417 780 467 οἰκέταις
814 418 1208 472 παρακελευσάμενος
1245 414 1331 473 (καὶ
1366 416 1565 475 κεκληκὼς
1596 433 1626 459 τ.
1652 422 1696 459 θ.
1725 415 1728 471 Ι

158 477 180 520 ὁ
206 480 241 520 δ.
267 478 321 520 ἐκ.
352 483 477 521 τοῖσιν
509 479 582 519 οἰκ.
616 477 622 531 Ι
657 482 850 533 φρουρεῖν
887 474 1105 533 ἐπιτάξας)·
1138 476 1268 519 ἕωθεν
1300 476 1344 518 δὲ
1381 477 1613 531 εἰσέρχεται.
1641 477 1734 518 ,καὶ

157 537 373 594 παρελθὼν
416 538 480 580 ἐπὶ
522 538 625 586 πολὺ
663 537 734 590 μὲν
771 537 894 590 ἐζήτει
931 537 1000 578 τὸν
1026 535 1252 589 Ἀντίφιλον
1284 536 1435 590 ἄδηλον
1475 538 1481 588 Ι
1521 537 1611 578 ὑπὸ
1643 544 1733 577 τῶν

157 605 318 640 κακῶν
347 597 672 653 γεγενημένον
711 597 790 638 καὶ
820 596 1019 651 περιιὼν
1041 593 1369 653 Ιάνεσκοπεῖτο
1395 595 1491 638 καθ’
1522 597 1732 638 ἕκαστον.

279 661 332 700 31
373 657 513 712 μέρος
556 663 639 699 τοῦ
684 662 864 710 μισθοῦ
909 655 1004 711 (τοῦ
1035 674 1075 710 μ.
1116 654 1218 711 μέρ.)
1257 658 1262 708 Ι
1298 660 1357 714 τῷ
1402 658 1733 710 δεσμοφύλακι

158 717 442 772 καταβαλὼν
467 717 635 758 τιθασὸν
661 717 766 775 αὑτῷ
791 716 857 758 καὶ
883 716 1130 771 εἰρηνικὸν
1153 713 1158 773 Ι
1185 714 1468 771 ἆπειργάζετ’
1498 717 1645 758 αὐτὸν
1666 749 1674 758 .
1696 750 1703 757 .
1725 747 1734 756 .

160 781 215 820 32
248 775 438 832 ἀπήγετ’
475 777 627 826 εὐθὺς
658 778 725 826 εἰς
755 776 803 818 τὸ
836 777 1164 831 δεσμωτήριον
1192 773 1258 833 Ι..
1279 808 1289 817 .
1311 780 1364 818 33
1393 777 1544 834 χρόνῳ
1577 775 1624 817 δὲ
1657 777 1735 817 καὶ

158 837 350 879 τοιόνδε
389 854 424 878 τι
464 837 754 891 προσπεσὸν,
779 836 985 877 ἔπαυσεν
1027 834 1194 892 (τοιόνδ’
1235 836 1294 878 ἔπ.
1326 838 1411 892 πρ.)
1440 837 1446 888 Ι
1475 836 1550 878 ἐπὶ
1590 835 1734 878 πλέον

160 897 336 947 αὐτοὺς
366 898 736 951 δυστυχοῦντας.

733 1015 859 1058 1452.
898 1015 1022 1058 1453.
1058 1014 1174 1058 1454

214 1108 223 1114 ‘
281 1103 481 1143 Lueianus
518 1102 578 1142 De
610 1102 776 1154 parasita.
805 1103 829 1140 2
863 1100 950 1142 οὐκ
989 1098 1225 1158 ἐρυθριᾷς
1261 1101 1526 1154 παράσιτον
1561 1100 1738 1142 σαυτὸν

162 1157 288 1217 (αὐτ.)
320 1161 595 1210 ἀποκαλῶν;
623 1194 631 1202 .
659 1192 668 1202 .
693 1191 704 1201 .
736 1163 1026 1198 ΠΑΡΛΣΙΤΟΣ.
1066 1157 1176 1214 (add.
1208 1157 1361 1215 ὀρθῶς)
1399 1161 1520 1202 πολὺ
1558 1165 1738 1213 μᾶλλον

161 1220 339 1276 λέγοντες
374 1228 514 1263 τοῦτο
552 1219 618 1274 ἐμὲ
657 1217 781 1274 (τοῦτ’
817 1217 950 1273 ἐρεῖτ’)
981 1218 1009 1273 ἢ
1043 1221 1245 1261 Φειδίαν
1284 1216 1289 1275 Ι
1330 1220 1737 1275 ἀγαλματοποιόν·

163 1282 284 1335 χαίρω
327 1281 414 1336 γὰρ
457 1287 508 1338 τῇ
552 1275 773 1338 τέχνῃ7(τ.
798 1294 830 1320 τ.
854 1296 890 1334 γ.
915 1276 1084 1336 ἥδομαι)
1125 1281 1131 1331 Ι
1172 1278 1292 1321 οὐδὲν
1335 1276 1452 1332 ἦττον
1483 1278 1511 1334 ἢ
1541 1282 1738 1330 Φειδίας

163 1341 321 1395 ἔχαιρε
351 1345 410 1399 τῷ
442 1342 526 1382 Διί
555 1337 746 1396 (fortasse
778 1338 832 1388 ὡς
861 1341 910 1380 Φ.
936 1339 1103 1393 ἔχαιρεν,
1135 1336 1259 1393 οἶμαι,
1290 1354 1322 1380 τ.
1348 1337 1429 1397 A).

284 1405 309 1443 3
336 1404 390 1441 Π.
422 1402 496 1441 ἴθι
534 1400 589 1453 δὴ
629 1396 737 1456 (add.
775 1395 838 1455 τὸ)
869 1406 1078 1453 πρῶτον,
1121 1400 1168 1440 εἴ
1205 1412 1267 1441 σοι
1311 1401 1464 1453 δοκεῖ,
1507 1400 1615 1454 περὶ
1657 1407 1740 1454 τῆς

162 1459 347 1515 τέχνης,
396 1461 499 1514 ἥτις
528 1457 628 1500 ποτ’
658 1454 777 1501 οὖσα
800 1460 1024 1514 τυγχάνει
1048 1462 1102 1517 τῷ
1126 1458 1245 1514 γένει,
1266 1455 1270 1515 Ι
1288 1467 1557 1514 σκοπῶμεν·
1590 1460 1739 1502 οὑτω-

165 1520 204 1562 σὶ
242 1520 317 1576 γὰρ
346 1538 352 1541 “
377 1520 481 1562 οὕτω
513 1516 575 1576 δ’)
607 1519 1095 1573 ἐπακολουθήσαιμεν
1126 1515 1300 1575 ἃνΙκαὶ
1335 1524 1438 1569 ταῖς
1469 1518 1565 1561 κατ’
1600 1517 1740 1569 εἶδος.

283 1584 310 1622 4
336 1579 362 1634 ἡ
387 1586 459 1621 τοῦ
490 1580 709 1634 παρασίτου
740 1578 869 1633 τέχνη,
900 1579 926 1632 ἥ
952 1595 996 1634 γε
1020 1578 1087 1620 καὶ
1111 1579 1159 1620 τὰ
1185 1580 1336 1628 οὕτως
1364 1578 1518 1633 ἄδηλα
1543 1579 1739 1634 κάφανῆ

164 1644 342 1694 μᾶλλον
385 1646 466 1694 τῆς
508 1645 739 1692 μαντικῆς
781 1640 960 1694 γνωρίζει
999 1655 1039 1680 τε
1078 1638 1146 1680 καὶ
1186 1636 1288 1680 οἶδε
1319 1635 1369 1695 (τ.
1396 1655 1507 1693 μαντ.
1545 1640 1550 1690 Ι
1585 1641 1741 1682 κάτοιδε

164 1696 312 1756 μᾶλλ.)·
352 1703 376 1741 5
410 1699 458 1740 τὸ
491 1698 540 1740 δέ
575 1697 612 1754 γ’
649 1699 938 1740 ἐπίστασθαι
975 1699 1149 1753 λόγους
1176 1699 1182 1750 Ι
1209 1698 1364 1754 λέγειν
1397 1699 1644 1753 ἐπιτηδείους
1674 1700 1741 1740 καὶ

163 1761 373 1814 πράγματα
409 1760 592 1813 πράττειν
624 1756 676 1800 δι’
712 1754 769 1799 ὧν
807 1758 1107 1800 οἰκειώσεται
1134 1759 1140 1810 Ι
1168 1758 1234 1800 καὶ
1271 1759 1598 1801 εὐνούστατον
1637 1756 1741 1814 (εύν.

164 1817 223 1876 τε)
256 1819 398 1860 ἑαυτὸν
426 1822 485 1877 τῷ
516 1818 743 1872 τρέφοντι
773 1818 986 1870 ἀποδείξει,
1008 1814 1100 1874 Ιᾶρ’
1136 1818 1191 1860 ού
1224 1818 1461 1868 συνέσεως
1491 1819 1569 1860 καὶ
1599 1835 1740 1860 κατα-

165 1881 354 1932 λήψεως
385 1878 654 1933 ἐρρωμένης
685 1874 791 1920 εἶναί
818 1890 879 1920 σοι
912 1876 1078 1932 δοκεῖΙ
1106 1874 1269 1935 (δοκεῖΙ
1297 1878 1436 1933 ἐρρωμ.
1469 1876 1570 1935 σοι);

899 1996 1014 2040 1455

286 2084 489 2124 Lucianus
517 2085 574 2124 De
593 2084 761 2136 parasit.
787 2086 837 2123 11
861 2078 902 2138 (ὅ
923 2078 1181 2139 Ἐπίκουρος)
1203 2084 1351 2135 ζητῶν
1375 2083 1483 2136 περὶ
1507 2083 1745 2137 σχήματος

166 2150 252 2198 γῆς
284 2139 376 2198 (γῆς
406 2159 446 2184 τε
477 2139 582 2199 σχ.).
609 2175 618 2184 .
639 2142 745 2184 .καὶ
779 2142 888 2196 περὶ
923 2147 1051 2183 θεῶν
1079 2141 1085 2196 Ι
1113 2140 1192 2183 εἴτ’
1227 2143 1350 2183 εἰσὶν
1388 2141 1467 2184 εἴτ’
1509 2143 1595 2184 οὐκ
1631 2145 1744 2195 εἰσί,

166 2203 246 2244 καὶ
276 2202 383 2256 περὶ
414 2202 538 2244 αὐτοῦ
569 2209 651 2244 τοῦ
683 2201 848 2251 τέλους
876 2200 882 2255 Ι
910 2201 985 2243 ἀεὶ
1021 2206 1242 2255 πολεμῶν
1273 2202 1351 2243 καὶ
1390 2203 1744 2256 διαφερόμενος

167 2263 284 2316 πρός
315 2278 450 2311 τινας
477 2261 483 2316 Ι
511 2262 560 2304 οὐ
590 2262 716 2316 μόνον
742 2262 785 2303 ἐν
810 2262 1100 2316 ἀνθρωπίναις,
1126 2262 1224 2303 ἀλλὰ
1249 2262 1316 2303 καὶ
1341 2262 1384 2303 ἐν
1409 2268 1616 2315 κοσμικαῖς
1641 2263 1744 2304 ἐστιν

169 2322 429 2375 ἐνοχλήσεσιν.
484 2321 504 2362 ὁ
532 2320 580 2362 δὲ
611 2323 872 2376 παράσιτος
903 2323 1058 2362 πάντα
1089 2326 1241 2371 καλῶς
1272 2322 1399 2376 ἔχειν
1430 2323 1612 2375 οἰόμενος
1643 2319 1743 2378 (for-

168 2387 277 2423 tasse
319 2379 436 2422 πάντ’
472 2382 523 2435 ἔχ.
548 2398 583 2423 κ.
609 2378 753 2438 λέγων)
792 2379 799 2437 Ι
839 2381 933 2435 μετὰ
973 2386 1152 2435 πολλῆς
1192 2382 1357 2431 ἀδείας
1398 2382 1476 2423 καὶ
1515 2383 1744 2437 γαλήνης,

171 2441 371 2490 οὐδενὸς
392 2438 396 2497 Ι
420 2442 544 2498 αὐτῷ
575 2442 800 2483 τοιούτου
825 2445 1243 2495 παρενοχλοῦντος
1268 2442 1423 2483 ἐσθίει
1445 2439 1449 2497 Ι
1472 2442 1538 2483 καὶ
1563 2450 1744 2495 κοιμᾶται

170 2502 338 2550 ὕπτιος
368 2500 577 2553 ἀφεικὼς
607 2502 719 2550 τοὺς
749 2502 902 2550 πόδας
932 2501 999 2542 καὶ
1029 2501 1098 2550 τὰς
1128 2506 1258 2555 χεῖρας
1286 2502 1416 2555 ὥσπερ
1437 2500 1650 2551 Ὀδυσσεὺς
1675 2509 1745 2555 τῆς

171 2562 340 2616 Σχερίας
358 2559 570 2602 ἀποπλέων
590 2562 726 2602 οἴκαδε
751 2557 944 2617 (fortasse
970 2562 1154 2615 καθάπερ
1176 2559 1254 2602 Ὀδ.
1279 2559 1408 2603 οἴκαδ’
1432 2561 1474 2602 ἐκ
1493 2565 1564 2615 Σχ.
1583 2560 1745 2618 πλέων).

813 2679 1107 2722 1456-1460

290 2764 490 2805 Lucianus
514 2765 575 2805 De
607 2766 771 2816 parasit.
804 2767 855 2806 15
888 2764 954 2805 καὶ
985 2763 1066 2817 μὴν
1098 2763 1258 2805 ἐκεῖνά
1281 2762 1318 2818 γ’
1350 2760 1496 2820 (ἐκεῖνό
1521 2762 1557 2819 γ’
1589 2762 1747 2822 Cobet.)

172 2823 333 2873 οὐδείς
364 2823 468 2865 ἐστιν
499 2824 626 2873 ὅστις
657 2823 744 2865 οὐκ
775 2824 1039 2875 ἐπίσταται,
1067 2820 1073 2879 Ι
1101 2823 1158 2865 ὅτι
1186 2824 1230 2864 οἷ
1256 2823 1329 2877 μὲν
1354 2824 1422 2873 τὰς
1447 2825 1588 2874 λοιπὰς
1611 2824 1747 2879 τέχνας

173 2883 423 2938 ἐργαζόμενοι
460 2883 529 2924 τὸν
567 2882 639 2936 μὲν
676 2882 797 2925 ἄλλον
836 2884 843 2934 Ι
882 2884 1057 2937 χρόνον
1093 2887 1471 2938 ταλαιπωροῦσι,
1503 2886 1617 2938 μίαν
1648 2884 1691 2926 δὲ
1721 2884 1748 2938 ἢ

174 2943 259 2984 δύο
297 2943 444 2996 μόνας
472 2942 478 2997 Ι
505 2949 586 2984 τοῦ
624 2943 775 2997 μηνὸς
811 2941 988 2998 ἡμέρας
1025 2943 1156 2997 ἱερὰς
1192 2942 1334 2998 ἄγουσι
1369 2940 1459 2998 (τοῦ
1491 2960 1530 2997 μ.
1563 2945 1632 2998 [ερ.
1664 2944 1747 2986 ἐπι-

246 3016 362 3044 Comici
381 3017 494 3052 graeei,
512 3017 557 3045 od.
578 3018 633 3046 Th.
652 3019 750 3046 Koek.
769 3019 827 3046 III.
1416 3015 1461 3047 42
