<?xml version="1.0" encoding="UTF-8"?>
<!DOCTYPE html PUBLIC "-//W3C//DTD XHTML 1.0 Transitional//EN"
    "http://www.w3.org/TR/xhtml1/DTD/xhtml1-transitional.dtd">
<html xmlns="http://www.w3.org/1999/xhtml" xml:lang="en" lang="en">
 <head>
  <title>
</title>
<meta http-equiv="Content-Type" content="text/html;charset=utf-8" />
  <meta name='ocr-system' content='tesseract 3.04.00' />
  <meta name='ocr-capabilities' content='ocr_page ocr_carea ocr_par ocr_line ocrx_word'/>
</head>
<body>
  <div class='ocr_page' id='page_1' title='image "./comicorumatticor03kockuoft_0185.png"; bbox 0 0 2014 3334; ppageno 0'>
   <div class='ocr_carea' id='block_1_1' title="bbox 0 0 246 425">
    <p class='ocr_par' dir='ltr' id='par_1_1' title="bbox 0 0 246 425">
     <span class='ocr_line' id='line_1_1' title="bbox 0 0 246 425; baseline 0 0"><span class='ocrx_word' id='word_1_1' title='bbox 0 0 246 425; x_wconf 95' lang='lat' dir='ltr'><strong><em>  </em></strong></span> 
     </span>
    </p>
   </div>
   <div class='ocr_carea' id='block_1_2' title="bbox 727 222 1763 269">
    <p class='ocr_par' dir='ltr' id='par_1_2' title="bbox 727 222 1763 269">
     <span class='ocr_line' id='line_1_2' title="bbox 727 222 1763 269; baseline 0.004 -13"><span class='ocrx_word' id='word_1_2' title='bbox 727 222 934 257; x_wconf 75' lang='grc' dir='ltr'><strong>ΑΔΗΛΩΝ</strong></span> <span class='ocrx_word' id='word_1_3' title='bbox 957 224 1218 259; x_wconf 71' lang='grc' dir='ltr'><strong>ΔΡΑΜΑΤΩΝ</strong></span> <span class='ocrx_word' id='word_1_4' title='bbox 1679 226 1763 269; x_wconf 81' lang='lat'><strong><em>165</em></strong></span> 
     </span>
    </p>
   </div>
   <div class='ocr_carea' id='block_1_3' title="bbox 172 331 1766 1411">
    <p class='ocr_par' dir='ltr' id='par_1_3' title="bbox 172 331 1766 1411">
     <span class='ocr_line' id='line_1_3' title="bbox 181 331 1759 394; baseline 0.003 -19"><span class='ocrx_word' id='word_1_5' title='bbox 181 331 283 389; x_wconf 78' lang='grc' dir='ltr'><strong><em>λέγει</em></strong></span> <span class='ocrx_word' id='word_1_6' title='bbox 312 331 388 388; x_wconf 87' lang='grc' dir='ltr'><strong><em>γὰρ</em></strong></span> <span class='ocrx_word' id='word_1_7' title='bbox 419 336 496 374; x_wconf 85' lang='grc' dir='ltr'><strong><em>κτλ.</em></strong></span> <span class='ocrx_word' id='word_1_8' title='bbox 560 336 598 374; x_wconf 92' lang='grc'><strong><em>2.</em></strong></span> <span class='ocrx_word' id='word_1_9' title='bbox 630 331 786 388; x_wconf 84' lang='grc' dir='ltr'><strong><em>φάγωσ’</em></strong></span> <span class='ocrx_word' id='word_1_10' title='bbox 821 335 933 375; x_wconf 83' lang='lat' dir='ltr'>Pors.</span> <span class='ocrx_word' id='word_1_11' title='bbox 966 335 1094 387; x_wconf 87' lang='lat' dir='ltr'>Toup.</span> <span class='ocrx_word' id='word_1_12' title='bbox 1127 335 1272 388; x_wconf 80' lang='lat' dir='ltr'>opusc.</span> <span class='ocrx_word' id='word_1_13' title='bbox 1304 338 1386 378; x_wconf 87' lang='lat'>1111</span> <span class='ocrx_word' id='word_1_14' title='bbox 1419 338 1524 390; x_wconf 85' lang='lat'>471]</span> <span class='ocrx_word' id='word_1_15' title='bbox 1567 339 1759 394; x_wconf 83' lang='grc' dir='ltr'><strong><em>φάγωσιν.</em></strong></span> 
     </span>
     <span class='ocr_line' id='line_1_4' title="bbox 183 391 1761 452; baseline 0.003 -16"><span class='ocrx_word' id='word_1_16' title='bbox 183 395 222 436; x_wconf 83' lang='grc'><strong><em>3.</em></strong></span> <span class='ocrx_word' id='word_1_17' title='bbox 261 391 393 434; x_wconf 71' lang='grc' dir='ltr'><strong><em>αὐτῶν</em></strong></span> <span class='ocrx_word' id='word_1_18' title='bbox 430 394 584 435; x_wconf 81' lang='lat' dir='ltr'><strong>Nauck.</strong></span> <span class='ocrx_word' id='word_1_19' title='bbox 635 391 786 436; x_wconf 71' lang='grc' dir='ltr'><strong><em>ἄτοπον</em></strong></span> <span class='ocrx_word' id='word_1_20' title='bbox 822 395 1027 436; x_wconf 88' lang='lat' dir='ltr'>Herwerd.</span> <span class='ocrx_word' id='word_1_21' title='bbox 1068 394 1162 438; x_wconf 85' lang='lat' dir='ltr'>obs.</span> <span class='ocrx_word' id='word_1_22' title='bbox 1195 397 1284 437; x_wconf 75' lang='lat' dir='ltr'>crit.</span> <span class='ocrx_word' id='word_1_23' title='bbox 1319 399 1415 438; x_wconf 84' lang='lat'>122.</span> <span class='ocrx_word' id='word_1_24' title='bbox 1465 397 1523 439; x_wconf 83' lang='grc' dir='ltr'><strong><em>τὼ</em></strong></span> <span class='ocrx_word' id='word_1_25' title='bbox 1561 399 1677 441; x_wconf 82' lang='grc' dir='ltr'><strong><em>πόδε</em></strong></span> <span class='ocrx_word' id='word_1_26' title='bbox 1715 401 1761 452; x_wconf 88' lang='lat' dir='ltr'><strong><em>R,</em></strong></span> 
     </span>
     <span class='ocr_line' id='line_1_5' title="bbox 182 453 1759 514; baseline 0.004 -20"><span class='ocrx_word' id='word_1_27' title='bbox 182 454 290 507; x_wconf 78' lang='lat' dir='ltr'>quod</span> <span class='ocrx_word' id='word_1_28' title='bbox 320 453 593 506; x_wconf 85' lang='lat' dir='ltr'>recipiendum</span> <span class='ocrx_word' id='word_1_29' title='bbox 625 457 667 495; x_wconf 69' lang='lat' dir='ltr'><strong><em>et</em></strong></span> <span class='ocrx_word' id='word_1_30' title='bbox 698 455 815 495; x_wconf 83' lang='lat' dir='ltr'>scrib.</span> <span class='ocrx_word' id='word_1_31' title='bbox 846 453 914 496; x_wconf 83' lang='grc' dir='ltr'><strong><em>καὶ</em></strong></span> <span class='ocrx_word' id='word_1_32' title='bbox 944 453 1028 508; x_wconf 78' lang='grc' dir='ltr'><strong><em>τὴν</em></strong></span> <span class='ocrx_word' id='word_1_33' title='bbox 1059 454 1236 510; x_wconf 79' lang='grc' dir='ltr'><strong><em>γαστέρα.</em></strong></span> <span class='ocrx_word' id='word_1_34' title='bbox 1318 460 1357 498; x_wconf 93' lang='grc'><strong><em>4.</em></strong></span> <span class='ocrx_word' id='word_1_35' title='bbox 1389 457 1533 511; x_wconf 75' lang='grc' dir='ltr'><strong><em>ἔλαβον</em></strong></span> <span class='ocrx_word' id='word_1_36' title='bbox 1565 460 1759 514; x_wconf 83' lang='lat' dir='ltr'>Scaliger]</span> 
     </span>
     <span class='ocr_line' id='line_1_6' title="bbox 180 508 1761 572; baseline 0.004 -18"><span class='ocrx_word' id='word_1_37' title='bbox 180 508 248 555; x_wconf 79' lang='grc' dir='ltr'><strong><em>εἴτ’</em></strong></span> <span class='ocrx_word' id='word_1_38' title='bbox 277 512 434 567; x_wconf 77' lang='grc' dir='ltr'><strong><em>ἔλαβον.</em></strong></span> <span class='ocrx_word' id='word_1_39' title='bbox 482 514 621 555; x_wconf 89' lang='grc' dir='ltr'><strong><em>σακίον</em></strong></span> <span class='ocrx_word' id='word_1_40' title='bbox 641 515 753 556; x_wconf 82' lang='lat' dir='ltr'>Pors.</span> <span class='ocrx_word' id='word_1_41' title='bbox 772 515 894 556; x_wconf 92' lang='lat' dir='ltr'>Dobr.</span> <span class='ocrx_word' id='word_1_42' title='bbox 915 515 1040 556; x_wconf 82' lang='lat' dir='ltr'>Arist.</span> <span class='ocrx_word' id='word_1_43' title='bbox 1061 530 1097 568; x_wconf 90' lang='lat' dir='ltr'><strong><em>p.</em></strong></span> <span class='ocrx_word' id='word_1_44' title='bbox 1126 515 1230 568; x_wconf 90' lang='lat'>115]</span> <span class='ocrx_word' id='word_1_45' title='bbox 1257 517 1432 558; x_wconf 80' lang='grc' dir='ltr'><strong><em>σακκίον.</em></strong></span> <span class='ocrx_word' id='word_1_46' title='bbox 1483 520 1532 559; x_wconf 84' lang='lat' dir='ltr'><strong><em>of.</em></strong></span> <span class='ocrx_word' id='word_1_47' title='bbox 1551 519 1761 572; x_wconf 73' lang='lat' dir='ltr'>Aristoph.</span> 
     </span>
     <span class='ocr_line' id='line_1_7' title="bbox 179 574 1760 632; baseline 0.005 -18"><span class='ocrx_word' id='word_1_48' title='bbox 179 574 228 616; x_wconf 85' lang='lat' dir='ltr'>fr.</span> <span class='ocrx_word' id='word_1_49' title='bbox 249 575 347 615; x_wconf 85' lang='lat'>328.</span> <span class='ocrx_word' id='word_1_50' title='bbox 397 575 613 627; x_wconf 84' lang='lat' dir='ltr'>Phrynich.</span> <span class='ocrx_word' id='word_1_51' title='bbox 646 576 730 615; x_wconf 69' lang='lat'>1301.</span> <span class='ocrx_word' id='word_1_52' title='bbox 752 577 850 628; x_wconf 89' lang='lat'>257,</span> <span class='ocrx_word' id='word_1_53' title='bbox 883 576 953 616; x_wconf 87' lang='lat' dir='ltr'><strong><em>sed</em></strong></span> <span class='ocrx_word' id='word_1_54' title='bbox 984 576 1042 616; x_wconf 87' lang='lat' dir='ltr'><strong><em>ibi</em></strong></span> <span class='ocrx_word' id='word_1_55' title='bbox 1074 577 1197 616; x_wconf 72' lang='lat' dir='ltr'>etiam</span> <span class='ocrx_word' id='word_1_56' title='bbox 1224 577 1396 618; x_wconf 83' lang='lat' dir='ltr'>Lobeek.</span> <span class='ocrx_word' id='word_1_57' title='bbox 1429 579 1545 619; x_wconf 75' lang='lat' dir='ltr'>Phot.</span> <span class='ocrx_word' id='word_1_58' title='bbox 1571 582 1671 632; x_wconf 87' lang='lat'>497,</span> <span class='ocrx_word' id='word_1_59' title='bbox 1705 583 1760 621; x_wconf 91' lang='lat'>10</span> 
     </span>
     <span class='ocr_line' id='line_1_8' title="bbox 179 630 1766 689; baseline 0.005 -15"><span class='ocrx_word' id='word_1_60' title='bbox 179 633 316 683; x_wconf 86' lang='grc' dir='ltr'><strong><em>σάκος·</em></strong></span> <span class='ocrx_word' id='word_1_61' title='bbox 361 634 404 674; x_wconf 84' lang='grc' dir='ltr'><strong><em>οἱ</em></strong></span> <span class='ocrx_word' id='word_1_62' title='bbox 432 630 596 675; x_wconf 83' lang='grc' dir='ltr'><strong><em>Ἀττικοὶ</em></strong></span> <span class='ocrx_word' id='word_1_63' title='bbox 633 633 790 689; x_wconf 83' lang='grc' dir='ltr'><strong><em>λέγουσι</em></strong></span> <span class='ocrx_word' id='word_1_64' title='bbox 835 634 902 676; x_wconf 86' lang='grc' dir='ltr'><strong><em>διὰ</em></strong></span> <span class='ocrx_word' id='word_1_65' title='bbox 937 641 1009 676; x_wconf 84' lang='grc' dir='ltr'><strong><em>τοῦ</em></strong></span> <span class='ocrx_word' id='word_1_66' title='bbox 1046 634 1134 684; x_wconf 78' lang='grc' dir='ltr'><strong><em>ἑνὸς</em></strong></span> <span class='ocrx_word' id='word_1_67' title='bbox 1165 636 1200 677; x_wconf 72' lang='grc' dir='ltr'><strong><em>κ.</em></strong></span> <span class='ocrx_word' id='word_1_68' title='bbox 1263 638 1447 679; x_wconf 76' lang='lat' dir='ltr'>Eustath.</span> <span class='ocrx_word' id='word_1_69' title='bbox 1487 640 1590 689; x_wconf 87' lang='lat'>588,</span> <span class='ocrx_word' id='word_1_70' title='bbox 1630 642 1682 680; x_wconf 86' lang='lat'><strong><em>12</em></strong></span> <span class='ocrx_word' id='word_1_71' title='bbox 1723 640 1766 684; x_wconf 79' lang='grc' dir='ltr'><strong><em>οἱ</em></strong></span> 
     </span>
     <span class='ocr_line' id='line_1_9' title="bbox 178 692 1759 752; baseline 0.004 -18"><span class='ocrx_word' id='word_1_72' title='bbox 178 692 340 734; x_wconf 78' lang='grc' dir='ltr'><strong><em>παλαιοὶ</em></strong></span> <span class='ocrx_word' id='word_1_73' title='bbox 375 693 443 734; x_wconf 88' lang='grc' dir='ltr'><strong><em>τὸν</em></strong></span> <span class='ocrx_word' id='word_1_74' title='bbox 475 694 625 736; x_wconf 80' lang='grc' dir='ltr'><em>σάκκον</em></span> <span class='ocrx_word' id='word_1_75' title='bbox 650 694 750 746; x_wconf 82' lang='grc' dir='ltr'><strong><em>φασὶ</em></strong></span> <span class='ocrx_word' id='word_1_76' title='bbox 783 694 850 736; x_wconf 79' lang='grc' dir='ltr'><strong><em>καὶ</em></strong></span> <span class='ocrx_word' id='word_1_77' title='bbox 882 692 935 736; x_wconf 86' lang='grc' dir='ltr'><strong><em>δι’</em></strong></span> <span class='ocrx_word' id='word_1_78' title='bbox 970 694 1060 744; x_wconf 77' lang='grc' dir='ltr'><strong><em>ἑνὸς</em></strong></span> <span class='ocrx_word' id='word_1_79' title='bbox 1083 696 1312 750; x_wconf 80' lang='grc' dir='ltr'><em>γράφεσθαι</em></span> <span class='ocrx_word' id='word_1_80' title='bbox 1338 696 1381 748; x_wconf 62' lang='grc' dir='ltr'><strong><em>ἦ,</em></strong></span> <span class='ocrx_word' id='word_1_81' title='bbox 1411 698 1522 738; x_wconf 84' lang='grc' dir='ltr'><strong><em>καθὰ</em></strong></span> <span class='ocrx_word' id='word_1_82' title='bbox 1555 699 1671 752; x_wconf 89' lang='grc' dir='ltr'><strong><em>δηλοῖ</em></strong></span> <span class='ocrx_word' id='word_1_83' title='bbox 1692 698 1759 740; x_wconf 86' lang='grc' dir='ltr'><strong><em>καὶ</em></strong></span> 
     </span>
     <span class='ocr_line' id='line_1_10' title="bbox 178 751 1756 816; baseline 0.004 -22"><span class='ocrx_word' id='word_1_84' title='bbox 178 751 200 794; x_wconf 99' lang='lat'>6</span> <span class='ocrx_word' id='word_1_85' title='bbox 231 753 450 807; x_wconf 86' lang='grc' dir='ltr'><strong><em>κωμικός.</em></strong></span> <span class='ocrx_word' id='word_1_86' title='bbox 514 757 551 795; x_wconf 87' lang='grc'><strong><em>5.</em></strong></span> <span class='ocrx_word' id='word_1_87' title='bbox 584 753 730 804; x_wconf 78' lang='grc' dir='ltr'><strong><em>αὐτοὺς</em></strong></span> <span class='ocrx_word' id='word_1_88' title='bbox 749 757 876 807; x_wconf 87' lang='lat' dir='ltr'>Toup.</span> <span class='ocrx_word' id='word_1_89' title='bbox 897 755 1044 808; x_wconf 80' lang='lat' dir='ltr'>Opusc.</span> <span class='ocrx_word' id='word_1_90' title='bbox 1063 757 1106 796; x_wconf 94' lang='lat' dir='ltr'><strong><em>II</em></strong></span> <span class='ocrx_word' id='word_1_91' title='bbox 1129 756 1232 808; x_wconf 87' lang='lat'>149]</span> <span class='ocrx_word' id='word_1_92' title='bbox 1265 756 1389 798; x_wconf 77' lang='grc' dir='ltr'><strong><em>αὐτοὶ.</em></strong></span> <span class='ocrx_word' id='word_1_93' title='bbox 1453 760 1490 798; x_wconf 91' lang='grc'><strong><em>6.</em></strong></span> <span class='ocrx_word' id='word_1_94' title='bbox 1523 761 1576 816; x_wconf 82' lang='grc' dir='ltr'><strong><em>τῷ</em></strong></span> <span class='ocrx_word' id='word_1_95' title='bbox 1596 759 1756 811; x_wconf 85' lang='lat' dir='ltr'>Clerio.]</span> 
     </span>
     <span class='ocr_line' id='line_1_11' title="bbox 175 814 1630 872; baseline 0.003 -18"><span class='ocrx_word' id='word_1_96' title='bbox 175 819 259 855; x_wconf 78' lang='grc' dir='ltr'><strong><em>τοῦ.</em></strong></span> <span class='ocrx_word' id='word_1_97' title='bbox 307 819 666 855; x_wconf 79' lang='grc' dir='ltr'><strong><em>ταπεινοῦσθαι</em></strong></span> <span class='ocrx_word' id='word_1_98' title='bbox 696 814 763 867; x_wconf 76' lang='lat' dir='ltr'><strong><em>K]</em></strong></span> <span class='ocrx_word' id='word_1_99' title='bbox 796 821 1045 857; x_wconf 80' lang='grc' dir='ltr'><strong><em>ταπεινῶσαι.</em></strong></span> <span class='ocrx_word' id='word_1_100' title='bbox 1095 821 1408 858; x_wconf 81' lang='grc' dir='ltr'><strong><em>τεταπεινῶσθαι</em></strong></span> <span class='ocrx_word' id='word_1_101' title='bbox 1438 819 1630 872; x_wconf 88' lang='lat' dir='ltr'>Heringa.</span> 
     </span>
     <span class='ocr_line' id='line_1_12' title="bbox 296 875 1757 933; baseline 0.004 -19"><span class='ocrx_word' id='word_1_102' title='bbox 296 875 346 915; x_wconf 81' lang='lat' dir='ltr'><strong><em>ad</em></strong></span> <span class='ocrx_word' id='word_1_103' title='bbox 379 875 665 928; x_wconf 86' lang='grc' dir='ltr'><strong><em>Δεισιδαίμονα</em></strong></span> <span class='ocrx_word' id='word_1_104' title='bbox 696 877 899 916; x_wconf 73' lang='lat' dir='ltr'>referebat</span> <span class='ocrx_word' id='word_1_105' title='bbox 925 876 1118 917; x_wconf 81' lang='lat' dir='ltr'><strong>Clericus.</strong></span> <span class='ocrx_word' id='word_1_106' title='bbox 1151 878 1255 918; x_wconf 74' lang='lat' dir='ltr'>Plut.</span> <span class='ocrx_word' id='word_1_107' title='bbox 1283 879 1384 918; x_wconf 88' lang='lat' dir='ltr'>Mor.</span> <span class='ocrx_word' id='word_1_108' title='bbox 1413 881 1496 919; x_wconf 88' lang='lat'><strong><em>168</em></strong></span> <span class='ocrx_word' id='word_1_109' title='bbox 1511 880 1536 918; x_wconf 88' lang='lat' dir='ltr'><strong>d</strong></span> <span class='ocrx_word' id='word_1_110' title='bbox 1569 876 1609 933; x_wconf 88' lang='lat'><strong><em>(6</em></strong></span> <span class='ocrx_word' id='word_1_111' title='bbox 1642 880 1757 920; x_wconf 89' lang='grc' dir='ltr'><strong><em>δεισι-</em></strong></span> 
     </span>
     <span class='ocr_line' id='line_1_13' title="bbox 177 930 1759 993; baseline 0.004 -19"><span class='ocrx_word' id='word_1_112' title='bbox 177 930 350 990; x_wconf 82' lang='grc' dir='ltr'><strong><em>δαίμων)</em></strong></span> <span class='ocrx_word' id='word_1_113' title='bbox 395 934 480 983; x_wconf 75' lang='grc' dir='ltr'><strong><em>ἕξω</em></strong></span> <span class='ocrx_word' id='word_1_114' title='bbox 523 935 732 988; x_wconf 87' lang='grc' dir='ltr'><strong><em>κάθηται</em></strong></span> <span class='ocrx_word' id='word_1_115' title='bbox 777 937 976 977; x_wconf 83' lang='grc' dir='ltr'><strong><em>σακκίον</em></strong></span> <span class='ocrx_word' id='word_1_116' title='bbox 1021 936 1138 989; x_wconf 74' lang='grc' dir='ltr'><strong><em>ἔχων</em></strong></span> <span class='ocrx_word' id='word_1_117' title='bbox 1169 936 1236 977; x_wconf 82' lang='grc' dir='ltr'><strong><em>καὶ</em></strong></span> <span class='ocrx_word' id='word_1_118' title='bbox 1275 937 1582 991; x_wconf 81' lang='grc' dir='ltr'><strong><em>περιεζωσμένος</em></strong></span> <span class='ocrx_word' id='word_1_119' title='bbox 1625 939 1759 993; x_wconf 75' lang='grc' dir='ltr'><strong><em>ῥάκεσι</em></strong></span> 
     </span>
     <span class='ocr_line' id='line_1_14' title="bbox 174 993 1759 1054; baseline 0.004 -20"><span class='ocrx_word' id='word_1_120' title='bbox 174 993 388 1048; x_wconf 72' lang='grc' dir='ltr'><strong><em>ῥυπαροῖς,</em></strong></span> <span class='ocrx_word' id='word_1_121' title='bbox 431 995 619 1044; x_wconf 80' lang='grc' dir='ltr'><strong><em>πολλάκις</em></strong></span> <span class='ocrx_word' id='word_1_122' title='bbox 663 994 706 1036; x_wconf 84' lang='grc' dir='ltr'><strong><em>δὲ</em></strong></span> <span class='ocrx_word' id='word_1_123' title='bbox 748 995 899 1050; x_wconf 85' lang='grc' dir='ltr'><strong><em>γυμνὸς</em></strong></span> <span class='ocrx_word' id='word_1_124' title='bbox 943 996 985 1037; x_wconf 82' lang='grc' dir='ltr'><strong><em>ἐν</em></strong></span> <span class='ocrx_word' id='word_1_125' title='bbox 1023 998 1137 1054; x_wconf 83' lang='grc' dir='ltr'><strong><em>πηλῷ</em></strong></span> <span class='ocrx_word' id='word_1_126' title='bbox 1181 998 1493 1050; x_wconf 86' lang='grc' dir='ltr'><strong><em>καλινδούμενος</em></strong></span> <span class='ocrx_word' id='word_1_127' title='bbox 1537 998 1759 1053; x_wconf 76' lang='grc' dir='ltr'><strong><em>ἐξαγορεύει</em></strong></span> 
     </span>
     <span class='ocr_line' id='line_1_15' title="bbox 173 1053 1758 1110; baseline 0.004 -16"><span class='ocrx_word' id='word_1_128' title='bbox 173 1053 284 1103; x_wconf 84' lang='grc' dir='ltr'><strong><em>τινὰς</em></strong></span> <span class='ocrx_word' id='word_1_129' title='bbox 315 1053 506 1110; x_wconf 80' lang='grc' dir='ltr'><strong><em>ἁμαρτίας</em></strong></span> <span class='ocrx_word' id='word_1_130' title='bbox 537 1055 674 1096; x_wconf 78' lang='grc' dir='ltr'><strong><em>αὑτοῦ.</em></strong></span> <span class='ocrx_word' id='word_1_131' title='bbox 735 1060 778 1096; x_wconf 74' lang='lat' dir='ltr'><strong><em>at</em></strong></span> <span class='ocrx_word' id='word_1_132' title='bbox 810 1058 910 1096; x_wconf 74' lang='lat' dir='ltr'>talia</span> <span class='ocrx_word' id='word_1_133' title='bbox 941 1060 1130 1108; x_wconf 71' lang='lat' dir='ltr'>poterant</span> <span class='ocrx_word' id='word_1_134' title='bbox 1166 1058 1207 1097; x_wconf 89' lang='lat' dir='ltr'><strong><em>in</em></strong></span> <span class='ocrx_word' id='word_1_135' title='bbox 1239 1059 1380 1110; x_wconf 83' lang='lat' dir='ltr'>quavis</span> <span class='ocrx_word' id='word_1_136' title='bbox 1418 1059 1558 1099; x_wconf 87' lang='lat' dir='ltr'>fabula</span> <span class='ocrx_word' id='word_1_137' title='bbox 1589 1062 1758 1100; x_wconf 86' lang='lat' dir='ltr'>narrari.</span> 
     </span>
     <span class='ocr_line' id='line_1_16' title="bbox 173 1114 1758 1175; baseline 0.004 -21"><span class='ocrx_word' id='word_1_138' title='bbox 173 1115 335 1156; x_wconf 84' lang='lat' dir='ltr'>Diodor.</span> <span class='ocrx_word' id='word_1_139' title='bbox 370 1118 407 1165; x_wconf 91' lang='lat'><strong><em>2,</em></strong></span> <span class='ocrx_word' id='word_1_140' title='bbox 440 1118 466 1155; x_wconf 98' lang='lat'>4</span> <span class='ocrx_word' id='word_1_141' title='bbox 499 1115 591 1164; x_wconf 82' lang='grc' dir='ltr'><strong><em>τοὺς</em></strong></span> <span class='ocrx_word' id='word_1_142' title='bbox 622 1116 805 1171; x_wconf 88' lang='grc' dir='ltr'><strong><em>Σύρους,</em></strong></span> <span class='ocrx_word' id='word_1_143' title='bbox 827 1115 1094 1170; x_wconf 82' lang='grc' dir='ltr'><strong><em>..ἀπέχεσθαι</em></strong></span> <span class='ocrx_word' id='word_1_144' title='bbox 1130 1118 1273 1158; x_wconf 87' lang='grc' dir='ltr'><strong><em>τούτου</em></strong></span> <span class='ocrx_word' id='word_1_145' title='bbox 1304 1124 1375 1158; x_wconf 86' lang='grc' dir='ltr'><strong><em>τοῦ</em></strong></span> <span class='ocrx_word' id='word_1_146' title='bbox 1409 1114 1513 1175; x_wconf 76' lang='grc' dir='ltr'><strong><em>ζῴου</em></strong></span> <span class='ocrx_word' id='word_1_147' title='bbox 1545 1118 1611 1159; x_wconf 81' lang='grc' dir='ltr'><strong><em>καὶ</em></strong></span> <span class='ocrx_word' id='word_1_148' title='bbox 1641 1126 1758 1172; x_wconf 85' lang='grc' dir='ltr'><strong><em>τιμᾶν</em></strong></span> 
     </span>
     <span class='ocr_line' id='line_1_17' title="bbox 175 1173 1756 1231; baseline 0.004 -17"><span class='ocrx_word' id='word_1_149' title='bbox 175 1174 268 1223; x_wconf 82' lang='grc' dir='ltr'><strong><em>τοὺς</em></strong></span> <span class='ocrx_word' id='word_1_150' title='bbox 299 1175 417 1228; x_wconf 81' lang='grc' dir='ltr'><strong><em>ἰχθῦς</em></strong></span> <span class='ocrx_word' id='word_1_151' title='bbox 449 1173 502 1224; x_wconf 79' lang='grc' dir='ltr'><strong><em>ὡς</em></strong></span> <span class='ocrx_word' id='word_1_152' title='bbox 532 1177 668 1224; x_wconf 87' lang='grc' dir='ltr'><strong><em>θεούς.</em></strong></span> <span class='ocrx_word' id='word_1_153' title='bbox 701 1178 771 1216; x_wconf 91' lang='lat' dir='ltr'><strong><em>ubi</em></strong></span> <span class='ocrx_word' id='word_1_154' title='bbox 803 1178 852 1218; x_wconf 83' lang='lat' dir='ltr'><strong><em>of.</em></strong></span> <span class='ocrx_word' id='word_1_155' title='bbox 884 1177 1125 1230; x_wconf 81' lang='lat' dir='ltr'>wesseling.</span> <span class='ocrx_word' id='word_1_156' title='bbox 1188 1179 1352 1218; x_wconf 86' lang='lat' dir='ltr'>Lucian.</span> <span class='ocrx_word' id='word_1_157' title='bbox 1385 1179 1444 1218; x_wconf 92' lang='lat' dir='ltr'><strong><em>De</em></strong></span> <span class='ocrx_word' id='word_1_158' title='bbox 1477 1180 1552 1219; x_wconf 89' lang='lat' dir='ltr'><strong><em>dea</em></strong></span> <span class='ocrx_word' id='word_1_159' title='bbox 1583 1180 1671 1231; x_wconf 85' lang='lat' dir='ltr'><strong>Syr.</strong></span> <span class='ocrx_word' id='word_1_160' title='bbox 1702 1183 1756 1220; x_wconf 89' lang='lat'><strong><em>14</em></strong></span> 
     </span>
     <span class='ocr_line' id='line_1_18' title="bbox 174 1230 1756 1292; baseline 0.004 -18"><span class='ocrx_word' id='word_1_161' title='bbox 174 1230 238 1289; x_wconf 80' lang='grc' dir='ltr'><strong><em>(οἱ</em></strong></span> <span class='ocrx_word' id='word_1_162' title='bbox 257 1231 405 1290; x_wconf 84' lang='grc' dir='ltr'><strong><em>Σύροι)</em></strong></span> <span class='ocrx_word' id='word_1_163' title='bbox 439 1235 583 1288; x_wconf 78' lang='grc' dir='ltr'><strong><em>ἰχθύας</em></strong></span> <span class='ocrx_word' id='word_1_164' title='bbox 614 1242 744 1291; x_wconf 82' lang='grc' dir='ltr'><strong><em>χρῆμα</em></strong></span> <span class='ocrx_word' id='word_1_165' title='bbox 769 1236 857 1291; x_wconf 80' lang='grc' dir='ltr'><strong><em>ἱρὸν</em></strong></span> <span class='ocrx_word' id='word_1_166' title='bbox 882 1237 1088 1290; x_wconf 80' lang='grc' dir='ltr'><strong><em>νομίζουσι</em></strong></span> <span class='ocrx_word' id='word_1_167' title='bbox 1119 1237 1185 1278; x_wconf 86' lang='grc' dir='ltr'><strong><em>καὶ</em></strong></span> <span class='ocrx_word' id='word_1_168' title='bbox 1217 1236 1356 1279; x_wconf 75' lang='grc' dir='ltr'><strong><em>οὔκοτε</em></strong></span> <span class='ocrx_word' id='word_1_169' title='bbox 1383 1239 1539 1292; x_wconf 78' lang='grc' dir='ltr'><strong><em>ἰχθύων</em></strong></span> <span class='ocrx_word' id='word_1_170' title='bbox 1563 1239 1756 1291; x_wconf 83' lang='grc' dir='ltr'><strong><em>ψαύουσι.</em></strong></span> 
     </span>
     <span class='ocr_line' id='line_1_19' title="bbox 173 1296 1755 1353; baseline 0.004 -19"><span class='ocrx_word' id='word_1_171' title='bbox 173 1297 212 1335; x_wconf 88' lang='grc'><strong><em>3.</em></strong></span> <span class='ocrx_word' id='word_1_172' title='bbox 245 1297 284 1336; x_wconf 90' lang='grc'><strong><em>4.</em></strong></span> <span class='ocrx_word' id='word_1_173' title='bbox 314 1296 491 1336; x_wconf 74' lang='lat' dir='ltr'>Martial.</span> <span class='ocrx_word' id='word_1_174' title='bbox 523 1299 562 1347; x_wconf 88' lang='lat'><strong><em>4,</em></strong></span> <span class='ocrx_word' id='word_1_175' title='bbox 595 1299 650 1337; x_wconf 87' lang='lat'><strong><em>43</em></strong></span> <span class='ocrx_word' id='word_1_176' title='bbox 684 1300 772 1338; x_wconf 75' lang='lat' dir='ltr'><strong><em>iuro</em></strong></span> <span class='ocrx_word' id='word_1_177' title='bbox 797 1311 873 1348; x_wconf 76' lang='lat' dir='ltr'><strong><em>per</em></strong></span> <span class='ocrx_word' id='word_1_178' title='bbox 903 1298 1039 1348; x_wconf 70' lang='lat' dir='ltr'>Syrios</span> <span class='ocrx_word' id='word_1_179' title='bbox 1069 1300 1139 1339; x_wconf 76' lang='lat' dir='ltr'><em>tibi</em></span> <span class='ocrx_word' id='word_1_180' title='bbox 1170 1303 1348 1339; x_wconf 75' lang='lat' dir='ltr'><strong><em>tumores.</em></strong></span> <span class='ocrx_word' id='word_1_181' title='bbox 1409 1314 1446 1340; x_wconf 88' lang='lat' dir='ltr'><strong><em>v.</em></strong></span> <span class='ocrx_word' id='word_1_182' title='bbox 1469 1302 1492 1338; x_wconf 90' lang='lat'>2</span> <span class='ocrx_word' id='word_1_183' title='bbox 1527 1313 1600 1340; x_wconf 85' lang='lat' dir='ltr'>ser.</span> <span class='ocrx_word' id='word_1_184' title='bbox 1633 1300 1755 1353; x_wconf 84' lang='grc' dir='ltr'><strong><em>ἰχθὺν</em></strong></span> 
     </span>
     <span class='ocr_line' id='line_1_20' title="bbox 172 1353 1486 1411; baseline 0.003 -16"><span class='ocrx_word' id='word_1_185' title='bbox 172 1353 275 1396; x_wconf 80' lang='grc' dir='ltr'><strong><em>ἐκεῖ</em></strong></span> <span class='ocrx_word' id='word_1_186' title='bbox 298 1354 377 1396; x_wconf 84' lang='grc' dir='ltr'><strong><em>καὶ</em></strong></span> <span class='ocrx_word' id='word_1_187' title='bbox 407 1378 466 1383; x_wconf 87' lang='grc'>-</span> <span class='ocrx_word' id='word_1_188' title='bbox 499 1356 731 1409; x_wconf 56' lang='grc' dir='ltr'><strong><em>οἰδῶσιν,7</em></strong></span> <span class='ocrx_word' id='word_1_189' title='bbox 754 1360 800 1397; x_wconf 72' lang='lat' dir='ltr'><strong><em>ut</em></strong></span> <span class='ocrx_word' id='word_1_190' title='bbox 830 1358 1017 1409; x_wconf 80' lang='lat' dir='ltr'>apodosis</span> <span class='ocrx_word' id='word_1_191' title='bbox 1048 1358 1216 1410; x_wconf 68' lang='lat' dir='ltr'>incipiat</span> <span class='ocrx_word' id='word_1_192' title='bbox 1247 1360 1298 1399; x_wconf 87' lang='lat' dir='ltr'><strong><em>ab</em></strong></span> <span class='ocrx_word' id='word_1_193' title='bbox 1331 1357 1486 1411; x_wconf 76' lang='grc' dir='ltr'><strong><em>ἔλαβον.</em></strong></span> 
     </span>
    </p>
   </div>
   <div class='ocr_carea' id='block_1_4' title="bbox 922 1524 1010 1567">
    <p class='ocr_par' dir='ltr' id='par_1_4' title="bbox 922 1524 1010 1567">
     <span class='ocr_line' id='line_1_21' title="bbox 922 1524 1010 1567; baseline 0.011 -1"><span class='ocrx_word' id='word_1_194' title='bbox 922 1524 1010 1567; x_wconf 88' lang='grc'><strong><em>545</em></strong></span> 
     </span>
    </p>
   </div>
   <div class='ocr_carea' id='block_1_5' title="bbox 165 1608 1753 2986">
    <p class='ocr_par' dir='ltr' id='par_1_5' title="bbox 165 1608 1753 2986">
     <span class='ocr_line' id='line_1_22' title="bbox 289 1608 1751 1667; baseline 0.003 -18"><span class='ocrx_word' id='word_1_195' title='bbox 289 1609 493 1650; x_wconf 76' lang='lat' dir='ltr'>Lucianus</span> <span class='ocrx_word' id='word_1_196' title='bbox 513 1610 752 1663; x_wconf 85' lang='lat' dir='ltr'>Pseudolog.</span> <span class='ocrx_word' id='word_1_197' title='bbox 774 1612 800 1649; x_wconf 94' lang='lat'>4</span> <span class='ocrx_word' id='word_1_198' title='bbox 838 1609 1108 1665; x_wconf 81' lang='grc' dir='ltr'><strong><em>παρακλητέος</em></strong></span> <span class='ocrx_word' id='word_1_199' title='bbox 1139 1608 1237 1664; x_wconf 77' lang='grc' dir='ltr'><strong><em>ἡμῖν</em></strong></span> <span class='ocrx_word' id='word_1_200' title='bbox 1268 1617 1346 1652; x_wconf 84' lang='grc' dir='ltr'><strong><em>τῶν</em></strong></span> <span class='ocrx_word' id='word_1_201' title='bbox 1373 1612 1622 1666; x_wconf 83' lang='grc' dir='ltr'><strong><em>Μενάνδρου</em></strong></span> <span class='ocrx_word' id='word_1_202' title='bbox 1654 1627 1751 1667; x_wconf 91' lang='grc' dir='ltr'><strong><em>προ-</em></strong></span> 
     </span>
     <span class='ocr_line' id='line_1_23' title="bbox 169 1665 1753 1728; baseline 0.003 -19"><span class='ocrx_word' id='word_1_203' title='bbox 169 1667 298 1723; x_wconf 86' lang='grc' dir='ltr'><strong><em>λόγων</em></strong></span> <span class='ocrx_word' id='word_1_204' title='bbox 334 1665 390 1718; x_wconf 83' lang='grc' dir='ltr'><strong><em>εἷς</em></strong></span> <span class='ocrx_word' id='word_1_205' title='bbox 427 1667 448 1710; x_wconf 88' lang='lat'>6</span> <span class='ocrx_word' id='word_1_206' title='bbox 482 1667 689 1723; x_wconf 76' lang='grc' dir='ltr'><strong><em>’Έλεγχος,</em></strong></span> <span class='ocrx_word' id='word_1_207' title='bbox 732 1669 848 1721; x_wconf 81' lang='grc' dir='ltr'><strong><em>φίλος</em></strong></span> <span class='ocrx_word' id='word_1_208' title='bbox 882 1667 1070 1727; x_wconf 76' lang='grc' dir='ltr'><strong><em>Ἀληθείᾳ</em></strong></span> <span class='ocrx_word' id='word_1_209' title='bbox 1107 1670 1174 1712; x_wconf 84' lang='grc' dir='ltr'><strong><em>καὶ</em></strong></span> <span class='ocrx_word' id='word_1_210' title='bbox 1211 1673 1444 1728; x_wconf 76' lang='grc' dir='ltr'><strong><em>Παρρησία,</em></strong></span> <span class='ocrx_word' id='word_1_211' title='bbox 1488 1672 1584 1721; x_wconf 87' lang='grc' dir='ltr'><strong><em>θεὸς</em></strong></span> <span class='ocrx_word' id='word_1_212' title='bbox 1622 1673 1695 1726; x_wconf 81' lang='grc' dir='ltr'><strong><em>οὐχ</em></strong></span> <span class='ocrx_word' id='word_1_213' title='bbox 1732 1672 1753 1714; x_wconf 86' lang='grc' dir='ltr'><em>ὅ</em></span> 
     </span>
     <span class='ocr_line' id='line_1_24' title="bbox 169 1727 1753 1787; baseline 0.003 -18"><span class='ocrx_word' id='word_1_214' title='bbox 169 1727 413 1782; x_wconf 80' lang='grc' dir='ltr'><strong><em>ἀσημότατος</em></strong></span> <span class='ocrx_word' id='word_1_215' title='bbox 449 1735 528 1771; x_wconf 85' lang='grc' dir='ltr'><strong><em>τῶν</em></strong></span> <span class='ocrx_word' id='word_1_216' title='bbox 566 1729 630 1770; x_wconf 80' lang='grc' dir='ltr'><strong><em>ἐπὶ</em></strong></span> <span class='ocrx_word' id='word_1_217' title='bbox 665 1728 739 1782; x_wconf 82' lang='grc' dir='ltr'><strong><em>τὴν</em></strong></span> <span class='ocrx_word' id='word_1_218' title='bbox 770 1729 924 1782; x_wconf 83' lang='grc' dir='ltr'><strong><em>σκηνὴν</em></strong></span> <span class='ocrx_word' id='word_1_219' title='bbox 956 1729 1273 1784; x_wconf 79' lang='grc' dir='ltr'><strong><em>ἀναβαινόντων,</em></strong></span> <span class='ocrx_word' id='word_1_220' title='bbox 1314 1732 1452 1784; x_wconf 88' lang='grc' dir='ltr'><strong><em>μόνοις</em></strong></span> <span class='ocrx_word' id='word_1_221' title='bbox 1483 1731 1579 1785; x_wconf 78' lang='grc' dir='ltr'><strong><em>ὑμῖν</em></strong></span> <span class='ocrx_word' id='word_1_222' title='bbox 1611 1732 1753 1787; x_wconf 78' lang='grc' dir='ltr'><strong><em>ἐχθρὸς</em></strong></span> 
     </span>
     <span class='ocr_line' id='line_1_25' title="bbox 169 1789 1752 1844; baseline 0.003 -15"><span class='ocrx_word' id='word_1_223' title='bbox 169 1793 250 1838; x_wconf 86' lang='grc' dir='ltr'><strong><em>τοῖς</em></strong></span> <span class='ocrx_word' id='word_1_224' title='bbox 281 1789 430 1830; x_wconf 83' lang='grc' dir='ltr'><strong><em>δεδιόσι</em></strong></span> <span class='ocrx_word' id='word_1_225' title='bbox 459 1789 532 1842; x_wconf 84' lang='grc' dir='ltr'><strong><em>τὴν</em></strong></span> <span class='ocrx_word' id='word_1_226' title='bbox 563 1793 736 1844; x_wconf 84' lang='grc' dir='ltr'><strong><em>γλῶτταν</em></strong></span> <span class='ocrx_word' id='word_1_227' title='bbox 762 1789 901 1843; x_wconf 82' lang='grc' dir='ltr'><strong><em>αὐτοῦ,</em></strong></span> <span class='ocrx_word' id='word_1_228' title='bbox 931 1791 1062 1832; x_wconf 89' lang='grc' dir='ltr'><strong><em>πάντα</em></strong></span> <span class='ocrx_word' id='word_1_229' title='bbox 1089 1791 1239 1840; x_wconf 85' lang='grc' dir='ltr'><strong><em>εἰδότος</em></strong></span> <span class='ocrx_word' id='word_1_230' title='bbox 1269 1791 1337 1832; x_wconf 88' lang='grc' dir='ltr'><strong><em>καὶ</em></strong></span> <span class='ocrx_word' id='word_1_231' title='bbox 1369 1798 1507 1844; x_wconf 83' lang='grc' dir='ltr'><strong><em>σαφῶς</em></strong></span> <span class='ocrx_word' id='word_1_232' title='bbox 1539 1793 1752 1842; x_wconf 78' lang='grc' dir='ltr'><strong><em>διεξιόντος</em></strong></span> 
     </span>
     <span class='ocr_line' id='line_1_26' title="bbox 169 1847 1751 1908; baseline 0.003 -18"><span class='ocrx_word' id='word_1_233' title='bbox 169 1847 296 1891; x_wconf 84' lang='grc' dir='ltr'><strong><em>ὁπόσα</em></strong></span> <span class='ocrx_word' id='word_1_234' title='bbox 331 1848 428 1902; x_wconf 77' lang='grc' dir='ltr'><strong><em>ὑμῖν</em></strong></span> <span class='ocrx_word' id='word_1_235' title='bbox 465 1850 663 1891; x_wconf 88' lang='grc' dir='ltr'><strong><em>σύνοιδεν.</em></strong></span> <span class='ocrx_word' id='word_1_236' title='bbox 725 1851 832 1890; x_wconf 80' lang='lat' dir='ltr'>idem</span> <span class='ocrx_word' id='word_1_237' title='bbox 871 1851 929 1890; x_wconf 90' lang='lat' dir='ltr'><strong><em>De</em></strong></span> <span class='ocrx_word' id='word_1_238' title='bbox 971 1865 1120 1892; x_wconf 82' lang='lat' dir='ltr'>oonsor.</span> <span class='ocrx_word' id='word_1_239' title='bbox 1159 1853 1253 1892; x_wconf 73' lang='lat' dir='ltr'>hist.</span> <span class='ocrx_word' id='word_1_240' title='bbox 1286 1855 1340 1892; x_wconf 90' lang='lat'><strong><em>41</em></strong></span> <span class='ocrx_word' id='word_1_241' title='bbox 1382 1858 1560 1901; x_wconf 82' lang='grc' dir='ltr'><strong><em>τοιοῦτος</em></strong></span> <span class='ocrx_word' id='word_1_242' title='bbox 1597 1851 1618 1893; x_wconf 89' lang='lat'>6</span> <span class='ocrx_word' id='word_1_243' title='bbox 1657 1865 1751 1908; x_wconf 88' lang='grc' dir='ltr'><strong><em>συγ-</em></strong></span> 
     </span>
     <span class='ocr_line' id='line_1_27' title="bbox 167 1909 1752 1967; baseline 0.003 -18"><span class='ocrx_word' id='word_1_244' title='bbox 167 1909 344 1964; x_wconf 85' lang='grc' dir='ltr'><strong><em>γραφεὺς</em></strong></span> <span class='ocrx_word' id='word_1_245' title='bbox 377 1909 486 1962; x_wconf 78' lang='grc' dir='ltr'><strong><em>ἔστω,</em></strong></span> <span class='ocrx_word' id='word_1_246' title='bbox 518 1909 688 1964; x_wconf 72' lang='grc' dir='ltr'><strong><em>ἄφοβος,</em></strong></span> <span class='ocrx_word' id='word_1_247' title='bbox 722 1909 948 1964; x_wconf 79' lang='grc' dir='ltr'><strong><em>ἀδέκαστος,</em></strong></span> <span class='ocrx_word' id='word_1_248' title='bbox 979 1910 1204 1964; x_wconf 80' lang='grc' dir='ltr'><strong><em>ἐλεύθερος,</em></strong></span> <span class='ocrx_word' id='word_1_249' title='bbox 1235 1914 1504 1967; x_wconf 87' lang='grc' dir='ltr'><strong><em>παρρησίας</em></strong></span> <span class='ocrx_word' id='word_1_250' title='bbox 1535 1912 1613 1953; x_wconf 87' lang='grc' dir='ltr'><strong><em>καὶ</em></strong></span> <span class='ocrx_word' id='word_1_251' title='bbox 1639 1912 1752 1966; x_wconf 82' lang='grc' dir='ltr'><strong><em>ἀλη-</em></strong></span> 
     </span>
     <span class='ocr_line' id='line_1_28' title="bbox 168 1969 1750 2025; baseline 0.002 -15"><span class='ocrx_word' id='word_1_252' title='bbox 168 1970 306 2019; x_wconf 82' lang='grc' dir='ltr'><strong><em>θείας</em></strong></span> <span class='ocrx_word' id='word_1_253' title='bbox 337 1970 496 2022; x_wconf 83' lang='grc' dir='ltr'><strong><em>φίλος,</em></strong></span> <span class='ocrx_word' id='word_1_254' title='bbox 529 1969 588 2019; x_wconf 80' lang='grc' dir='ltr'><strong><em>ὡς</em></strong></span> <span class='ocrx_word' id='word_1_255' title='bbox 620 1970 640 2011; x_wconf 88' lang='grc' dir='ltr'><em>ὅ</em></span> <span class='ocrx_word' id='word_1_256' title='bbox 672 1970 882 2023; x_wconf 84' lang='grc' dir='ltr'><strong><em>κωμικός</em></strong></span> <span class='ocrx_word' id='word_1_257' title='bbox 920 1983 1058 2024; x_wconf 87' lang='grc' dir='ltr'><strong><em>φησι,</em></strong></span> <span class='ocrx_word' id='word_1_258' title='bbox 1091 1971 1143 2012; x_wconf 84' lang='grc' dir='ltr'><strong><em>τὰ</em></strong></span> <span class='ocrx_word' id='word_1_259' title='bbox 1182 1978 1302 2012; x_wconf 80' lang='grc' dir='ltr'><strong><em>σῦκα</em></strong></span> <span class='ocrx_word' id='word_1_260' title='bbox 1342 1978 1482 2024; x_wconf 85' lang='grc' dir='ltr'><strong><em>σῦκα,</em></strong></span> <span class='ocrx_word' id='word_1_261' title='bbox 1519 1972 1606 2025; x_wconf 80' lang='grc' dir='ltr'><strong><em>τὴν</em></strong></span> <span class='ocrx_word' id='word_1_262' title='bbox 1639 1974 1750 2015; x_wconf 86' lang='grc' dir='ltr'><strong><em>σκά-</em></strong></span> 
     </span>
     <span class='ocr_line' id='line_1_29' title="bbox 168 2028 1750 2088; baseline 0.003 -19"><span class='ocrx_word' id='word_1_263' title='bbox 168 2045 265 2082; x_wconf 85' lang='grc' dir='ltr'><strong><em>φην</em></strong></span> <span class='ocrx_word' id='word_1_264' title='bbox 291 2028 339 2070; x_wconf 83' lang='grc' dir='ltr'><strong><em>δὲ</em></strong></span> <span class='ocrx_word' id='word_1_265' title='bbox 365 2030 556 2082; x_wconf 85' lang='grc' dir='ltr'><strong><em>σκάφην</em></strong></span> <span class='ocrx_word' id='word_1_266' title='bbox 582 2028 851 2084; x_wconf 80' lang='grc' dir='ltr'><strong><em>ὀνομάσων.</em></strong></span> <span class='ocrx_word' id='word_1_267' title='bbox 884 2032 1143 2083; x_wconf 75' lang='lat' dir='ltr'>Aphthonius</span> <span class='ocrx_word' id='word_1_268' title='bbox 1158 2033 1339 2085; x_wconf 87' lang='lat' dir='ltr'>Prog.11</span> <span class='ocrx_word' id='word_1_269' title='bbox 1359 2029 1527 2086; x_wconf 80' lang='lat' dir='ltr'>(p.45,1</span> <span class='ocrx_word' id='word_1_270' title='bbox 1544 2030 1750 2088; x_wconf 83' lang='lat' dir='ltr'>Spengel.)</span> 
     </span>
     <span class='ocr_line' id='line_1_30' title="bbox 168 2087 1750 2147; baseline 0.002 -17"><span class='ocrx_word' id='word_1_271' title='bbox 168 2091 488 2143; x_wconf 86' lang='grc' dir='ltr'><strong><em>προσωποποιία,</em></strong></span> <span class='ocrx_word' id='word_1_272' title='bbox 515 2090 609 2132; x_wconf 83' lang='grc' dir='ltr'><strong><em>ὅταν</em></strong></span> <span class='ocrx_word' id='word_1_273' title='bbox 635 2091 792 2131; x_wconf 79' lang='grc' dir='ltr'><strong><em>ἅπαντα</em></strong></span> <span class='ocrx_word' id='word_1_274' title='bbox 816 2091 1041 2144; x_wconf 88' lang='grc' dir='ltr'><strong><em>πλάττηται,</em></strong></span> <span class='ocrx_word' id='word_1_275' title='bbox 1066 2091 1134 2133; x_wconf 85' lang='grc' dir='ltr'><strong><em>καὶ</em></strong></span> <span class='ocrx_word' id='word_1_276' title='bbox 1159 2087 1263 2145; x_wconf 77' lang='grc' dir='ltr'><strong><em>ἦθος</em></strong></span> <span class='ocrx_word' id='word_1_277' title='bbox 1289 2092 1355 2132; x_wconf 88' lang='grc' dir='ltr'><strong><em>καὶ</em></strong></span> <span class='ocrx_word' id='word_1_278' title='bbox 1379 2092 1594 2145; x_wconf 90' lang='grc' dir='ltr'><strong><em>πρόσωπον</em></strong></span> <span class='ocrx_word' id='word_1_279' title='bbox 1620 2093 1750 2147; x_wconf 78' lang='grc' dir='ltr'><strong><em>ὥσπερ</em></strong></span> 
     </span>
     <span class='ocr_line' id='line_1_31' title="bbox 167 2148 1749 2207; baseline 0.003 -17"><span class='ocrx_word' id='word_1_280' title='bbox 167 2148 326 2202; x_wconf 76' lang='grc' dir='ltr'><strong><em>ἐποίησε</em></strong></span> <span class='ocrx_word' id='word_1_281' title='bbox 375 2149 621 2204; x_wconf 84' lang='grc' dir='ltr'><strong><em>Μένανδρος</em></strong></span> <span class='ocrx_word' id='word_1_282' title='bbox 658 2149 859 2206; x_wconf 83' lang='grc' dir='ltr'><strong><em>Ἔλεγχον.</em></strong></span> <span class='ocrx_word' id='word_1_283' title='bbox 939 2152 1214 2206; x_wconf 81' lang='lat' dir='ltr'>Hermogenes</span> <span class='ocrx_word' id='word_1_284' title='bbox 1265 2154 1384 2206; x_wconf 85' lang='lat' dir='ltr'>Prog.</span> <span class='ocrx_word' id='word_1_285' title='bbox 1418 2156 1441 2193; x_wconf 89' lang='lat'>9</span> <span class='ocrx_word' id='word_1_286' title='bbox 1484 2149 1545 2207; x_wconf 91' lang='lat' dir='ltr'><strong><em>(p.</em></strong></span> <span class='ocrx_word' id='word_1_287' title='bbox 1581 2155 1654 2207; x_wconf 88' lang='lat'>15,</span> <span class='ocrx_word' id='word_1_288' title='bbox 1692 2156 1749 2193; x_wconf 91' lang='lat'><strong><em>44</em></strong></span> 
     </span>
     <span class='ocr_line' id='line_1_32' title="bbox 168 2205 1748 2267; baseline 0.003 -17"><span class='ocrx_word' id='word_1_289' title='bbox 168 2205 375 2266; x_wconf 85' lang='lat' dir='ltr'>Spengel.)</span> <span class='ocrx_word' id='word_1_290' title='bbox 424 2212 751 2264; x_wconf 87' lang='grc' dir='ltr'><strong><em>προσωποποιία,</em></strong></span> <span class='ocrx_word' id='word_1_291' title='bbox 808 2211 902 2252; x_wconf 81' lang='grc' dir='ltr'><strong><em>ὅταν</em></strong></span> <span class='ocrx_word' id='word_1_292' title='bbox 952 2212 1151 2267; x_wconf 79' lang='grc' dir='ltr'><strong><em>πράγματι</em></strong></span> <span class='ocrx_word' id='word_1_293' title='bbox 1199 2217 1464 2265; x_wconf 84' lang='grc' dir='ltr'><strong><em>περιτιθῶμεν</em></strong></span> <span class='ocrx_word' id='word_1_294' title='bbox 1520 2212 1748 2266; x_wconf 86' lang='grc' dir='ltr'><strong><em>πρόσωπον,</em></strong></span> 
     </span>
     <span class='ocr_line' id='line_1_33' title="bbox 167 2268 1749 2330; baseline 0.002 -19"><span class='ocrx_word' id='word_1_295' title='bbox 167 2269 298 2323; x_wconf 77' lang='grc' dir='ltr'><strong><em>ὥσπερ</em></strong></span> <span class='ocrx_word' id='word_1_296' title='bbox 337 2268 570 2326; x_wconf 83' lang='grc' dir='ltr'><strong><em>ὅἜλεγχος</em></strong></span> <span class='ocrx_word' id='word_1_297' title='bbox 606 2271 716 2326; x_wconf 83' lang='grc' dir='ltr'><strong><em>παρὰ</em></strong></span> <span class='ocrx_word' id='word_1_298' title='bbox 754 2272 997 2330; x_wconf 79' lang='grc' dir='ltr'><strong><em>Μενάνδρῳ.</em></strong></span> <span class='ocrx_word' id='word_1_299' title='bbox 1060 2274 1211 2314; x_wconf 85' lang='lat' dir='ltr'>Theon.</span> <span class='ocrx_word' id='word_1_300' title='bbox 1242 2274 1359 2324; x_wconf 86' lang='lat' dir='ltr'>Prog.</span> <span class='ocrx_word' id='word_1_301' title='bbox 1395 2275 1463 2324; x_wconf 87' lang='grc'><strong><em>68,</em></strong></span> <span class='ocrx_word' id='word_1_302' title='bbox 1497 2276 1547 2314; x_wconf 92' lang='grc'><strong><em>21</em></strong></span> <span class='ocrx_word' id='word_1_303' title='bbox 1593 2286 1749 2326; x_wconf 89' lang='grc' dir='ltr'><strong><em>προσω-</em></strong></span> 
     </span>
     <span class='ocr_line' id='line_1_34' title="bbox 167 2330 1747 2386; baseline 0.002 -16"><span class='ocrx_word' id='word_1_304' title='bbox 167 2331 355 2379; x_wconf 89' lang='grc' dir='ltr'><strong><em>ποποιίας</em></strong></span> <span class='ocrx_word' id='word_1_305' title='bbox 385 2332 425 2371; x_wconf 88' lang='grc' dir='ltr'><strong><em>τί</em></strong></span> <span class='ocrx_word' id='word_1_306' title='bbox 447 2330 498 2371; x_wconf 73' lang='grc' dir='ltr'><strong><em>ἂν</em></strong></span> <span class='ocrx_word' id='word_1_307' title='bbox 529 2331 865 2386; x_wconf 79' lang='grc' dir='ltr'><strong><em>εἴηπαράδενγμα</em></strong></span> <span class='ocrx_word' id='word_1_308' title='bbox 889 2332 1071 2373; x_wconf 89' lang='grc' dir='ltr'><strong><em>κάλλιον.</em></strong></span> <span class='ocrx_word' id='word_1_309' title='bbox 1094 2365 1102 2373; x_wconf 97' lang='grc'><strong><em>.</em></strong></span> <span class='ocrx_word' id='word_1_310' title='bbox 1124 2339 1222 2373; x_wconf 81' lang='grc' dir='ltr'><strong><em>,τῶν</em></strong></span> <span class='ocrx_word' id='word_1_311' title='bbox 1242 2333 1492 2386; x_wconf 84' lang='grc' dir='ltr'><strong><em>Μενάνδρου</em></strong></span> <span class='ocrx_word' id='word_1_312' title='bbox 1527 2334 1747 2386; x_wconf 89' lang='grc' dir='ltr'><strong><em>δραμάτων.</em></strong></span> 
     </span>
     <span class='ocr_line' id='line_1_35' title="bbox 168 2391 1747 2445; baseline 0.002 -14"><span class='ocrx_word' id='word_1_313' title='bbox 168 2391 216 2431; x_wconf 82' lang='lat' dir='ltr'><strong><em>of.</em></strong></span> <span class='ocrx_word' id='word_1_314' title='bbox 254 2391 378 2431; x_wconf 71' lang='lat' dir='ltr'>etiam</span> <span class='ocrx_word' id='word_1_315' title='bbox 416 2392 635 2444; x_wconf 72' lang='lat' dir='ltr'>Doxopatr.</span> <span class='ocrx_word' id='word_1_316' title='bbox 674 2393 801 2433; x_wconf 84' lang='lat' dir='ltr'>Walz.</span> <span class='ocrx_word' id='word_1_317' title='bbox 839 2393 1002 2433; x_wconf 74' lang='lat' dir='ltr'>Rhetor.</span> <span class='ocrx_word' id='word_1_318' title='bbox 1043 2394 1084 2432; x_wconf 83' lang='grc' dir='ltr'><strong><em>ΙΙ</em></strong></span> <span class='ocrx_word' id='word_1_319' title='bbox 1124 2396 1228 2445; x_wconf 87' lang='grc'>646,</span> <span class='ocrx_word' id='word_1_320' title='bbox 1269 2396 1336 2434; x_wconf 94' lang='grc'><strong><em>21.</em></strong></span> <span class='ocrx_word' id='word_1_321' title='bbox 1387 2393 1560 2434; x_wconf 86' lang='lat' dir='ltr'>Cramer.</span> <span class='ocrx_word' id='word_1_322' title='bbox 1599 2394 1747 2434; x_wconf 82' lang='lat' dir='ltr'>Aneod.</span> 
     </span>
     <span class='ocr_line' id='line_1_36' title="bbox 168 2451 1747 2506; baseline 0.001 -16"><span class='ocrx_word' id='word_1_323' title='bbox 168 2451 259 2490; x_wconf 84' lang='lat' dir='ltr'>Par.</span> <span class='ocrx_word' id='word_1_324' title='bbox 284 2451 305 2491; x_wconf 90' lang='grc' dir='ltr'><strong>Ι</strong></span> <span class='ocrx_word' id='word_1_325' title='bbox 338 2454 436 2503; x_wconf 82' lang='grc'>398,</span> <span class='ocrx_word' id='word_1_326' title='bbox 470 2455 522 2492; x_wconf 93' lang='grc'><strong><em>22</em></strong></span> <span class='ocrx_word' id='word_1_327' title='bbox 558 2452 808 2506; x_wconf 87' lang='grc' dir='ltr'><strong><em>Μενάνδρου</em></strong></span> <span class='ocrx_word' id='word_1_328' title='bbox 835 2453 951 2504; x_wconf 90' lang='grc' dir='ltr'><strong><em>φίλος</em></strong></span> <span class='ocrx_word' id='word_1_329' title='bbox 982 2451 1152 2505; x_wconf 82' lang='grc' dir='ltr'><strong><em>ἀλήθεια</em></strong></span> <span class='ocrx_word' id='word_1_330' title='bbox 1183 2451 1250 2492; x_wconf 81' lang='grc' dir='ltr'><strong><em>καὶ</em></strong></span> <span class='ocrx_word' id='word_1_331' title='bbox 1280 2451 1370 2493; x_wconf 82' lang='grc' dir='ltr'><strong><em>θεοὶ</em></strong></span> <span class='ocrx_word' id='word_1_332' title='bbox 1400 2453 1613 2506; x_wconf 85' lang='grc' dir='ltr'><strong><em>παρρησία,</em></strong></span> <span class='ocrx_word' id='word_1_333' title='bbox 1646 2467 1747 2505; x_wconf 88' lang='lat' dir='ltr'>quae</span> 
     </span>
     <span class='ocr_line' id='line_1_37' title="bbox 167 2509 1747 2566; baseline 0.001 -16"><span class='ocrx_word' id='word_1_334' title='bbox 167 2512 402 2564; x_wconf 83' lang='lat' dir='ltr'>corrigenda</span> <span class='ocrx_word' id='word_1_335' title='bbox 427 2515 522 2552; x_wconf 71' lang='lat' dir='ltr'>sunt</span> <span class='ocrx_word' id='word_1_336' title='bbox 547 2526 593 2552; x_wconf 85' lang='lat' dir='ltr'><strong><em>ex</em></strong></span> <span class='ocrx_word' id='word_1_337' title='bbox 626 2514 913 2564; x_wconf 87' lang='lat' dir='ltr'>superioribus.</span> <span class='ocrx_word' id='word_1_338' title='bbox 972 2509 1272 2566; x_wconf 86' lang='grc' dir='ltr'><strong><em>Ἐλευθερία,</em></strong></span> <span class='ocrx_word' id='word_1_339' title='bbox 1309 2513 1535 2566; x_wconf 88' lang='grc' dir='ltr'><strong><em>Παρρησία,</em></strong></span> <span class='ocrx_word' id='word_1_340' title='bbox 1561 2510 1747 2566; x_wconf 85' lang='grc' dir='ltr'><strong><em>Ἔλεγχος</em></strong></span> 
     </span>
     <span class='ocr_line' id='line_1_38' title="bbox 167 2572 1746 2625; baseline 0.001 -15"><span class='ocrx_word' id='word_1_341' title='bbox 167 2583 258 2610; x_wconf 84' lang='lat' dir='ltr'><strong><em>cum</em></strong></span> <span class='ocrx_word' id='word_1_342' title='bbox 297 2572 466 2612; x_wconf 77' lang='lat' dir='ltr'><strong><em>Veritate</em></strong></span> <span class='ocrx_word' id='word_1_343' title='bbox 509 2573 808 2625; x_wconf 79' lang='lat' dir='ltr'>coniunguntur</span> <span class='ocrx_word' id='word_1_344' title='bbox 852 2573 1014 2613; x_wconf 83' lang='lat' dir='ltr'>Lueian.</span> <span class='ocrx_word' id='word_1_345' title='bbox 1053 2574 1154 2613; x_wconf 83' lang='lat' dir='ltr'>Piso.</span> <span class='ocrx_word' id='word_1_346' title='bbox 1197 2575 1263 2612; x_wconf 88' lang='lat'><strong><em>17.</em></strong></span> <span class='ocrx_word' id='word_1_347' title='bbox 1315 2574 1454 2623; x_wconf 78' lang='lat' dir='ltr'>Apost.</span> <span class='ocrx_word' id='word_1_348' title='bbox 1491 2575 1563 2623; x_wconf 89' lang='lat'>16,</span> <span class='ocrx_word' id='word_1_349' title='bbox 1602 2575 1656 2612; x_wconf 87' lang='lat'>10</span> <span class='ocrx_word' id='word_1_350' title='bbox 1700 2572 1746 2612; x_wconf 84' lang='grc' dir='ltr'><strong><em>τὰ</em></strong></span> 
     </span>
     <span class='ocr_line' id='line_1_39' title="bbox 167 2628 1744 2687; baseline 0.001 -17"><span class='ocrx_word' id='word_1_351' title='bbox 167 2635 269 2670; x_wconf 87' lang='grc' dir='ltr'><strong><em>σῦκα</em></strong></span> <span class='ocrx_word' id='word_1_352' title='bbox 299 2637 401 2671; x_wconf 86' lang='grc' dir='ltr'><strong><em>σῦκα</em></strong></span> <span class='ocrx_word' id='word_1_353' title='bbox 433 2630 530 2686; x_wconf 83' lang='grc' dir='ltr'><strong><em>λέγω</em></strong></span> <span class='ocrx_word' id='word_1_354' title='bbox 561 2631 628 2672; x_wconf 83' lang='grc' dir='ltr'><strong><em>καὶ</em></strong></span> <span class='ocrx_word' id='word_1_355' title='bbox 658 2631 732 2684; x_wconf 84' lang='grc' dir='ltr'><strong><em>τὴν</em></strong></span> <span class='ocrx_word' id='word_1_356' title='bbox 762 2633 968 2685; x_wconf 88' lang='grc' dir='ltr'><strong><em>κάρδοπον</em></strong></span> <span class='ocrx_word' id='word_1_357' title='bbox 1007 2628 1249 2687; x_wconf 85' lang='grc' dir='ltr'><strong><em>(κάρδοπον)</em></strong></span> <span class='ocrx_word' id='word_1_358' title='bbox 1294 2631 1358 2672; x_wconf 84' lang='grc' dir='ltr'><strong><em>ἐπὶ</em></strong></span> <span class='ocrx_word' id='word_1_359' title='bbox 1400 2638 1479 2672; x_wconf 84' lang='grc' dir='ltr'><strong><em>τῶν</em></strong></span> <span class='ocrx_word' id='word_1_360' title='bbox 1522 2631 1569 2671; x_wconf 82' lang='grc' dir='ltr'><strong><em>τὰ</em></strong></span> <span class='ocrx_word' id='word_1_361' title='bbox 1609 2631 1744 2685; x_wconf 81' lang='grc' dir='ltr'><strong><em>ἀληθῆ</em></strong></span> 
     </span>
     <span class='ocr_line' id='line_1_40' title="bbox 166 2689 1745 2745; baseline 0.001 -15"><span class='ocrx_word' id='word_1_362' title='bbox 166 2689 359 2744; x_wconf 81' lang='grc' dir='ltr'><strong><em>λεγόντων</em></strong></span> <span class='ocrx_word' id='word_1_363' title='bbox 391 2690 690 2743; x_wconf 84' lang='grc' dir='ltr'><strong><em>ἀνεπιφθόνως.</em></strong></span> <span class='ocrx_word' id='word_1_364' title='bbox 719 2695 786 2745; x_wconf 91' lang='grc'><strong><em>15,</em></strong></span> <span class='ocrx_word' id='word_1_365' title='bbox 814 2694 906 2733; x_wconf 86' lang='lat' dir='ltr'><strong><em>95b</em></strong></span> <span class='ocrx_word' id='word_1_366' title='bbox 938 2692 985 2732; x_wconf 83' lang='grc' dir='ltr'><strong><em>τὰ</em></strong></span> <span class='ocrx_word' id='word_1_367' title='bbox 1012 2698 1113 2732; x_wconf 85' lang='grc' dir='ltr'><strong><em>σῦκα</em></strong></span> <span class='ocrx_word' id='word_1_368' title='bbox 1145 2697 1260 2743; x_wconf 83' lang='grc' dir='ltr'><strong><em>σῦκα,</em></strong></span> <span class='ocrx_word' id='word_1_369' title='bbox 1291 2690 1364 2742; x_wconf 80' lang='grc' dir='ltr'><strong><em>τὴν</em></strong></span> <span class='ocrx_word' id='word_1_370' title='bbox 1391 2691 1551 2743; x_wconf 88' lang='grc' dir='ltr'><strong><em>σκάφην</em></strong></span> <span class='ocrx_word' id='word_1_371' title='bbox 1584 2692 1745 2744; x_wconf 90' lang='grc' dir='ltr'><strong><em>σκάφην</em></strong></span> 
     </span>
     <span class='ocr_line' id='line_1_41' title="bbox 166 2748 1744 2804; baseline 0.001 -15"><span class='ocrx_word' id='word_1_372' title='bbox 166 2748 277 2804; x_wconf 82' lang='grc' dir='ltr'><strong><em>λέγει.</em></strong></span> <span class='ocrx_word' id='word_1_373' title='bbox 340 2752 388 2791; x_wconf 86' lang='lat' dir='ltr'><strong><em>cf.</em></strong></span> <span class='ocrx_word' id='word_1_374' title='bbox 427 2753 560 2803; x_wconf 81' lang='lat' dir='ltr'>adesp.</span> <span class='ocrx_word' id='word_1_375' title='bbox 600 2755 700 2793; x_wconf 89' lang='lat'>227.</span> <span class='ocrx_word' id='word_1_376' title='bbox 759 2753 876 2793; x_wconf 86' lang='lat' dir='ltr'>Mein.</span> <span class='ocrx_word' id='word_1_377' title='bbox 916 2754 976 2793; x_wconf 89' lang='lat' dir='ltr'><strong><em>ed.</em></strong></span> <span class='ocrx_word' id='word_1_378' title='bbox 1015 2753 1109 2791; x_wconf 91' lang='lat' dir='ltr'>min.</span> <span class='ocrx_word' id='word_1_379' title='bbox 1147 2766 1228 2791; x_wconf 68' lang='lat' dir='ltr'><strong><em>xm.</em></strong></span> <span class='ocrx_word' id='word_1_380' title='bbox 1291 2752 1483 2791; x_wconf 75' lang='lat' dir='ltr'>Fritzsch.</span> <span class='ocrx_word' id='word_1_381' title='bbox 1521 2752 1686 2791; x_wconf 83' lang='lat' dir='ltr'>Lucian.</span> <span class='ocrx_word' id='word_1_382' title='bbox 1725 2754 1744 2791; x_wconf 94' lang='lat' dir='ltr'>I</span> 
     </span>
     <span class='ocr_line' id='line_1_42' title="bbox 167 2812 1743 2863; baseline 0.001 -13"><span class='ocrx_word' id='word_1_383' title='bbox 167 2824 204 2860; x_wconf 87' lang='lat' dir='ltr'><strong><em>p.</em></strong></span> <span class='ocrx_word' id='word_1_384' title='bbox 227 2813 294 2862; x_wconf 88' lang='lat'><strong><em>90,</em></strong></span> <span class='ocrx_word' id='word_1_385' title='bbox 316 2824 488 2862; x_wconf 67' lang='lat' dir='ltr'>quocum</span> <span class='ocrx_word' id='word_1_386' title='bbox 509 2825 556 2851; x_wconf 87' lang='lat' dir='ltr'><strong><em>ex</em></strong></span> <span class='ocrx_word' id='word_1_387' title='bbox 580 2815 696 2863; x_wconf 74' lang='lat' dir='ltr'>parte</span> <span class='ocrx_word' id='word_1_388' title='bbox 716 2813 996 2853; x_wconf 72' lang='lat' dir='ltr'>tantummodo</span> <span class='ocrx_word' id='word_1_389' title='bbox 1023 2813 1238 2852; x_wconf 75' lang='lat' dir='ltr'><strong><em>consentio.</em></strong></span> <span class='ocrx_word' id='word_1_390' title='bbox 1264 2834 1313 2839; x_wconf 93' lang='lat'><strong>—</strong></span> <span class='ocrx_word' id='word_1_391' title='bbox 1342 2812 1404 2851; x_wconf 90' lang='lat' dir='ltr'><strong><em>his</em></strong></span> <span class='ocrx_word' id='word_1_392' title='bbox 1437 2812 1620 2851; x_wconf 85' lang='lat' dir='ltr'>omnibus</span> <span class='ocrx_word' id='word_1_393' title='bbox 1653 2826 1743 2852; x_wconf 84' lang='lat' dir='ltr'>con-</span> 
     </span>
     <span class='ocr_line' id='line_1_43' title="bbox 165 2866 1742 2926; baseline 0.001 -17"><span class='ocrx_word' id='word_1_394' title='bbox 165 2870 260 2910; x_wconf 76' lang='lat' dir='ltr'>latis</span> <span class='ocrx_word' id='word_1_395' title='bbox 285 2871 550 2911; x_wconf 81' lang='lat' dir='ltr'>Menandrum</span> <span class='ocrx_word' id='word_1_396' title='bbox 582 2873 639 2912; x_wconf 81' lang='lat' dir='ltr'><strong><em>sic</em></strong></span> <span class='ocrx_word' id='word_1_397' title='bbox 663 2873 747 2912; x_wconf 89' lang='lat' dir='ltr'>fere</span> <span class='ocrx_word' id='word_1_398' title='bbox 780 2873 987 2924; x_wconf 80' lang='lat' dir='ltr'>scripsisse</span> <span class='ocrx_word' id='word_1_399' title='bbox 1020 2873 1196 2911; x_wconf 75' lang='lat' dir='ltr'>arbitror</span> <span class='ocrx_word' id='word_1_400' title='bbox 1227 2866 1293 2926; x_wconf 83' lang='lat' dir='ltr'><strong><em>(ae</em></strong></span> <span class='ocrx_word' id='word_1_401' title='bbox 1318 2885 1353 2911; x_wconf 85' lang='lat' dir='ltr'><strong><em>v.</em></strong></span> <span class='ocrx_word' id='word_1_402' title='bbox 1384 2873 1420 2910; x_wconf 95' lang='lat'>1.</span> <span class='ocrx_word' id='word_1_403' title='bbox 1455 2873 1492 2911; x_wconf 95' lang='grc'><strong><em>2.</em></strong></span> <span class='ocrx_word' id='word_1_404' title='bbox 1527 2874 1550 2911; x_wconf 91' lang='lat'>7</span> <span class='ocrx_word' id='word_1_405' title='bbox 1580 2872 1636 2911; x_wconf 84' lang='lat' dir='ltr'><strong><em>sio</em></strong></span> <span class='ocrx_word' id='word_1_406' title='bbox 1662 2872 1742 2911; x_wconf 86' lang='lat' dir='ltr'><strong><em>iam</em></strong></span> 
     </span>
     <span class='ocr_line' id='line_1_44' title="bbox 165 2927 428 2986; baseline 0.008 -17"><span class='ocrx_word' id='word_1_407' title='bbox 165 2927 428 2986; x_wconf 84' lang='lat' dir='ltr'>Meinekius):</span> 
     </span>
    </p>
   </div>
  </div>
 </body>
</html>
