<?xml version="1.0" encoding="UTF-8"?>
<!DOCTYPE html PUBLIC "-//W3C//DTD XHTML 1.0 Transitional//EN"
    "http://www.w3.org/TR/xhtml1/DTD/xhtml1-transitional.dtd">
<html xmlns="http://www.w3.org/1999/xhtml" xml:lang="en" lang="en">
 <head>
  <title>
</title>
<meta http-equiv="Content-Type" content="text/html;charset=utf-8" />
  <meta name='ocr-system' content='tesseract 3.04.00' />
  <meta name='ocr-capabilities' content='ocr_page ocr_carea ocr_par ocr_line ocrx_word'/>
</head>
<body>
  <div class='ocr_page' id='page_1' title='image "./comicorumatticor03kockuoft_0564.png"; bbox 0 0 2014 3334; ppageno 0'>
   <div class='ocr_carea' id='block_1_1' title="bbox 253 208 1169 263">
    <p class='ocr_par' dir='ltr' id='par_1_1' title="bbox 253 208 1169 263">
     <span class='ocr_line' id='line_1_1' title="bbox 253 208 1169 263; baseline -0.008 -1"><span class='ocrx_word' id='word_1_1' title='bbox 253 220 341 263; x_wconf 85' lang='lat'><strong><em>544</em></strong></span> <span class='ocrx_word' id='word_1_2' title='bbox 630 208 633 212; x_wconf 71' lang='grc'><em>’</em></span> <span class='ocrx_word' id='word_1_3' title='bbox 906 222 1169 256; x_wconf 81' lang='grc' dir='ltr'><strong>ΑΔΕΣΠΟΤΑ</strong></span> 
     </span>
    </p>
   </div>
   <div class='ocr_carea' id='block_1_2' title="bbox 468 330 1633 539">
    <p class='ocr_par' dir='ltr' id='par_1_2' title="bbox 468 330 1633 539">
     <span class='ocr_line' id='line_1_2' title="bbox 998 330 1084 373; baseline -0.012 0"><span class='ocrx_word' id='word_1_4' title='bbox 998 330 1084 373; x_wconf 88' lang='lat'><strong><em>770</em></strong></span> 
     </span>
     <span class='ocr_line' id='line_1_3' title="bbox 469 410 1633 470; baseline 0.003 -16"><span class='ocrx_word' id='word_1_5' title='bbox 469 410 604 455; x_wconf 75' lang='grc' dir='ltr'><strong><em>οὐδὲν</em></strong></span> <span class='ocrx_word' id='word_1_6' title='bbox 635 410 729 455; x_wconf 81' lang='grc' dir='ltr'><strong><em>οὔτ’</em></strong></span> <span class='ocrx_word' id='word_1_7' title='bbox 768 411 810 463; x_wconf 82' lang='grc' dir='ltr'><strong><em>ἐξ</em></strong></span> <span class='ocrx_word' id='word_1_8' title='bbox 844 412 1011 467; x_wconf 85' lang='grc' dir='ltr'><strong><em>οὐρίων</em></strong></span> <span class='ocrx_word' id='word_1_9' title='bbox 1042 412 1231 455; x_wconf 81' lang='grc' dir='ltr'><strong><em>θέουσίν</em></strong></span> <span class='ocrx_word' id='word_1_10' title='bbox 1263 410 1348 456; x_wconf 82' lang='grc' dir='ltr'><strong><em>ἐστ’</em></strong></span> <span class='ocrx_word' id='word_1_11' title='bbox 1385 413 1633 470; x_wconf 83' lang='grc' dir='ltr'><strong><em>ἀπώμοτον,</em></strong></span> 
     </span>
     <span class='ocr_line' id='line_1_4' title="bbox 468 480 1620 539; baseline 0.003 -14"><span class='ocrx_word' id='word_1_12' title='bbox 468 484 570 525; x_wconf 80' lang='grc' dir='ltr'><strong><em>οὔτε</em></strong></span> <span class='ocrx_word' id='word_1_13' title='bbox 601 489 678 538; x_wconf 76' lang='grc' dir='ltr'><strong><em>τῆς</em></strong></span> <span class='ocrx_word' id='word_1_14' title='bbox 708 484 818 534; x_wconf 78' lang='grc' dir='ltr'><strong><em>νεὼς</em></strong></span> <span class='ocrx_word' id='word_1_15' title='bbox 850 485 1061 539; x_wconf 82' lang='grc' dir='ltr'><strong><em>λυθείσης</em></strong></span> <span class='ocrx_word' id='word_1_16' title='bbox 1092 480 1180 526; x_wconf 82' lang='grc' dir='ltr'><strong><em>ἔστ’</em></strong></span> <span class='ocrx_word' id='word_1_17' title='bbox 1215 483 1477 528; x_wconf 79' lang='grc' dir='ltr'><strong><em>ἀνέλπιστον</em></strong></span> <span class='ocrx_word' id='word_1_18' title='bbox 1538 518 1548 528; x_wconf 89' lang='grc'><strong>.</strong></span> <span class='ocrx_word' id='word_1_19' title='bbox 1610 519 1620 528; x_wconf 93' lang='grc'><strong>.</strong></span> 
     </span>
    </p>
   </div>
   <div class='ocr_carea' id='block_1_3' title="bbox 255 568 1825 683">
    <p class='ocr_par' dir='ltr' id='par_1_3' title="bbox 255 568 1825 683">
     <span class='ocr_line' id='line_1_5' title="bbox 373 568 1825 624; baseline 0.003 -16"><span class='ocrx_word' id='word_1_20' title='bbox 373 570 572 609; x_wconf 72' lang='lat' dir='ltr'><strong>Aristides</strong></span> <span class='ocrx_word' id='word_1_21' title='bbox 597 570 618 608; x_wconf 96' lang='lat' dir='ltr'>I</span> <span class='ocrx_word' id='word_1_22' title='bbox 644 572 729 610; x_wconf 89' lang='grc'><strong><em>443</em></strong></span> <span class='ocrx_word' id='word_1_23' title='bbox 762 570 897 610; x_wconf 82' lang='lat' dir='ltr'><strong>Dindf.</strong></span> <span class='ocrx_word' id='word_1_24' title='bbox 929 570 1195 623; x_wconf 80' lang='grc' dir='ltr'><strong><em>παράδειγμα.</em></strong></span> <span class='ocrx_word' id='word_1_25' title='bbox 1218 602 1226 609; x_wconf 95' lang='grc'><strong>.</strong></span> <span class='ocrx_word' id='word_1_26' title='bbox 1248 569 1319 618; x_wconf 80' lang='grc' dir='ltr'><strong><em>,ὡς</em></strong></span> <span class='ocrx_word' id='word_1_27' title='bbox 1351 568 1433 611; x_wconf 77' lang='grc' dir='ltr'><strong><em>οὔτ’</em></strong></span> <span class='ocrx_word' id='word_1_28' title='bbox 1469 570 1508 619; x_wconf 80' lang='grc' dir='ltr'><strong><em>ἐξ</em></strong></span> <span class='ocrx_word' id='word_1_29' title='bbox 1540 570 1624 624; x_wconf 85' lang='grc' dir='ltr'><strong><em>οὐρ.</em></strong></span> <span class='ocrx_word' id='word_1_30' title='bbox 1643 576 1686 612; x_wconf 85' lang='grc' dir='ltr'><strong><em>θ.</em></strong></span> <span class='ocrx_word' id='word_1_31' title='bbox 1705 569 1825 613; x_wconf 75' lang='grc' dir='ltr'><strong><em>οὐδὲν</em></strong></span> 
     </span>
     <span class='ocr_line' id='line_1_6' title="bbox 255 627 1629 683; baseline 0.002 -15"><span class='ocrx_word' id='word_1_32' title='bbox 255 628 385 681; x_wconf 81' lang='grc' dir='ltr'><strong><em>ἀπώμ.</em></strong></span> <span class='ocrx_word' id='word_1_33' title='bbox 418 627 507 669; x_wconf 72' lang='grc' dir='ltr'><strong><em>οὔτε</em></strong></span> <span class='ocrx_word' id='word_1_34' title='bbox 538 632 570 668; x_wconf 85' lang='grc' dir='ltr'><strong><em>λ.</em></strong></span> <span class='ocrx_word' id='word_1_35' title='bbox 602 644 637 668; x_wconf 89' lang='grc' dir='ltr'><strong><em>ν.</em></strong></span> <span class='ocrx_word' id='word_1_36' title='bbox 669 628 802 669; x_wconf 81' lang='grc' dir='ltr'><strong><em>ἀνέλπ.</em></strong></span> <span class='ocrx_word' id='word_1_37' title='bbox 833 628 875 668; x_wconf 88' lang='grc' dir='ltr'><strong><em>τὸ</em></strong></span> <span class='ocrx_word' id='word_1_38' title='bbox 907 628 960 681; x_wconf 83' lang='grc' dir='ltr'><strong><em>μὴ</em></strong></span> <span class='ocrx_word' id='word_1_39' title='bbox 994 629 1044 670; x_wconf 79' lang='grc' dir='ltr'><strong><em>οὐ</em></strong></span> <span class='ocrx_word' id='word_1_40' title='bbox 1074 630 1245 683; x_wconf 82' lang='grc' dir='ltr'><strong><em>κρεῖττόν</em></strong></span> <span class='ocrx_word' id='word_1_41' title='bbox 1276 645 1311 670; x_wconf 91' lang='grc' dir='ltr'><strong><em>τι</em></strong></span> <span class='ocrx_word' id='word_1_42' title='bbox 1342 631 1629 683; x_wconf 82' lang='grc' dir='ltr'><strong><em>συμβήσεσθαι.</em></strong></span> 
     </span>
    </p>
   </div>
   <div class='ocr_carea' id='block_1_4' title="bbox 256 747 1826 1158">
    <p class='ocr_par' dir='ltr' id='par_1_4' title="bbox 256 747 1826 1158">
     <span class='ocr_line' id='line_1_7' title="bbox 993 747 1075 788; baseline 0.012 -1"><span class='ocrx_word' id='word_1_43' title='bbox 993 747 1075 788; x_wconf 89' lang='lat'><strong><em>771</em></strong></span> 
     </span>
     <span class='ocr_line' id='line_1_8' title="bbox 897 826 1753 889; baseline 0.002 -19"><span class='ocrx_word' id='word_1_44' title='bbox 897 830 938 870; x_wconf 84' lang='grc' dir='ltr'><strong><em>εἰ</em></strong></span> <span class='ocrx_word' id='word_1_45' title='bbox 968 826 1017 870; x_wconf 77' lang='grc' dir='ltr'><strong><em>δὲ</em></strong></span> <span class='ocrx_word' id='word_1_46' title='bbox 1048 835 1136 871; x_wconf 85' lang='grc' dir='ltr'><strong><em>πᾶν</em></strong></span> <span class='ocrx_word' id='word_1_47' title='bbox 1167 830 1255 884; x_wconf 83' lang='grc' dir='ltr'><strong><em>ἔχει</em></strong></span> <span class='ocrx_word' id='word_1_48' title='bbox 1284 833 1442 884; x_wconf 83' lang='grc' dir='ltr'><strong><em>καλῶς,</em></strong></span> <span class='ocrx_word' id='word_1_49' title='bbox 1473 835 1533 887; x_wconf 79' lang='grc' dir='ltr'><strong><em>τῷ</em></strong></span> <span class='ocrx_word' id='word_1_50' title='bbox 1564 832 1753 889; x_wconf 74' lang='grc' dir='ltr'><strong><em>παιγνίῳ</em></strong></span> 
     </span>
     <span class='ocr_line' id='line_1_9' title="bbox 470 898 1758 957; baseline 0.002 -16"><span class='ocrx_word' id='word_1_51' title='bbox 470 900 569 941; x_wconf 82' lang='grc' dir='ltr'><em>δότε</em></span> <span class='ocrx_word' id='word_1_52' title='bbox 595 901 756 956; x_wconf 80' lang='grc' dir='ltr'><strong><em>κρότον</em></strong></span> <span class='ocrx_word' id='word_1_53' title='bbox 781 898 853 942; x_wconf 85' lang='grc' dir='ltr'><strong><em>καὶ</em></strong></span> <span class='ocrx_word' id='word_1_54' title='bbox 879 900 1037 950; x_wconf 75' lang='grc' dir='ltr'><strong><em>πάντες</em></strong></span> <span class='ocrx_word' id='word_1_55' title='bbox 1062 900 1186 956; x_wconf 77' lang='grc' dir='ltr'><strong><em>ὑμεῖς</em></strong></span> <span class='ocrx_word' id='word_1_56' title='bbox 1210 902 1317 956; x_wconf 83' lang='grc' dir='ltr'><strong><em>μετὰ</em></strong></span> <span class='ocrx_word' id='word_1_57' title='bbox 1340 907 1477 957; x_wconf 74' lang='grc' dir='ltr'><strong><em>χαρᾶς</em></strong></span> <span class='ocrx_word' id='word_1_58' title='bbox 1501 903 1758 957; x_wconf 84' lang='grc' dir='ltr'><strong><em>κτυπήσατε.</em></strong></span> 
     </span>
     <span class='ocr_line' id='line_1_10' title="bbox 376 984 1825 1042; baseline 0.002 -18"><span class='ocrx_word' id='word_1_59' title='bbox 376 986 590 1025; x_wconf 79' lang='lat' dir='ltr'>Suetonius</span> <span class='ocrx_word' id='word_1_60' title='bbox 629 987 733 1037; x_wconf 86' lang='lat' dir='ltr'>Aug.</span> <span class='ocrx_word' id='word_1_61' title='bbox 767 988 820 1026; x_wconf 84' lang='lat'><strong><em>99</em></strong></span> <span class='ocrx_word' id='word_1_62' title='bbox 864 989 1007 1026; x_wconf 79' lang='lat' dir='ltr'><em>amicos</em></span> <span class='ocrx_word' id='word_1_63' title='bbox 1044 989 1233 1027; x_wconf 77' lang='lat' dir='ltr'><em>admissos</em></span> <span class='ocrx_word' id='word_1_64' title='bbox 1263 991 1539 1036; x_wconf 73' lang='lat' dir='ltr'><em>percunctatus</em></span> <span class='ocrx_word' id='word_1_65' title='bbox 1576 984 1825 1042; x_wconf 74' lang='lat' dir='ltr'>(Augustus)</span> 
     </span>
     <span class='ocr_line' id='line_1_11' title="bbox 259 1047 1826 1096; baseline 0.003 -12"><span class='ocrx_word' id='word_1_66' title='bbox 259 1047 391 1094; x_wconf 75' lang='lat' dir='ltr'><strong><em>ecquid</em></strong></span> <span class='ocrx_word' id='word_1_67' title='bbox 411 1047 464 1085; x_wconf 79' lang='lat' dir='ltr'><strong><em>eis</em></strong></span> <span class='ocrx_word' id='word_1_68' title='bbox 488 1047 681 1085; x_wconf 72' lang='lat' dir='ltr'><em>videretur</em></span> <span class='ocrx_word' id='word_1_69' title='bbox 705 1048 866 1085; x_wconf 78' lang='lat' dir='ltr'><em>mimum</em></span> <span class='ocrx_word' id='word_1_70' title='bbox 891 1049 992 1085; x_wconf 79' lang='lat' dir='ltr'><em>vitae</em></span> <span class='ocrx_word' id='word_1_71' title='bbox 1017 1048 1207 1086; x_wconf 79' lang='lat' dir='ltr'><em>commode</em></span> <span class='ocrx_word' id='word_1_72' title='bbox 1231 1050 1472 1096; x_wconf 63' lang='lat' dir='ltr'><em>transegisse,</em></span> <span class='ocrx_word' id='word_1_73' title='bbox 1499 1049 1637 1087; x_wconf 76' lang='lat' dir='ltr'><em>adiecit</em></span> <span class='ocrx_word' id='word_1_74' title='bbox 1661 1051 1695 1087; x_wconf 79' lang='lat' dir='ltr'><strong><em>et</em></strong></span> <span class='ocrx_word' id='word_1_75' title='bbox 1718 1050 1826 1088; x_wconf 77' lang='lat' dir='ltr'><em>clau-</em></span> 
     </span>
     <span class='ocr_line' id='line_1_12' title="bbox 256 1101 1826 1158; baseline 0.001 -13"><span class='ocrx_word' id='word_1_76' title='bbox 256 1107 385 1145; x_wconf 78' lang='lat' dir='ltr'><em>sulam</em></span> <span class='ocrx_word' id='word_1_77' title='bbox 415 1107 492 1144; x_wconf 83' lang='grc' dir='ltr'><strong><em>κτλ.</em></strong></span> <span class='ocrx_word' id='word_1_78' title='bbox 575 1108 610 1144; x_wconf 92' lang='lat'><strong><em>1.</em></strong></span> <span class='ocrx_word' id='word_1_79' title='bbox 643 1101 805 1157; x_wconf 81' lang='grc' dir='ltr'><strong><em>χαίρετ’·</em></strong></span> <span class='ocrx_word' id='word_1_80' title='bbox 843 1105 879 1145; x_wconf 87' lang='grc' dir='ltr'><strong><em>εἰ</em></strong></span> <span class='ocrx_word' id='word_1_81' title='bbox 918 1103 960 1145; x_wconf 80' lang='grc' dir='ltr'><strong><em>δὲ</em></strong></span> <span class='ocrx_word' id='word_1_82' title='bbox 999 1112 1080 1144; x_wconf 82' lang='grc' dir='ltr'><strong><em>πᾶν</em></strong></span> <span class='ocrx_word' id='word_1_83' title='bbox 1112 1104 1212 1158; x_wconf 74' lang='grc' dir='ltr'><strong><em>ἔχειν</em></strong></span> <span class='ocrx_word' id='word_1_84' title='bbox 1245 1106 1358 1146; x_wconf 79' lang='grc' dir='ltr'><strong><em>δοκεῖ</em></strong></span> <span class='ocrx_word' id='word_1_85' title='bbox 1381 1109 1457 1146; x_wconf 87' lang='grc' dir='ltr'><strong><em>κτλ.</em></strong></span> <span class='ocrx_word' id='word_1_86' title='bbox 1518 1107 1700 1146; x_wconf 88' lang='lat' dir='ltr'><strong>Dindorf.</strong></span> <span class='ocrx_word' id='word_1_87' title='bbox 1755 1120 1826 1146; x_wconf 87' lang='lat' dir='ltr'><strong><em>cur</em></strong></span> 
     </span>
    </p>
   </div>
   <div class='ocr_carea' id='block_1_5' title="bbox 255 1165 1821 1274">
    <p class='ocr_par' dir='ltr' id='par_1_5' title="bbox 255 1165 1821 1274">
     <span class='ocr_line' id='line_1_13' title="bbox 255 1165 1821 1214; baseline 0.002 -10"><span class='ocrx_word' id='word_1_88' title='bbox 255 1178 381 1204; x_wconf 85' lang='lat' dir='ltr'>novae</span> <span class='ocrx_word' id='word_1_89' title='bbox 419 1165 674 1214; x_wconf 78' lang='lat' dir='ltr'>potissimum</span> <span class='ocrx_word' id='word_1_90' title='bbox 718 1165 943 1205; x_wconf 80' lang='lat' dir='ltr'>comoediae</span> <span class='ocrx_word' id='word_1_91' title='bbox 981 1166 1204 1205; x_wconf 85' lang='lat' dir='ltr'>Meinekius</span> <span class='ocrx_word' id='word_1_92' title='bbox 1249 1170 1454 1206; x_wconf 76' lang='lat' dir='ltr'>accenseat</span> <span class='ocrx_word' id='word_1_93' title='bbox 1494 1180 1573 1206; x_wconf 87' lang='lat' dir='ltr'><strong><em>non</em></strong></span> <span class='ocrx_word' id='word_1_94' title='bbox 1610 1167 1736 1206; x_wconf 82' lang='lat' dir='ltr'><strong>video.</strong></span> <span class='ocrx_word' id='word_1_95' title='bbox 1772 1189 1821 1195; x_wconf 90' lang='lat'>—</span> 
     </span>
     <span class='ocr_line' id='line_1_14' title="bbox 256 1225 1052 1274; baseline 0.003 -11"><span class='ocrx_word' id='word_1_96' title='bbox 256 1228 432 1264; x_wconf 75' lang='lat' dir='ltr'><strong>ceterum</strong></span> <span class='ocrx_word' id='word_1_97' title='bbox 465 1225 512 1263; x_wconf 81' lang='lat' dir='ltr'><strong><em>of.</em></strong></span> <span class='ocrx_word' id='word_1_98' title='bbox 548 1226 631 1264; x_wconf 87' lang='lat'><strong><em>245</em></strong></span> <span class='ocrx_word' id='word_1_99' title='bbox 666 1227 707 1263; x_wconf 71' lang='lat' dir='ltr'><strong><em>eb</em></strong></span> <span class='ocrx_word' id='word_1_100' title='bbox 738 1225 921 1274; x_wconf 55' lang='lat' dir='ltr'><strong>Mena-nd.</strong></span> <span class='ocrx_word' id='word_1_101' title='bbox 954 1226 1052 1265; x_wconf 83' lang='lat'><strong><em>887.</em></strong></span> 
     </span>
    </p>
   </div>
   <div class='ocr_carea' id='block_1_6' title="bbox 470 1341 1640 1540">
    <p class='ocr_par' dir='ltr' id='par_1_6' title="bbox 470 1341 1640 1540">
     <span class='ocr_line' id='line_1_15' title="bbox 997 1341 1082 1383; baseline -0.012 0"><span class='ocrx_word' id='word_1_102' title='bbox 997 1341 1082 1383; x_wconf 81' lang='lat'><strong><em>772</em></strong></span> 
     </span>
     <span class='ocr_line' id='line_1_16' title="bbox 1129 1410 1511 1466; baseline 0.003 -13"><span class='ocrx_word' id='word_1_103' title='bbox 1129 1411 1213 1466; x_wconf 80' lang='grc' dir='ltr'><strong><em>ἐγὼ</em></strong></span> <span class='ocrx_word' id='word_1_104' title='bbox 1246 1410 1295 1455; x_wconf 73' lang='grc' dir='ltr'><strong><em>δὲ</em></strong></span> <span class='ocrx_word' id='word_1_105' title='bbox 1328 1414 1413 1464; x_wconf 83' lang='grc' dir='ltr'><strong><em>ζῶν</em></strong></span> <span class='ocrx_word' id='word_1_106' title='bbox 1444 1410 1511 1455; x_wconf 84' lang='grc' dir='ltr'><strong><em>ἀεὶ</em></strong></span> 
     </span>
     <span class='ocr_line' id='line_1_17' title="bbox 470 1482 1640 1540; baseline 0.001 -15"><span class='ocrx_word' id='word_1_107' title='bbox 470 1482 736 1525; x_wconf 83' lang='grc' dir='ltr'><strong><em>κάπολαύων</em></strong></span> <span class='ocrx_word' id='word_1_108' title='bbox 767 1489 857 1524; x_wconf 86' lang='grc' dir='ltr'><strong><em>τῶν</em></strong></span> <span class='ocrx_word' id='word_1_109' title='bbox 889 1482 1070 1538; x_wconf 83' lang='grc' dir='ltr'><strong><em>ὁμοίων,</em></strong></span> <span class='ocrx_word' id='word_1_110' title='bbox 1101 1482 1246 1537; x_wconf 81' lang='grc' dir='ltr'><em>ἡλίου,</em></span> <span class='ocrx_word' id='word_1_111' title='bbox 1279 1485 1440 1539; x_wconf 80' lang='grc' dir='ltr'><strong><em>φωτός,</em></strong></span> <span class='ocrx_word' id='word_1_112' title='bbox 1471 1488 1640 1540; x_wconf 77' lang='grc' dir='ltr'><strong><em>τροφῆς</em></strong></span> 
     </span>
    </p>
   </div>
   <div class='ocr_carea' id='block_1_7' title="bbox 256 1568 1825 1680">
    <p class='ocr_par' dir='ltr' id='par_1_7' title="bbox 256 1568 1825 1680">
     <span class='ocr_line' id='line_1_18' title="bbox 375 1568 1825 1620; baseline 0.001 -13"><span class='ocrx_word' id='word_1_113' title='bbox 375 1570 577 1608; x_wconf 83' lang='lat' dir='ltr'>Lucianus</span> <span class='ocrx_word' id='word_1_114' title='bbox 609 1569 713 1608; x_wconf 85' lang='lat' dir='ltr'><strong>Dial.</strong></span> <span class='ocrx_word' id='word_1_115' title='bbox 745 1571 861 1609; x_wconf 72' lang='lat' dir='ltr'><strong>mort.</strong></span> <span class='ocrx_word' id='word_1_116' title='bbox 896 1571 961 1617; x_wconf 84' lang='lat'><strong><em>26,</em></strong></span> <span class='ocrx_word' id='word_1_117' title='bbox 997 1571 1034 1608; x_wconf 94' lang='lat'><strong><em>1.</em></strong></span> <span class='ocrx_word' id='word_1_118' title='bbox 1084 1568 1298 1609; x_wconf 83' lang='lat' dir='ltr'>Chironem</span> <span class='ocrx_word' id='word_1_119' title='bbox 1328 1570 1529 1609; x_wconf 81' lang='lat' dir='ltr'>Lucianus</span> <span class='ocrx_word' id='word_1_120' title='bbox 1562 1570 1675 1620; x_wconf 73' lang='lat' dir='ltr'>dicit3</span> <span class='ocrx_word' id='word_1_121' title='bbox 1706 1582 1825 1620; x_wconf 87' lang='lat' dir='ltr'><strong>quem</strong></span> 
     </span>
     <span class='ocr_line' id='line_1_19' title="bbox 256 1629 1002 1680; baseline 0 -12"><span class='ocrx_word' id='word_1_122' title='bbox 256 1631 374 1679; x_wconf 72' lang='lat' dir='ltr'>poeta</span> <span class='ocrx_word' id='word_1_123' title='bbox 406 1629 693 1680; x_wconf 61' lang='lat' dir='ltr'>significaveriss</span> <span class='ocrx_word' id='word_1_124' title='bbox 723 1642 801 1667; x_wconf 88' lang='lat' dir='ltr'><strong><em>non</em></strong></span> <span class='ocrx_word' id='word_1_125' title='bbox 833 1631 1002 1668; x_wconf 73' lang='lat' dir='ltr'><strong>constat.</strong></span> 
     </span>
    </p>
   </div>
   <div class='ocr_carea' id='block_1_8' title="bbox 258 1811 1824 2204">
    <p class='ocr_par' dir='ltr' id='par_1_8' title="bbox 258 1811 1824 2204">
     <span class='ocr_line' id='line_1_20' title="bbox 827 1811 1452 1871; baseline 0 -14"><span class='ocrx_word' id='word_1_126' title='bbox 827 1821 1021 1870; x_wconf 81' lang='grc' dir='ltr'><strong><em>χρηστοῦ</em></strong></span> <span class='ocrx_word' id='word_1_127' title='bbox 1054 1811 1231 1871; x_wconf 75' lang='grc' dir='ltr'><strong><em>δίδαγμ’</em></strong></span> <span class='ocrx_word' id='word_1_128' title='bbox 1266 1815 1452 1871; x_wconf 80' lang='grc' dir='ltr'><strong><em>εὐηθίας</em></strong></span> 
     </span>
     <span class='ocr_line' id='line_1_21' title="bbox 470 1883 1150 1942; baseline 0 -14"><span class='ocrx_word' id='word_1_129' title='bbox 470 1883 543 1928; x_wconf 86' lang='grc' dir='ltr'><strong><em>καὶ</em></strong></span> <span class='ocrx_word' id='word_1_130' title='bbox 575 1885 901 1942; x_wconf 79' lang='grc' dir='ltr'><strong><em>φιλανθρώπου</em></strong></span> <span class='ocrx_word' id='word_1_131' title='bbox 933 1889 1150 1942; x_wconf 76' lang='grc' dir='ltr'><strong><em>λογισμοῦ</em></strong></span> 
     </span>
     <span class='ocr_line' id='line_1_22' title="bbox 376 1969 1824 2024; baseline 0.001 -14"><span class='ocrx_word' id='word_1_132' title='bbox 376 1972 547 2011; x_wconf 82' lang='lat' dir='ltr'><strong>Bekker.</strong></span> <span class='ocrx_word' id='word_1_133' title='bbox 566 1971 714 2011; x_wconf 73' lang='lat' dir='ltr'><strong>Anecd.</strong></span> <span class='ocrx_word' id='word_1_134' title='bbox 738 1974 803 2020; x_wconf 80' lang='lat'><strong><em>91,</em></strong></span> <span class='ocrx_word' id='word_1_135' title='bbox 827 1974 880 2012; x_wconf 85' lang='lat'><strong><em>23</em></strong></span> <span class='ocrx_word' id='word_1_136' title='bbox 914 1971 1084 2023; x_wconf 80' lang='grc' dir='ltr'><em>εὐήθης·</em></span> <span class='ocrx_word' id='word_1_137' title='bbox 1117 1969 1137 2011; x_wconf 87' lang='grc' dir='ltr'><em>ὃ</em></span> <span class='ocrx_word' id='word_1_138' title='bbox 1163 1971 1316 2024; x_wconf 80' lang='grc' dir='ltr'><strong><em>ἀγαθός</em></strong></span> <span class='ocrx_word' id='word_1_139' title='bbox 1335 2002 1369 2012; x_wconf 89' lang='grc'><strong><em>..</em></strong></span> <span class='ocrx_word' id='word_1_140' title='bbox 1383 2002 1392 2012; x_wconf 91' lang='grc'><strong><em>.</em></strong></span> <span class='ocrx_word' id='word_1_141' title='bbox 1412 1975 1488 2012; x_wconf 85' lang='grc' dir='ltr'><strong><em>κτλ.</em></strong></span> <span class='ocrx_word' id='word_1_142' title='bbox 1529 1973 1588 2012; x_wconf 81' lang='lat' dir='ltr'><strong><em>ita</em></strong></span> <span class='ocrx_word' id='word_1_143' title='bbox 1604 1973 1824 2012; x_wconf 82' lang='lat' dir='ltr'><strong>Bekkerus.</strong></span> 
     </span>
     <span class='ocr_line' id='line_1_23' title="bbox 258 2029 1824 2085; baseline 0 -15"><span class='ocrx_word' id='word_1_144' title='bbox 258 2032 341 2071; x_wconf 81' lang='lat' dir='ltr'><strong>eod.</strong></span> <span class='ocrx_word' id='word_1_145' title='bbox 362 2036 533 2084; x_wconf 80' lang='grc' dir='ltr'><strong><em>χριστοῦ,</em></strong></span> <span class='ocrx_word' id='word_1_146' title='bbox 565 2030 767 2082; x_wconf 77' lang='grc' dir='ltr'><strong><em>εὐηθείας,</em></strong></span> <span class='ocrx_word' id='word_1_147' title='bbox 797 2031 991 2084; x_wconf 81' lang='grc' dir='ltr'><strong><em>λογισμός.</em></strong></span> <span class='ocrx_word' id='word_1_148' title='bbox 1041 2029 1218 2085; x_wconf 72' lang='grc' dir='ltr'><strong><em>δίδαγμἼ</em></strong></span> <span class='ocrx_word' id='word_1_149' title='bbox 1242 2029 1283 2071; x_wconf 80' lang='grc' dir='ltr'><strong><em>δὲ</em></strong></span> <span class='ocrx_word' id='word_1_150' title='bbox 1304 2029 1428 2085; x_wconf 76' lang='grc' dir='ltr'><strong><em>ὃεῦγμ’</em></strong></span> <span class='ocrx_word' id='word_1_151' title='bbox 1451 2033 1618 2071; x_wconf 82' lang='lat' dir='ltr'><strong>Heoker.</strong></span> <span class='ocrx_word' id='word_1_152' title='bbox 1637 2032 1824 2071; x_wconf 89' lang='lat' dir='ltr'><strong>Philol.V</strong></span> 
     </span>
     <span class='ocr_line' id='line_1_24' title="bbox 258 2086 1824 2146; baseline 0 -16"><span class='ocrx_word' id='word_1_153' title='bbox 258 2093 356 2131; x_wconf 86' lang='lat'><strong><em>438.</em></strong></span> <span class='ocrx_word' id='word_1_154' title='bbox 407 2091 505 2129; x_wconf 87' lang='lat' dir='ltr'><strong>mihi</strong></span> <span class='ocrx_word' id='word_1_155' title='bbox 536 2092 633 2130; x_wconf 81' lang='lat' dir='ltr'>haec</span> <span class='ocrx_word' id='word_1_156' title='bbox 658 2104 822 2141; x_wconf 83' lang='lat' dir='ltr'>prorsus</span> <span class='ocrx_word' id='word_1_157' title='bbox 849 2092 1019 2131; x_wconf 83' lang='lat' dir='ltr'><strong>obscura</strong></span> <span class='ocrx_word' id='word_1_158' title='bbox 1043 2094 1148 2142; x_wconf 73' lang='lat' dir='ltr'><strong>sunt,</strong></span> <span class='ocrx_word' id='word_1_159' title='bbox 1179 2092 1257 2131; x_wconf 88' lang='lat' dir='ltr'><strong>nisi</strong></span> <span class='ocrx_word' id='word_1_160' title='bbox 1283 2092 1481 2131; x_wconf 81' lang='lat' dir='ltr'>scribatur</span> <span class='ocrx_word' id='word_1_161' title='bbox 1513 2086 1700 2146; x_wconf 79' lang='grc' dir='ltr'><strong><em>(τρόπον)</em></strong></span> <span class='ocrx_word' id='word_1_162' title='bbox 1732 2105 1824 2143; x_wconf 84' lang='grc' dir='ltr'><strong><em>χρη-</em></strong></span> 
     </span>
     <span class='ocr_line' id='line_1_25' title="bbox 258 2146 1468 2204; baseline 0.001 -15"><span class='ocrx_word' id='word_1_163' title='bbox 258 2156 351 2190; x_wconf 83' lang='grc' dir='ltr'><strong><em>στοῦ</em></strong></span> <span class='ocrx_word' id='word_1_164' title='bbox 383 2147 425 2189; x_wconf 80' lang='grc' dir='ltr'><strong><em>δὲ</em></strong></span> <span class='ocrx_word' id='word_1_165' title='bbox 458 2146 581 2203; x_wconf 78' lang='grc' dir='ltr'><strong><em>δεῖγμ’</em></strong></span> <span class='ocrx_word' id='word_1_166' title='bbox 617 2149 794 2201; x_wconf 84' lang='grc' dir='ltr'><strong><em>εὐηθία</em></strong></span> <span class='ocrx_word' id='word_1_167' title='bbox 824 2149 890 2190; x_wconf 86' lang='grc' dir='ltr'><strong><em>καὶ</em></strong></span> <span class='ocrx_word' id='word_1_168' title='bbox 921 2150 1245 2203; x_wconf 81' lang='grc' dir='ltr'><strong><em>φιλάνθρωπος</em></strong></span> <span class='ocrx_word' id='word_1_169' title='bbox 1275 2150 1468 2204; x_wconf 75' lang='grc' dir='ltr'><strong><em>λογισμός.</em></strong></span> 
     </span>
    </p>
   </div>
   <div class='ocr_carea' id='block_1_9' title="bbox 996 2267 1082 2309">
    <p class='ocr_par' dir='ltr' id='par_1_9' title="bbox 996 2267 1082 2309">
     <span class='ocr_line' id='line_1_26' title="bbox 996 2267 1082 2309; baseline 0 -1"><span class='ocrx_word' id='word_1_170' title='bbox 996 2267 1082 2309; x_wconf 91' lang='lat'><strong><em>774</em></strong></span> 
     </span>
    </p>
   </div>
   <div class='ocr_carea' id='block_1_10' title="bbox 470 2347 1601 2400">
    <p class='ocr_par' dir='ltr' id='par_1_10' title="bbox 470 2347 1601 2400">
     <span class='ocr_line' id='line_1_27' title="bbox 470 2347 1601 2400; baseline 0.001 -9"><span class='ocrx_word' id='word_1_171' title='bbox 470 2349 550 2391; x_wconf 87' lang='grc' dir='ltr'><strong><em>τὸν</em></strong></span> <span class='ocrx_word' id='word_1_172' title='bbox 580 2348 789 2391; x_wconf 76' lang='grc' dir='ltr'><strong><em>κάκιστον</em></strong></span> <span class='ocrx_word' id='word_1_173' title='bbox 821 2348 941 2399; x_wconf 82' lang='grc' dir='ltr'><strong><em>ὅστις</em></strong></span> <span class='ocrx_word' id='word_1_174' title='bbox 972 2347 1065 2391; x_wconf 86' lang='grc' dir='ltr'><strong><em>ἐστὶ</em></strong></span> <span class='ocrx_word' id='word_1_175' title='bbox 1094 2348 1168 2393; x_wconf 90' lang='grc' dir='ltr'><strong><em>καὶ</em></strong></span> <span class='ocrx_word' id='word_1_176' title='bbox 1198 2349 1277 2392; x_wconf 83' lang='grc' dir='ltr'><strong><em>τὸν</em></strong></span> <span class='ocrx_word' id='word_1_177' title='bbox 1308 2348 1601 2400; x_wconf 82' lang='grc' dir='ltr'><strong><em>ἐξωλέστατον</em></strong></span> 
     </span>
    </p>
   </div>
   <div class='ocr_carea' id='block_1_11' title="bbox 258 2432 1823 2606">
    <p class='ocr_par' dir='ltr' id='par_1_11' title="bbox 258 2432 1823 2606">
     <span class='ocr_line' id='line_1_28' title="bbox 377 2432 1823 2487; baseline 0.001 -14"><span class='ocrx_word' id='word_1_178' title='bbox 377 2435 618 2474; x_wconf 73' lang='lat' dir='ltr'><strong>Plutarchus</strong></span> <span class='ocrx_word' id='word_1_179' title='bbox 639 2435 737 2474; x_wconf 88' lang='lat' dir='ltr'><strong>Mor.</strong></span> <span class='ocrx_word' id='word_1_180' title='bbox 758 2435 878 2474; x_wconf 88' lang='lat' dir='ltr'>510b</span> <span class='ocrx_word' id='word_1_181' title='bbox 911 2434 946 2474; x_wconf 89' lang='grc' dir='ltr'><strong><em>εἰ</em></strong></span> <span class='ocrx_word' id='word_1_182' title='bbox 968 2435 1105 2474; x_wconf 85' lang='grc' dir='ltr'><strong><em>τοίνυν</em></strong></span> <span class='ocrx_word' id='word_1_183' title='bbox 1130 2434 1253 2487; x_wconf 72' lang='grc' dir='ltr'><strong><em>ἔροιτό</em></strong></span> <span class='ocrx_word' id='word_1_184' title='bbox 1278 2450 1335 2483; x_wconf 85' lang='grc' dir='ltr'><strong><em>τις</em></strong></span> <span class='ocrx_word' id='word_1_185' title='bbox 1353 2438 1445 2485; x_wconf 85' lang='grc' dir='ltr'><strong><em>κτλ.,</em></strong></span> <span class='ocrx_word' id='word_1_186' title='bbox 1471 2433 1601 2482; x_wconf 78' lang='grc' dir='ltr'><strong><em>οὐδεὶς</em></strong></span> <span class='ocrx_word' id='word_1_187' title='bbox 1626 2433 1677 2474; x_wconf 72' lang='grc' dir='ltr'><strong><em>ἂν</em></strong></span> <span class='ocrx_word' id='word_1_188' title='bbox 1702 2432 1823 2474; x_wconf 73' lang='grc' dir='ltr'><strong><em>ἄλλον</em></strong></span> 
     </span>
     <span class='ocr_line' id='line_1_29' title="bbox 259 2491 1822 2547; baseline 0.001 -14"><span class='ocrx_word' id='word_1_189' title='bbox 259 2494 362 2534; x_wconf 81' lang='grc' dir='ltr'><strong><em>εἴποι</em></strong></span> <span class='ocrx_word' id='word_1_190' title='bbox 392 2493 460 2533; x_wconf 89' lang='grc' dir='ltr'><strong><em>τὸν</em></strong></span> <span class='ocrx_word' id='word_1_191' title='bbox 491 2493 690 2547; x_wconf 80' lang='grc' dir='ltr'><strong><em>προδότην</em></strong></span> <span class='ocrx_word' id='word_1_192' title='bbox 727 2494 951 2546; x_wconf 79' lang='grc' dir='ltr'><strong><em>παρελθών.</em></strong></span> <span class='ocrx_word' id='word_1_193' title='bbox 1003 2508 1162 2534; x_wconf 85' lang='lat' dir='ltr'><strong>versum</strong></span> <span class='ocrx_word' id='word_1_194' title='bbox 1200 2496 1440 2546; x_wconf 76' lang='lat' dir='ltr'>quadratum</span> <span class='ocrx_word' id='word_1_195' title='bbox 1481 2491 1564 2546; x_wconf 76' lang='lat' dir='ltr'><strong><em>tqui</em></strong></span> <span class='ocrx_word' id='word_1_196' title='bbox 1594 2497 1730 2546; x_wconf 71' lang='lat' dir='ltr'><strong>potest</strong></span> <span class='ocrx_word' id='word_1_197' title='bbox 1759 2507 1822 2534; x_wconf 85' lang='lat' dir='ltr'><strong><em>co-</em></strong></span> 
     </span>
     <span class='ocr_line' id='line_1_30' title="bbox 258 2549 1505 2606; baseline 0.002 -14"><span class='ocrx_word' id='word_1_198' title='bbox 258 2554 351 2593; x_wconf 83' lang='lat' dir='ltr'>mici</span> <span class='ocrx_word' id='word_1_199' title='bbox 381 2556 523 2604; x_wconf 61' lang='lat' dir='ltr'>poessae</span> <span class='ocrx_word' id='word_1_200' title='bbox 554 2549 655 2593; x_wconf 82' lang='lat' dir='ltr'>esse&#39;</span> <span class='ocrx_word' id='word_1_201' title='bbox 689 2554 854 2606; x_wconf 75' lang='lat' dir='ltr'><strong>agnovit</strong></span> <span class='ocrx_word' id='word_1_202' title='bbox 883 2554 936 2593; x_wconf 88' lang='lat' dir='ltr'><strong><em>M.</em></strong></span> <span class='ocrx_word' id='word_1_203' title='bbox 956 2555 1107 2605; x_wconf 75' lang='lat' dir='ltr'><strong>Haupt.</strong></span> <span class='ocrx_word' id='word_1_204' title='bbox 1138 2553 1283 2604; x_wconf 83' lang='lat' dir='ltr'><strong>Opusc.</strong></span> <span class='ocrx_word' id='word_1_205' title='bbox 1313 2555 1376 2593; x_wconf 92' lang='lat' dir='ltr'><strong><em>III</em></strong></span> <span class='ocrx_word' id='word_1_206' title='bbox 1409 2556 1505 2594; x_wconf 89' lang='lat'><strong>555.</strong></span> 
     </span>
    </p>
   </div>
   <div class='ocr_carea' id='block_1_12' title="bbox 397 2669 1752 2811">
    <p class='ocr_par' dir='ltr' id='par_1_12' title="bbox 397 2669 1752 2811">
     <span class='ocr_line' id='line_1_31' title="bbox 1002 2669 1087 2712; baseline 0.012 -1"><span class='ocrx_word' id='word_1_207' title='bbox 1002 2669 1087 2712; x_wconf 85' lang='lat'><strong><em>775</em></strong></span> 
     </span>
     <span class='ocr_line' id='line_1_32' title="bbox 397 2731 1752 2811; baseline 0 -17"><span class='ocrx_word' id='word_1_208' title='bbox 397 2797 400 2801; x_wconf 62' lang='grc'><em>,</em></span> <span class='ocrx_word' id='word_1_209' title='bbox 471 2757 532 2810; x_wconf 79' lang='grc' dir='ltr'><strong><em>τῷ</em></strong></span> <span class='ocrx_word' id='word_1_210' title='bbox 564 2753 681 2810; x_wconf 74' lang='grc' dir='ltr'><strong><em>λόγῳ</em></strong></span> <span class='ocrx_word' id='word_1_211' title='bbox 712 2749 793 2807; x_wconf 72' lang='grc' dir='ltr'><strong><em>μὲν</em></strong></span> <span class='ocrx_word' id='word_1_212' title='bbox 825 2747 874 2794; x_wconf 83' lang='grc' dir='ltr'><strong><em>εὗ</em></strong></span> <span class='ocrx_word' id='word_1_213' title='bbox 907 2750 1070 2807; x_wconf 80' lang='grc' dir='ltr'><strong><em>διέρχει</em></strong></span> <span class='ocrx_word' id='word_1_214' title='bbox 1100 2753 1257 2807; x_wconf 78' lang='grc' dir='ltr'><strong><em>πάντα,</em></strong></span> <span class='ocrx_word' id='word_1_215' title='bbox 1287 2758 1348 2811; x_wconf 80' lang='grc' dir='ltr'><strong><em>τῷ</em></strong></span> <span class='ocrx_word' id='word_1_216' title='bbox 1381 2748 1421 2795; x_wconf 79' lang='grc' dir='ltr'><strong><em>δ’</em></strong></span> <span class='ocrx_word' id='word_1_217' title='bbox 1457 2754 1570 2811; x_wconf 76' lang='grc' dir='ltr'><strong><em>ἔργῳ</em></strong></span> <span class='ocrx_word' id='word_1_218' title='bbox 1601 2731 1752 2802; x_wconf 62' lang='grc' dir='ltr'><strong><em>κακῶς.</em></strong></span> 
     </span>
    </p>
   </div>
   <div class='ocr_carea' id='block_1_13' title="bbox 260 2832 1829 2939">
    <p class='ocr_par' dir='ltr' id='par_1_13' title="bbox 260 2832 1829 2939">
     <span class='ocr_line' id='line_1_33' title="bbox 378 2832 1829 2893; baseline -0.001 -16"><span class='ocrx_word' id='word_1_219' title='bbox 378 2838 575 2878; x_wconf 72' lang='lat' dir='ltr'><strong>Stobaeus</strong></span> <span class='ocrx_word' id='word_1_220' title='bbox 594 2839 680 2877; x_wconf 72' lang='lat'><strong>13:01.</strong></span> <span class='ocrx_word' id='word_1_221' title='bbox 701 2832 827 2889; x_wconf 56' lang='lat'><strong><em>215,</em></strong></span> <span class='ocrx_word' id='word_1_222' title='bbox 857 2840 920 2877; x_wconf 91' lang='grc'><strong><em>18.</em></strong></span> <span class='ocrx_word' id='word_1_223' title='bbox 955 2834 1112 2889; x_wconf 76' lang='lat' dir='ltr'><strong>‘poetae</strong></span> <span class='ocrx_word' id='word_1_224' title='bbox 1143 2836 1299 2887; x_wconf 71' lang='lat' dir='ltr'>incerti?</span> <span class='ocrx_word' id='word_1_225' title='bbox 1331 2839 1533 2878; x_wconf 83' lang='lat' dir='ltr'><strong>Wachsm.</strong></span> <span class='ocrx_word' id='word_1_226' title='bbox 1578 2836 1708 2893; x_wconf 76' lang='grc' dir='ltr'><strong><em>διέρχῃ</em></strong></span> <span class='ocrx_word' id='word_1_227' title='bbox 1737 2838 1829 2891; x_wconf 59' lang='grc' dir='ltr'><strong><em>οοᾶΓ</em></strong></span> 
     </span>
     <span class='ocr_line' id='line_1_34' title="bbox 260 2898 1041 2939; baseline 0.004 -3"><span class='ocrx_word' id='word_1_228' title='bbox 260 2901 302 2936; x_wconf 76' lang='lat' dir='ltr'><strong><em>et</em></strong></span> <span class='ocrx_word' id='word_1_229' title='bbox 336 2898 534 2937; x_wconf 78' lang='lat' dir='ltr'><strong>Wachsm.</strong></span> <span class='ocrx_word' id='word_1_230' title='bbox 582 2898 742 2937; x_wconf 70' lang='lat' dir='ltr'><strong>videtur</strong></span> <span class='ocrx_word' id='word_1_231' title='bbox 773 2898 912 2937; x_wconf 83' lang='lat' dir='ltr'>comici</span> <span class='ocrx_word' id='word_1_232' title='bbox 944 2910 1041 2939; x_wconf 83' lang='lat' dir='ltr'><strong>esse.</strong></span> 
     </span>
    </p>
   </div>
  </div>
 </body>
</html>
