2014 3334
811 238 911 272 ΤΗΣ
937 238 1148 272 ΑΡΧΑῙΑΣ
1683 235 1772 279 409

426 271 448 289 D

191 349 331 405 κωφὸν
362 350 626 404 ἀποπαρδεῖν·
657 347 684 403 ἡ
710 350 913 404 παροιμία.
961 349 1159 404 πρόδηλος
1185 346 1228 389 δὲ
1254 347 1377 402 αὐτῆς
1404 345 1430 401 ἡ
1457 348 1572 390 αἰτία.
1603 343 1673 404 (οὐ
1698 347 1773 403 γὰρ

193 410 332 455 ἀκούει
361 409 383 452 ὁ
414 409 550 462 κωφός
581 411 671 450 add.
704 405 882 465 Suidas.)
926 411 1162 463 Diogenian.
1198 412 1235 461 7,
1267 411 1323 450 43
1365 407 1474 462 παρὰ
1510 411 1634 460 κωφῶ
1672 407 1773 449 ἀπο-

192 469 366 525 πέρδειν.
415 472 523 512 Plut.
555 470 790 511 Boissonad.
822 459 970 511 Anecd.
1003 471 1022 509 I
1054 471 1139 511 396
1173 468 1271 522 πρὸς
1301 473 1455 521 κωφοῖς
1484 450 1774 522 ἀποπέρδει[ς].

194 532 350 574 scilicet
380 531 575 572 usitatum
607 531 865 582 proverbium
896 529 1003 583 παρὰ
1033 528 1174 582 κωφὸν
1206 524 1278 586 (ᾧ)
1310 527 1479 584 διαλέγει
1511 530 1630 582 Greg.
1654 528 1774 581 Cypr.

196 594 235 644 3,
267 594 321 633 32
356 591 530 632 comicus
561 591 708 643 aliquis
738 591 781 631 in
813 591 1053 631 obscaenum
1085 590 1308 630 transtulit.

904 721 973 762 51.
1006 719 1063 762 52

409 804 459 848 ἐν
490 801 539 847 δὲ
572 804 878 860 διχοστασίῃσι
909 801 983 846 καὶ
1011 800 1306 859 Ἀνδροκλέης
1336 805 1613 859 πολεμαρχεῖ.

410 875 459 920 ἐν
488 876 574 933 γὰρ
607 874 828 932 ἀμηχανίῃ
859 873 934 918 καὶ
965 874 989 918 ὁ
1021 876 1246 932 Καρκίνος
1277 876 1440 932 ἔμμορε
1470 880 1607 931 τιμῆς.

318 963 515 1004 zenobius
538 965 575 1015 3,
597 964 653 1003 77
687 961 730 1002 ἐν
762 959 805 1002 δὲ
831 985 886 991 -
913 965 1164 1015 πολεμαρχεῖ”
1196 960 1260 1002 ἐπὶ
1290 966 1368 1002 τῶν
1401 961 1568 1002 εὐτελῶν
1599 966 1678 1001 τῶν
1711 959 1778 1000 διὰ

197 1021 444 1077 περιπέτειάν
474 1037 563 1063 τινα
593 1027 707 1076 τιμῆς
738 1019 998 1075 ἀξιουμένων.
1058 1021 1219 1074 τοιαύτη
1253 1019 1298 1062 δέ
1327 1021 1403 1062 ἐστι
1436 1020 1503 1062 καὶ
1533 1019 1558 1074 ἡ
1591 1019 1778 1075 λέγουσα·

197 1083 240 1125 ἐν
270 1082 346 1138 γὰρ
376 1106 435 1111 -
466 1088 591 1135 τιμῆς.
654 1081 697 1123 ἐν
730 1080 773 1123 δὲ
812 1082 1035 1139 διχοστασίῃ
1072 1081 1140 1122 καὶ
1177 1080 1197 1122 ὁ
1229 1081 1434 1136 πάγκακος
1472 1082 1616 1136 ἔμμορε
1652 1086 1778 1134 τιμῆς.

200 1145 404 1184 Plutarch.
417 1144 504 1183 Nic.
522 1146 573 1183 11
596 1141 640 1183 ἐν
667 1140 708 1182 δὲ
735 1142 959 1199 διχοστασίῃ
979 1141 1045 1182 καὶ
1070 1140 1091 1182 ὁ
1116 1142 1320 1196 πάγκακος
1339 1140 1482 1197 ε’μμορε
1501 1156 1532 1182 τ.
1559 1138 1689 1196 (ἔλαχε
1708 1136 1778 1196 V).

198 1204 393 1244 Alexand.
426 1205 482 1244 53
516 1198 700 1258 (wi-axe)
757 1203 1152 1255 Gomp.Lys.Su11.
1189 1206 1208 1242 1
1246 1197 1448 1257 ((ἔλλαχε).
1530 1205 1567 1242 1.
1600 1202 1777 1254 διχοστα-

198 1264 304 1320 σίῃσι
340 1264 487 1304 Macar.
520 1263 646 1303 Walz.
677 1263 818 1303 Arsen.
850 1277 888 1314 p.
910 1261 1015 1314 229]
1055 1262 1292 1319 διχοστασίῃ.
1334 1278 1411 1302 καν
1450 1284 1504 1290 -
1540 1264 1784 1341 πολεμαρχοῐ

196 1324 318 1424 {eim
395 1326 432 1365 2.
463 1324 570 1364 hunc
601 1337 757 1375 quoque
788 1336 951 1364 versum
983 1323 1131 1364 comico
1163 1325 1271 1362 recte
1301 1323 1448 1363 tribuit
1477 1323 1625 1375 Bergk
1660 1323 1703 1361 P.
1735 1316 1779 1361 1?

273 1385 399 1424 1044.

896 1504 903 1511 .
956 1464 1013 1507 53

351 1547 356 1550 ⁴
414 1534 641 1592 εὐφράνας
670 1533 784 1591 ὑμᾶς
816 1532 1032 1591 ἆπέπεμπ’
1069 1533 1211 1578 οἴκαδ’
1248 1535 1386 1578 ἄλλον
1417 1535 1589 1578 ἄλλοσε.

318 1622 566 1674 Hephaestio
602 1624 654 1662 16
687 1636 726 1673 p.
761 1623 844 1662 109
879 1622 1004 1662 Gaisf.
1049 1617 1110 1676 (τὸ
1148 1620 1420 1662 Εὐπολίδειον
1457 1618 1618 1676 μέτρον)
1655 1620 1780 1662 ἐνίοτε

199 1679 267 1722 καὶ
291 1680 594 1722 ἀντισπαστικὸν
618 1680 803 1735 καθαρὸν
827 1687 1029 1734 ποιοῦσιν,
1055 1677 1143 1723 οἷον
1162 1685 1240 1722 κτλ,
1289 1681 1393 1735 ὑμᾶς
1418 1679 1615 1734 ἄπέπεμπ’
1638 1681 1777 1732 Mein]

198 1738 305 1794 ἡμᾶς
342 1738 560 1794 ἀπόπεμπ’.
609 1742 823 1783 manifesto
850 1756 897 1782 ex
922 1743 1112 1794 par-abasi
1143 1743 1371 1783 comoediae
1404 1743 1606 1794 antiquae.
1656 1742 1706 1781 de
1738 1755 1780 1782 se

201 1802 384 1853 loquitur
413 1804 544 1854 poeta.
607 1805 882 1853 praecesserat
920 1803 1120 1842 sententia
1156 1803 1252 1843 talis
1284 1803 1366 1842 fere
1404 1800 1518 1842 ὁπότε
1554 1801 1629 1856 γὰρ
1662 1800 1781 1854 χορὸν

201 1861 331 1914 λάβοι,
362 1861 475 1914 εὐφρ.
500 1863 579 1903 κτλ.
609 1882 656 1889 -
687 1864 863 1902 ceterum
896 1862 944 1902 de
976 1875 1108 1903 errore
1140 1862 1453 1914 Hephaestionis
1486 1863 1534 1902 cf.
1567 1862 1612 1902 G.
1641 1862 1779 1901 Herm.

201 1922 264 1960 El.
296 1922 333 1961 d.
363 1921 415 1961 m.
447 1923 546 1962 578.
577 1922 771 1962 Fritzsch.
819 1922 880 1962 De
910 1936 949 1963 v.
980 1923 1123 1974 Eupol.
1158 1924 1196 1963 8.
1234 1923 1396 1974 Fragm.
1427 1936 1464 1963 v.
1494 1923 1594 1974 Eup.
1624 1924 1691 1962 10.
1714 1924 1780 1962 11.

961 2051 1019 2094 54

418 2134 481 2185 είς
509 2133 592 2190 τὴν
623 2133 889 2191 ὀρχήστραν·
922 2135 985 2177 ἔτι
1016 2135 1103 2189 γὰρ
1133 2135 1216 2190 τὴν
1245 2133 1361 2177 θέαν
1392 2131 1534 2193 ᾠκειτ’
1572 2134 1672 2176 ἐκει.

322 2219 501 2261 Photius
525 2222 710 2272 351,16
756 2218 964 2274 ὀρχήστρα·
1002 2227 1159 2275 πρῶτον
1191 2220 1342 2273 ἐκλήθη
1375 2219 1419 2261 ἐν
1449 2226 1497 2281 τῇ
1528 2218 1668 2276 ἀγορᾷ,
1700 2215 1782 2260 εἶτα

203 2280 270 2322 καὶ
299 2286 370 2321 τοῦ
400 2280 573 2333 θεάτρου
603 2279 646 2320 τὸ
678 2280 782 2321 κάτω
813 2277 1054 2333 ἡμίκυκλον,
1086 2276 1135 2322 οὗ
1166 2279 1233 2321 καὶ
1265 2281 1308 2321 οἰ
1334 2279 1444 2334 χοροὶ
1473 2274 1576 2337 ᾖδον
1607 2278 1674 2319 καὶ
1705 2277 1781 2331 ὠρ-

204 2347 362 2394 χοῦντο·
395 2340 451 2389 εἰς
485 2362 536 2368 -—
571 2339 662 2392 ἐκεῖ,
695 2339 820 2393 φησὶν
852 2339 873 2381 ὁ
899 2340 1080 2393 κωμικός.
1133 2337 1257 2398 ᾠκεΐτ’
1293 2339 1414 2381 Dob'.r
1440 2363 1489 2368 —
1513 2340 1782 2392 Eupolideum

205 2414 292 2441 esse
324 2414 486 2441 versum
516 2401 716 2440 intellexit
740 2401 986 2441 Fritzschius
1011 2402 1171 2454 Fragm.
1192 2415 1228 2441 v.
1249 2401 1394 2452 Eupol.
1417 2403 1482 2440 22.
1528 2400 1629 2439 nihil
1655 2401 1783 2452 agunt

204 2461 275 2511 qui
304 2459 376 2511 τὴν
407 2458 511 2499 θέαν
536 2459 660 2501 οἰκεῖν
684 2461 945 2512 interpretari
971 2463 1179 2502 conantur.
1229 2461 1483 2501 scribendum
1514 2463 1575 2499 est
1606 2455 1682 2499 ἐπὶ
1706 2458 1782 2513 γὰρ

204 2518 277 2571 τὴν
296 2518 400 2560 θέαν
419 2515 619 2560 ὠθεῖσθ’
651 2519 742 2573 ἐκεῖ,
774 2523 827 2561 ad
850 2523 1101 2570 spectandum
1112 2522 1279 2570 profuse
1298 2522 1462 2560 tenditis.
1481 2520 1583 2559 Plat.
1606 2520 1782 2571 Euthyd.

208 2581 326 2620 294d
358 2577 420 2631 (οἱ
454 2576 618 2634 κάπροι)
660 2579 760 2634 πρὸς
795 2578 868 2632 τὴν
905 2579 1062 2634 πληγὴν
1101 2578 1342 2631 ὠθούμενοι.
1392 2580 1499 2619 Plut.
1529 2580 1628 2620 Mor.
1664 2579 1784 2619 794d

206 2637 291 2679 ἐκεῖ
314 2637 386 2691 χρὴ
405 2670 413 2679 .
435 2670 443 2679 .
465 2670 474 2679 .
493 2636 693 2680 ὠθεῖσθαι
724 2638 868 2697 δρόμῳ.
926 2641 1084 2681 Maxim.
1117 2641 1212 2691 Tyr.
1246 2642 1270 2679 2
1302 2654 1339 2690 p.
1363 2641 1387 2679 6
1421 2637 1618 2679 ὠθεῖσθαι
1650 2637 1783 2695 δρόμῳ

206 2695 267 2739 ἐπ’
303 2697 436 2740 αὐτόν.

966 2768 1024 2812 55

426 2849 522 2909 (ὡς)
542 2852 819 2907 παχυσκελὴς
850 2850 1022 2909 ἀλετρὶς
1052 2852 1163 2909 πρὸς
1193 2851 1339 2907 μύλην
1370 2850 1610 2906 κινουμένη

327 2938 569 2978 Plutarchus
588 2938 688 2978 Mor.
713 2939 854 2979 1101f
879 2937 923 2980 ἐν
948 2941 1125 2991 πομπαῖς
1155 2935 1222 2977 καὶ
1246 2937 1408 2986 θυσίαις
1433 2935 1482 2977 οὐ
1507 2936 1633 2989 μόνον
1657 2935 1784 2991 γέρων
