2014 3334
257 224 345 270 416
389 251 395 254 -
622 244 625 249 s
910 230 1172 266 ΑΔΕΣΠΟΤΑ

542 398 889 454 δορυφορήματα

376 486 548 523 καλεῖται
573 483 680 537 παρὰ
699 488 780 532 τοῖς
799 488 980 532 παλαιοῖς
999 489 1186 536 κωμικοῖς
1203 484 1250 524 τὰ
1270 484 1386 535 κωφὰ
1404 485 1613 540 πρόσωπα·
1645 485 1672 526 ἃ
1691 488 1827 536 συνεξ-

258 541 407 596 έρχεται
437 541 509 594 μὲν
541 548 620 591 τοῖς
651 545 926 600 κωμῳδοῦσιν,
959 543 1058 584 αὐτὰ
1091 542 1132 584 δὲ
1164 543 1283 585 οὐδὲν
1316 544 1539 599 διαλέγεται.
1583 547 1828 587 Bachmann.

256 604 405 643 Anecd.
438 604 478 642 II
509 605 607 655 329,
642 607 678 644 7.
727 604 834 643 Plut.
859 605 957 644 Mor.
987 607 1099 644 791e
1136 602 1157 643 ὁ
1184 602 1240 656 δέ,
1271 604 1399 657 ὥσπερ
1432 604 1495 644 ἐπὶ
1527 611 1675 657 σκηνῆς
1707 606 1826 658 δορυ-

257 662 437 716 φόρημα,
473 657 525 715 ἧν
558 661 682 715 ὄνομα
713 661 903 716 βασιλέως
933 662 998 702 καὶ
1028 662 1253 716 πρόσωπον.
1285 678 1330 704 ac
1363 666 1418 704 sic
1449 666 1572 704 etiam
1603 665 1712 705 alibi.
1775 667 1824 706 of.

256 723 418 762 Lucian.
463 723 521 761 De
552 736 700 762 consor.
731 724 824 762 hist.
858 725 894 764 4.
926 724 1093 763 Icarom.
1127 726 1164 763 9.
1195 724 1351 774 Nigrin.
1386 726 1451 764 24.
1502 725 1561 763 De
1592 738 1722 775 paras.
1757 727 1841 765 59..
1871 774 1873 778 Α
1903 764 1907 765 ι

256 783 358 821 Dial.
390 785 506 822 mort.
542 785 578 834 6,
612 785 649 822 3.

540 921 834 976 ἐγκυσίχωλος

372 1007 479 1061 παρὰ
510 1006 578 1047 τὸν
609 1013 747 1059 κῢσον,
779 1005 799 1046 ὁ
826 1006 903 1047 ἀπὸ
935 1013 1004 1047 τοῦ
1036 1007 1162 1048 κύσου
1193 1007 1315 1060 χωλὸς
1345 1007 1411 1047 καὶ
1435 1006 1513 1047 ἀπὸ
1545 1014 1613 1060 τῆς
1643 1008 1820 1061 κοτύλης.

254 1073 378 1107 κῦσον
408 1066 482 1120 γὰρ
515 1066 706 1107 εἰώθασιν
737 1067 780 1107 οἱ
806 1066 971 1119 κωμικοὶ
1012 1066 1078 1107 καὶ
1108 1066 1176 1107 τὸν
1205 1066 1385 1120 πρωκτὸν
1416 1070 1563 1119 καλεῖν,
1599 1066 1688 1120 περὶ
1717 1065 1765 1108 ὃν
1795 1065 1821 1120 ἡ

252 1127 408 1178 κοτύλη.
457 1128 723 1179 Etymologic.
755 1141 806 1166 m.
834 1129 932 1178 311,
965 1129 1033 1167 44.
1083 1128 1251 1167 Photius
1285 1122 1455 1181 (Nauck.
1484 1127 1695 1167 Philol.VI
1714 1124 1820 1180 424)

253 1185 556 1239 κυσ[ιν]όχωλος
587 1185 653 1226 καὶ
684 1185 1046 1239 ἑγκυσ[ιν]όχωλος·
1079 1184 1099 1226 ὁ
1125 1184 1203 1226 ἀπὸ
1229 1191 1299 1226 τοῦ
1330 1185 1428 1225 κατὰ
1452 1185 1520 1226 τὸν
1547 1192 1672 1226 κῦσον
1697 1186 1820 1227 τόπου

253 1245 385 1298 χωλός.
447 1246 672 1297 Hesychius
704 1245 977 1301 ἕγκυσίχωλος·
1010 1243 1171 1293 ἄνωθεν
1203 1245 1280 1286 ἀπὸ
1312 1251 1382 1286 τοῦ
1414 1245 1538 1286 κύσου
1570 1245 1702 1298 χωλός.

538 1421 727 1478 ἐνόρχην
758 1423 867 1464 λαόν
1007 1363 1064 1404 90

370 1508 594 1559 Hesychius
615 1507 682 1546 τὸν
708 1506 770 1546 ἐπὶ
795 1507 908 1559 ἥβης.
956 1507 1073 1546 indic.
1092 1507 1245 1545 Nauck.
1266 1508 1436 1546 fortasse
1455 1505 1566 1546 λεών.
1603 1519 1697 1546 nam
1723 1519 1820 1557 quo-

252 1567 369 1606 modo
401 1568 536 1607 versui
567 1568 763 1606 insertum
794 1567 916 1606 fuerit
947 1567 1168 1618 ignoratur.
1217 1567 1264 1605 cf.
1297 1566 1421 1605 Arist.
1453 1566 1546 1617 Lys.
1580 1567 1678 1605 661.

537 1741 776 1799 εὐπραξίαν
1007 1682 1032 1723 9
1042 1683 1060 1723 l

370 1829 412 1868 οἵ
425 1827 584 1867 παλαιοὶ
603 1826 767 1879 κωμικοὶ
788 1826 854 1866 διὰ
872 1832 942 1866 τοῦ
963 1827 994 1874 ξ.
1047 1827 1298 1878 Θουκυδίδης
1318 1824 1361 1866 δὲ
1382 1825 1447 1866 διὰ
1466 1831 1535 1866 τοῦ
1554 1827 1589 1877 ᾧ.
1635 1827 1817 1866 Photius.

251 1889 299 1928 cf.
331 1889 500 1927 Philam.
535 1890 631 1928 163.
680 1888 852 1927 Lobeck.
885 1887 1006 1937 Soph.
1038 1887 1102 1926 Ai.
1136 1889 1231 1927 759.

1007 2003 1065 2044 92

534 2062 720 2118 θεάτρια

367 2148 433 2188 καὶ
477 2148 736 2202 συνθεάτρια,
779 2145 831 2194 ὥς
875 2144 900 2198 ἡ
938 2145 1084 2186 παλαιὰ
1123 2146 1322 2202 κωμῳδία.
1383 2147 1525 2186 Pollux
1558 2147 1605 2196 2,
1639 2147 1706 2185 56.
1768 2147 1817 2185 cf.

249 2210 457 2260 Aristoph.
487 2210 535 2248 fr.
568 2211 666 2247 472.
931 2262 933 2264 ι

1003 2287 1059 2328 93

532 2349 835 2403 κοννόφροσιν

366 2432 550 2486 ἄφροσιν.
585 2434 822 2484 Hesychius.
873 2429 994 2484 ‘quod
1025 2433 1058 2470 si
1094 2445 1175 2470 non
1206 2444 1252 2470 ex
1285 2431 1489 2481 Amipsiae
1523 2430 1673 2476 Oonno,
1706 2433 1814 2470 corbe

246 2508 294 2533 ex
324 2495 472 2534 comico
503 2489 635 2544 poeba'
668 2494 855 2544 antiquae
887 2493 1027 2542 opinor
1057 2491 1281 2530 comoediae
1305 2486 1496 2541 ‘petitum
1527 2485 1615 2529 est'.
1645 2491 1763 2530 Mein.
1790 2490 1811 2529 I

248 2556 331 2593 202
351 2568 388 2593 n.
411 2555 479 2593 21.
512 2575 568 2581 —
599 2551 855 2606 κενεόφροσιν
888 2551 933 2591 G.
953 2551 1087 2589 Dindf.
1117 2550 1159 2588 in
1179 2550 1396 2589 Thesauro.
1429 2549 1534 2600 quod
1565 2563 1646 2589 non
1676 2562 1810 2589 neces-

245 2614 406 2652 sarium.
455 2614 506 2652 ad
526 2613 799 2664 Theognidem
830 2614 935 2651 certe
968 2605 1086 2665 (233.
1107 2604 1214 2663 847)
1245 2610 1310 2650 vel
1330 2607 1584 2660 [Pindarum]
1606 2609 1718 2648 Nem.
1744 2611 1810 2659 11,

249 2675 303 2712 39
336 2668 430 2726 (29)
462 2673 596 2725 glossa
626 2685 706 2712 non
735 2672 923 2723 pertinet.

1003 2762 1061 2805 94

531 2822 811 2874 ὀνοστύππαξ

369 2906 635 2959 [ὀνοστύπτα.]
676 2907 741 2947 διὰ
778 2905 850 2959 μὲν
887 2912 957 2947 τοῦ
990 2905 1087 2946 ὄνου
1123 2904 1190 2958 τὸν
1222 2907 1384 2956 μυλῶνα
1415 2902 1635 2953 ὀνειδίζων,
1673 2901 1738 2942 διὰ
1770 2901 1812 2942 δὲ
