<?xml version="1.0" encoding="UTF-8"?>
<!DOCTYPE html PUBLIC "-//W3C//DTD XHTML 1.0 Transitional//EN"
    "http://www.w3.org/TR/xhtml1/DTD/xhtml1-transitional.dtd">
<html xmlns="http://www.w3.org/1999/xhtml" xml:lang="en" lang="en">
 <head>
  <title>
</title>
<meta http-equiv="Content-Type" content="text/html;charset=utf-8" />
  <meta name='ocr-system' content='tesseract 3.04.00' />
  <meta name='ocr-capabilities' content='ocr_page ocr_carea ocr_par ocr_line ocrx_word'/>
</head>
<body>
  <div class='ocr_page' id='page_1' title='image "./comicorumatticor03kockuoft_0057.png"; bbox 0 0 2014 3334; ppageno 0'>
   <div class='ocr_carea' id='block_1_1' title="bbox 676 228 1813 275">
    <p class='ocr_par' dir='ltr' id='par_1_1' title="bbox 676 228 1813 275">
     <span class='ocr_line' id='line_1_1' title="bbox 676 228 1813 275; baseline -0.004 -5"><span class='ocrx_word' id='word_1_1' title='bbox 676 237 758 270; x_wconf 92' lang='grc' dir='ltr'>ΔῙΣ</span> <span class='ocrx_word' id='word_1_2' title='bbox 783 228 1052 274; x_wconf 78' lang='grc' dir='ltr'><strong>ΕΞΑΠΑΤΩΝ</strong></span> <span class='ocrx_word' id='word_1_3' title='bbox 1100 235 1371 270; x_wconf 81' lang='grc' dir='ltr'><em>ΔΤΣΚΟΛΟΣ</em></span> <span class='ocrx_word' id='word_1_4' title='bbox 1757 233 1813 275; x_wconf 77' lang='lat'>37</span> 
     </span>
    </p>
   </div>
   <div class='ocr_carea' id='block_1_2' title="bbox 0 0 282 429">
    <p class='ocr_par' dir='ltr' id='par_1_2' title="bbox 0 0 282 429">
     <span class='ocr_line' id='line_1_2' title="bbox 0 0 282 429; baseline 0 0"><span class='ocrx_word' id='word_1_5' title='bbox 0 0 282 429; x_wconf 95' lang='lat' dir='ltr'>   </span> 
     </span>
    </p>
   </div>
   <div class='ocr_carea' id='block_1_3' title="bbox 225 344 1815 401">
    <p class='ocr_par' dir='ltr' id='par_1_3' title="bbox 225 344 1815 401">
     <span class='ocr_line' id='line_1_3' title="bbox 225 344 1815 401; baseline -0.003 -11"><span class='ocrx_word' id='word_1_6' title='bbox 225 347 276 390; x_wconf 69' lang='grc' dir='ltr'><em>ἂν</em></span> <span class='ocrx_word' id='word_1_7' title='bbox 319 348 593 401; x_wconf 86' lang='grc' dir='ltr'><em>Σμικρίνην</em></span> <span class='ocrx_word' id='word_1_8' title='bbox 637 345 737 401; x_wconf 83' lang='grc' dir='ltr'><em>ὁρᾶν</em></span> <span class='ocrx_word' id='word_1_9' title='bbox 774 345 801 400; x_wconf 74' lang='grc' dir='ltr'><strong>ἢ</strong></span> <span class='ocrx_word' id='word_1_10' title='bbox 844 345 1142 400; x_wconf 77' lang='grc' dir='ltr'><em>Θρασυλέοντα,</em></span> <span class='ocrx_word' id='word_1_11' title='bbox 1187 347 1427 387; x_wconf 91' lang='grc' dir='ltr'><em>δύσκολον</em></span> <span class='ocrx_word' id='word_1_12' title='bbox 1470 345 1747 399; x_wconf 80' lang='grc' dir='ltr'><em>πρεσβύτην</em></span> <span class='ocrx_word' id='word_1_13' title='bbox 1788 344 1815 398; x_wconf 77' lang='grc' dir='ltr'><strong>ἣ</strong></span> 
     </span>
    </p>
   </div>
   <div class='ocr_carea' id='block_1_4' title="bbox 45 401 1814 463">
    <p class='ocr_par' dir='ltr' id='par_1_4' title="bbox 45 401 1814 463">
     <span class='ocr_line' id='line_1_4' title="bbox 45 401 1814 463; baseline -0.003 -13"><span class='ocrx_word' id='word_1_14' title='bbox 45 401 69 428; x_wconf 78' lang='grc'>’“</span> <span class='ocrx_word' id='word_1_15' title='bbox 144 419 146 421; x_wconf 84' lang='grc'><em>“</em></span> <span class='ocrx_word' id='word_1_16' title='bbox 225 407 463 463; x_wconf 82' lang='grc' dir='ltr'><strong><em>στρατιώτην</em></strong></span> <span class='ocrx_word' id='word_1_17' title='bbox 494 407 680 460; x_wconf 80' lang='grc' dir='ltr'><em>ἀνόητον.</em></span> <span class='ocrx_word' id='word_1_18' title='bbox 742 409 791 448; x_wconf 82' lang='lat' dir='ltr'>cf.</span> <span class='ocrx_word' id='word_1_19' title='bbox 824 408 922 447; x_wconf 87' lang='lat' dir='ltr'><strong>ibid.</strong></span> <span class='ocrx_word' id='word_1_20' title='bbox 955 409 1081 447; x_wconf 83' lang='lat' dir='ltr'>342a</span> <span class='ocrx_word' id='word_1_21' title='bbox 1113 406 1216 447; x_wconf 75' lang='grc' dir='ltr'><em>οὕτω</em></span> <span class='ocrx_word' id='word_1_22' title='bbox 1249 404 1321 459; x_wconf 86' lang='grc' dir='ltr'><em>μὲν</em></span> <span class='ocrx_word' id='word_1_23' title='bbox 1353 401 1428 447; x_wconf 79' lang='grc' dir='ltr'><em>οὖν</em></span> <span class='ocrx_word' id='word_1_24' title='bbox 1461 405 1535 460; x_wconf 77' lang='grc' dir='ltr'>ἐγὼ</span> <span class='ocrx_word' id='word_1_25' title='bbox 1569 405 1612 446; x_wconf 82' lang='grc' dir='ltr'><em>ἕν</em></span> <span class='ocrx_word' id='word_1_26' title='bbox 1638 407 1814 457; x_wconf 83' lang='grc' dir='ltr'><em>Κελτοῖς,</em></span> 
     </span>
    </p>
   </div>
   <div class='ocr_carea' id='block_1_5' title="bbox 0 429 76 1672">
    <p class='ocr_par' dir='ltr' id='par_1_5' title="bbox 0 429 76 1672">
     <span class='ocr_line' id='line_1_5' title="bbox 0 429 76 1672; baseline 0 0"><span class='ocrx_word' id='word_1_27' title='bbox 0 429 76 1672; x_wconf 95' lang='lat' dir='ltr'> </span> 
     </span>
    </p>
   </div>
   <div class='ocr_carea' id='block_1_6' title="bbox 0 1805 35 3328">
    <p class='ocr_par' dir='ltr' id='par_1_6' title="bbox 0 1805 35 3328">
     <span class='ocr_line' id='line_1_6' title="bbox 0 1805 35 3328; baseline 0 0"><span class='ocrx_word' id='word_1_28' title='bbox 0 1805 35 3328; x_wconf 95' lang='lat' dir='ltr'> </span> 
     </span>
    </p>
   </div>
   <div class='ocr_carea' id='block_1_7' title="bbox 189 464 1814 2146">
    <p class='ocr_par' dir='ltr' id='par_1_7' title="bbox 189 464 1814 2146">
     <span class='ocr_line' id='line_1_7' title="bbox 223 464 1814 524; baseline -0.003 -14"><span class='ocrx_word' id='word_1_29' title='bbox 223 468 323 510; x_wconf 79' lang='grc' dir='ltr'><em>κατὰ</em></span> <span class='ocrx_word' id='word_1_30' title='bbox 353 467 421 509; x_wconf 89' lang='grc' dir='ltr'><em>τὸν</em></span> <span class='ocrx_word' id='word_1_31' title='bbox 452 474 523 509; x_wconf 77' lang='grc' dir='ltr'>τοῦ</span> <span class='ocrx_word' id='word_1_32' title='bbox 555 467 805 521; x_wconf 80' lang='grc' dir='ltr'><em>Μενάνδρου</em></span> <span class='ocrx_word' id='word_1_33' title='bbox 838 466 1069 519; x_wconf 84' lang='grc' dir='ltr'><em>Δύσκολον,</em></span> <span class='ocrx_word' id='word_1_34' title='bbox 1109 466 1228 515; x_wconf 78' lang='grc' dir='ltr'><em>αὐτὸς</em></span> <span class='ocrx_word' id='word_1_35' title='bbox 1261 464 1416 524; x_wconf 76' lang='grc' dir='ltr'><em>ἐμαυτῷ</em></span> <span class='ocrx_word' id='word_1_36' title='bbox 1454 466 1606 514; x_wconf 86' lang='grc' dir='ltr'><em>πόνους</em></span> <span class='ocrx_word' id='word_1_37' title='bbox 1637 466 1814 519; x_wconf 86' lang='grc' dir='ltr'><em>προσετί-</em></span> 
     </span>
     <span class='ocr_line' id='line_1_8' title="bbox 222 524 1814 584; baseline -0.003 -14"><span class='ocrx_word' id='word_1_38' title='bbox 222 533 343 571; x_wconf 80' lang='grc' dir='ltr'><em>θουν.</em></span> <span class='ocrx_word' id='word_1_39' title='bbox 404 529 599 580; x_wconf 79' lang='lat' dir='ltr'>Alciphro</span> <span class='ocrx_word' id='word_1_40' title='bbox 640 529 768 580; x_wconf 87' lang='lat' dir='ltr'>Epist.</span> <span class='ocrx_word' id='word_1_41' title='bbox 805 530 847 579; x_wconf 91' lang='lat'>3,</span> <span class='ocrx_word' id='word_1_42' title='bbox 886 529 942 568; x_wconf 86' lang='lat'>43</span> <span class='ocrx_word' id='word_1_43' title='bbox 976 526 1019 567; x_wconf 83' lang='grc' dir='ltr'><em>ἐν</em></span> <span class='ocrx_word' id='word_1_44' title='bbox 1050 526 1175 584; x_wconf 82' lang='grc' dir='ltr'><em>τούτῳ</em></span> <span class='ocrx_word' id='word_1_45' title='bbox 1215 524 1267 567; x_wconf 92' lang='grc' dir='ltr'>δι’</span> <span class='ocrx_word' id='word_1_46' title='bbox 1304 527 1530 580; x_wconf 82' lang='grc' dir='ltr'><strong><em>ἱλαρότητος</em></strong></span> <span class='ocrx_word' id='word_1_47' title='bbox 1568 525 1635 566; x_wconf 87' lang='grc' dir='ltr'>καὶ</span> <span class='ocrx_word' id='word_1_48' title='bbox 1667 525 1814 579; x_wconf 80' lang='grc' dir='ltr'><em>εὐφρο-</em></span> 
     </span>
     <span class='ocr_line' id='line_1_9' title="bbox 223 584 1813 642; baseline -0.003 -12"><span class='ocrx_word' id='word_1_49' title='bbox 223 588 348 642; x_wconf 83' lang='grc' dir='ltr'><em>σύνης</em></span> <span class='ocrx_word' id='word_1_50' title='bbox 369 586 621 641; x_wconf 82' lang='grc' dir='ltr'><em>διακειμένου</em></span> <span class='ocrx_word' id='word_1_51' title='bbox 641 593 712 629; x_wconf 83' lang='grc' dir='ltr'>τοῦ</span> <span class='ocrx_word' id='word_1_52' title='bbox 729 587 955 640; x_wconf 82' lang='grc' dir='ltr'><em>συμποσίου</em></span> <span class='ocrx_word' id='word_1_53' title='bbox 982 585 1120 639; x_wconf 77' lang='grc' dir='ltr'><em>ἐπέστη</em></span> <span class='ocrx_word' id='word_1_54' title='bbox 1147 585 1279 628; x_wconf 80' lang='grc' dir='ltr'><em>ποθὲν</em></span> <span class='ocrx_word' id='word_1_55' title='bbox 1302 587 1574 640; x_wconf 84' lang='grc' dir='ltr'><em>Σμικρίνης</em></span> <span class='ocrx_word' id='word_1_56' title='bbox 1601 584 1621 626; x_wconf 87' lang='grc' dir='ltr'>ὁ</span> <span class='ocrx_word' id='word_1_57' title='bbox 1649 586 1813 638; x_wconf 90' lang='grc' dir='ltr'><em>δύστρο-</em></span> 
     </span>
     <span class='ocr_line' id='line_1_10' title="bbox 222 647 1812 701; baseline -0.004 -11"><span class='ocrx_word' id='word_1_58' title='bbox 222 663 299 698; x_wconf 87' lang='grc' dir='ltr'>πος</span> <span class='ocrx_word' id='word_1_59' title='bbox 330 648 394 690; x_wconf 79' lang='grc' dir='ltr'>καὶ</span> <span class='ocrx_word' id='word_1_60' title='bbox 429 649 679 697; x_wconf 88' lang='grc' dir='ltr'><em>δύσκολος.</em></span> <span class='ocrx_word' id='word_1_61' title='bbox 729 649 932 701; x_wconf 85' lang='lat' dir='ltr'>Agathias</span> <span class='ocrx_word' id='word_1_62' title='bbox 960 649 1083 687; x_wconf 87' lang='lat' dir='ltr'>Anth.</span> <span class='ocrx_word' id='word_1_63' title='bbox 1109 648 1194 687; x_wconf 86' lang='lat' dir='ltr'>Pal.</span> <span class='ocrx_word' id='word_1_64' title='bbox 1228 650 1267 698; x_wconf 85' lang='lat'>5,</span> <span class='ocrx_word' id='word_1_65' title='bbox 1301 649 1399 687; x_wconf 89' lang='lat'>218.</span> <span class='ocrx_word' id='word_1_66' title='bbox 1443 649 1585 687; x_wconf 82' lang='lat' dir='ltr'>eontra</span> <span class='ocrx_word' id='word_1_67' title='bbox 1605 647 1812 686; x_wconf 76' lang='lat' dir='ltr'>Choricius</span> 
     </span>
     <span class='ocr_line' id='line_1_11' title="bbox 189 708 1805 762; baseline -0.003 -12"><span class='ocrx_word' id='word_1_68' title='bbox 189 741 194 743; x_wconf 70' lang='grc'><strong>-</strong></span> <span class='ocrx_word' id='word_1_69' title='bbox 222 710 342 762; x_wconf 82' lang='lat' dir='ltr'>Apol.</span> <span class='ocrx_word' id='word_1_70' title='bbox 368 710 490 761; x_wconf 90' lang='lat' dir='ltr'>mim.,</span> <span class='ocrx_word' id='word_1_71' title='bbox 523 710 584 750; x_wconf 89' lang='lat' dir='ltr'>ed.</span> <span class='ocrx_word' id='word_1_72' title='bbox 611 723 635 749; x_wconf 92' lang='lat' dir='ltr'>a</span> <span class='ocrx_word' id='word_1_73' title='bbox 660 708 703 749; x_wconf 85' lang='lat' dir='ltr'>C.</span> <span class='ocrx_word' id='word_1_74' title='bbox 730 709 869 749; x_wconf 86' lang='lat' dir='ltr'><strong>Graux</strong></span> <span class='ocrx_word' id='word_1_75' title='bbox 893 709 1031 748; x_wconf 86' lang='lat' dir='ltr'>Revue</span> <span class='ocrx_word' id='word_1_76' title='bbox 1064 709 1112 747; x_wconf 93' lang='lat' dir='ltr'>de</span> <span class='ocrx_word' id='word_1_77' title='bbox 1143 708 1285 759; x_wconf 87' lang='lat' dir='ltr'>philol.</span> <span class='ocrx_word' id='word_1_78' title='bbox 1314 710 1442 757; x_wconf 85' lang='lat'>1877,</span> <span class='ocrx_word' id='word_1_79' title='bbox 1470 709 1554 746; x_wconf 84' lang='lat'>228</span> <span class='ocrx_word' id='word_1_80' title='bbox 1586 712 1666 746; x_wconf 85' lang='grc' dir='ltr'><em>τῶν</em></span> <span class='ocrx_word' id='word_1_81' title='bbox 1697 708 1805 746; x_wconf 87' lang='grc' dir='ltr'><em>Μεν-</em></span> 
     </span>
     <span class='ocr_line' id='line_1_12' title="bbox 222 764 1813 824; baseline -0.003 -14"><span class='ocrx_word' id='word_1_82' title='bbox 222 770 376 824; x_wconf 90' lang='grc' dir='ltr'><em>άνδρου</em></span> <span class='ocrx_word' id='word_1_83' title='bbox 426 767 708 822; x_wconf 83' lang='grc' dir='ltr'><em>πεποιημένων</em></span> <span class='ocrx_word' id='word_1_84' title='bbox 762 768 989 821; x_wconf 79' lang='grc' dir='ltr'><em>προσώπων</em></span> <span class='ocrx_word' id='word_1_85' title='bbox 1032 768 1230 820; x_wconf 87' lang='grc' dir='ltr'><em>Μοσχίων</em></span> <span class='ocrx_word' id='word_1_86' title='bbox 1274 765 1346 819; x_wconf 84' lang='grc' dir='ltr'><em>μὲν</em></span> <span class='ocrx_word' id='word_1_87' title='bbox 1396 764 1501 820; x_wconf 77' lang='grc' dir='ltr'><em>ἡμᾶς</em></span> <span class='ocrx_word' id='word_1_88' title='bbox 1543 766 1813 819; x_wconf 80' lang='grc' dir='ltr'><em>παρεσκεύασε</em></span> 
     </span>
     <span class='ocr_line' id='line_1_13' title="bbox 221 825 1812 884; baseline -0.003 -13"><span class='ocrx_word' id='word_1_89' title='bbox 221 828 454 884; x_wconf 77' lang='grc' dir='ltr'><em>παρθένους</em></span> <span class='ocrx_word' id='word_1_90' title='bbox 485 829 715 883; x_wconf 75' lang='grc' dir='ltr'><em>βιάζεσθαι,</em></span> <span class='ocrx_word' id='word_1_91' title='bbox 754 827 1043 882; x_wconf 85' lang='grc' dir='ltr'><em>Χαιρέστρατος</em></span> <span class='ocrx_word' id='word_1_92' title='bbox 1076 826 1119 868; x_wconf 82' lang='grc' dir='ltr'>δὲ</span> <span class='ocrx_word' id='word_1_93' title='bbox 1150 828 1344 881; x_wconf 82' lang='grc' dir='ltr'><em>ψαλτρίας</em></span> <span class='ocrx_word' id='word_1_94' title='bbox 1375 826 1490 880; x_wconf 79' lang='grc' dir='ltr'><em>ἐρᾶν,</em></span> <span class='ocrx_word' id='word_1_95' title='bbox 1526 826 1737 878; x_wconf 84' lang='grc' dir='ltr'><em>Κνήμων</em></span> <span class='ocrx_word' id='word_1_96' title='bbox 1770 825 1812 867; x_wconf 84' lang='grc' dir='ltr'>δὲ</span> 
     </span>
     <span class='ocr_line' id='line_1_14' title="bbox 222 884 1812 942; baseline -0.003 -11"><span class='ocrx_word' id='word_1_97' title='bbox 222 889 490 939; x_wconf 88' lang='grc' dir='ltr'><em>δυσκόλους</em></span> <span class='ocrx_word' id='word_1_98' title='bbox 516 889 702 942; x_wconf 81' lang='grc' dir='ltr'><em>ἐποίησεν</em></span> <span class='ocrx_word' id='word_1_99' title='bbox 729 884 851 940; x_wconf 78' lang='grc' dir='ltr'><em>εἶναι,</em></span> <span class='ocrx_word' id='word_1_100' title='bbox 877 888 1146 941; x_wconf 77' lang='grc' dir='ltr'><em>Σμικρίνης</em></span> <span class='ocrx_word' id='word_1_101' title='bbox 1173 886 1216 928; x_wconf 83' lang='grc' dir='ltr'>δὲ</span> <span class='ocrx_word' id='word_1_102' title='bbox 1242 887 1597 942; x_wconf 78' lang='grc' dir='ltr'><em>φιλαργύρους,</em></span> <span class='ocrx_word' id='word_1_103' title='bbox 1624 885 1644 926; x_wconf 87' lang='grc' dir='ltr'><em>ὅ</em></span> <span class='ocrx_word' id='word_1_104' title='bbox 1672 886 1812 935; x_wconf 88' lang='grc' dir='ltr'><em>δεδιὼς</em></span> 
     </span>
     <span class='ocr_line' id='line_1_15' title="bbox 221 946 1811 1004; baseline -0.003 -13"><span class='ocrx_word' id='word_1_105' title='bbox 221 950 276 1004; x_wconf 71' lang='grc' dir='ltr'><em>μκή</em></span> <span class='ocrx_word' id='word_1_106' title='bbox 319 965 356 991; x_wconf 87' lang='grc' dir='ltr'>τι</span> <span class='ocrx_word' id='word_1_107' title='bbox 398 957 478 991; x_wconf 82' lang='grc' dir='ltr'><em>τῶν</em></span> <span class='ocrx_word' id='word_1_108' title='bbox 522 949 642 991; x_wconf 76' lang='grc' dir='ltr'><em>ἔνδον</em></span> <span class='ocrx_word' id='word_1_109' title='bbox 686 948 707 990; x_wconf 86' lang='grc' dir='ltr'><strong>ὁ</strong></span> <span class='ocrx_word' id='word_1_110' title='bbox 751 948 904 998; x_wconf 83' lang='grc' dir='ltr'><em>καπνὸς</em></span> <span class='ocrx_word' id='word_1_111' title='bbox 949 949 1094 1002; x_wconf 85' lang='grc' dir='ltr'><em>οἴχοιτο</em></span> <span class='ocrx_word' id='word_1_112' title='bbox 1139 946 1287 1002; x_wconf 85' lang='grc' dir='ltr'><em>φέρων.</em></span> <span class='ocrx_word' id='word_1_113' title='bbox 1348 949 1487 1000; x_wconf 89' lang='lat' dir='ltr'>itaque</span> <span class='ocrx_word' id='word_1_114' title='bbox 1530 948 1697 987; x_wconf 85' lang='lat' dir='ltr'>dubium</span> <span class='ocrx_word' id='word_1_115' title='bbox 1738 950 1811 1000; x_wconf 87' lang='lat' dir='ltr'>est,</span> 
     </span>
     <span class='ocr_line' id='line_1_16' title="bbox 220 1005 1812 1064; baseline -0.003 -12"><span class='ocrx_word' id='word_1_116' title='bbox 220 1011 433 1052; x_wconf 70' lang='lat' dir='ltr'>Smicrmes</span> <span class='ocrx_word' id='word_1_117' title='bbox 459 1025 510 1051; x_wconf 91' lang='lat' dir='ltr'>an</span> <span class='ocrx_word' id='word_1_118' title='bbox 531 1011 702 1050; x_wconf 72' lang='lat' dir='ltr'>Cnemon</span> <span class='ocrx_word' id='word_1_119' title='bbox 728 1005 796 1064; x_wconf 84' lang='lat' dir='ltr'><strong>(cf.</strong></span> <span class='ocrx_word' id='word_1_120' title='bbox 816 1011 865 1050; x_wconf 88' lang='lat' dir='ltr'>fr.</span> <span class='ocrx_word' id='word_1_121' title='bbox 884 1005 992 1063; x_wconf 87' lang='grc'>898)</span> <span class='ocrx_word' id='word_1_122' title='bbox 1013 1010 1165 1060; x_wconf 90' lang='lat' dir='ltr'>primas</span> <span class='ocrx_word' id='word_1_123' title='bbox 1190 1011 1328 1060; x_wconf 85' lang='lat' dir='ltr'>partes</span> <span class='ocrx_word' id='word_1_124' title='bbox 1353 1009 1395 1048; x_wconf 79' lang='lat' dir='ltr'>i‘n</span> <span class='ocrx_word' id='word_1_125' title='bbox 1413 1008 1626 1048; x_wconf 83' lang='lat' dir='ltr'>Menandri</span> <span class='ocrx_word' id='word_1_126' title='bbox 1645 1008 1812 1057; x_wconf 74' lang='lat' dir='ltr'>Dyscolo</span> 
     </span>
     <span class='ocr_line' id='line_1_17' title="bbox 221 1068 1814 1123; baseline -0.003 -12"><span class='ocrx_word' id='word_1_127' title='bbox 221 1072 363 1123; x_wconf 84' lang='lat' dir='ltr'>egerit.</span> <span class='ocrx_word' id='word_1_128' title='bbox 415 1073 588 1111; x_wconf 87' lang='lat' dir='ltr'>alterum</span> <span class='ocrx_word' id='word_1_129' title='bbox 621 1071 829 1123; x_wconf 81' lang='lat' dir='ltr'>ingeniose</span> <span class='ocrx_word' id='word_1_130' title='bbox 862 1070 1043 1110; x_wconf 73' lang='lat' dir='ltr'>defendit</span> <span class='ocrx_word' id='word_1_131' title='bbox 1075 1068 1120 1109; x_wconf 88' lang='lat' dir='ltr'>O.</span> <span class='ocrx_word' id='word_1_132' title='bbox 1156 1069 1398 1109; x_wconf 84' lang='lat' dir='ltr'>Ribbeokius</span> <span class='ocrx_word' id='word_1_133' title='bbox 1429 1068 1598 1120; x_wconf 84' lang='lat' dir='ltr'>Agroik.</span> <span class='ocrx_word' id='word_1_134' title='bbox 1629 1070 1814 1119; x_wconf 83' lang='lat'>11-21,</span> 
     </span>
     <span class='ocr_line' id='line_1_18' title="bbox 222 1124 1812 1184; baseline -0.003 -12"><span class='ocrx_word' id='word_1_135' title='bbox 222 1134 263 1172; x_wconf 87' lang='lat' dir='ltr'>et</span> <span class='ocrx_word' id='word_1_136' title='bbox 300 1132 470 1172; x_wconf 80' lang='lat' dir='ltr'>Luciani</span> <span class='ocrx_word' id='word_1_137' title='bbox 515 1132 724 1183; x_wconf 82' lang='lat' dir='ltr'>dialogum</span> <span class='ocrx_word' id='word_1_138' title='bbox 762 1126 904 1183; x_wconf 87' lang='lat' dir='ltr'>(mort.</span> <span class='ocrx_word' id='word_1_139' title='bbox 938 1124 989 1184; x_wconf 85' lang='lat'>8)</span> <span class='ocrx_word' id='word_1_140' title='bbox 1036 1132 1076 1169; x_wconf 90' lang='lat' dir='ltr'>et</span> <span class='ocrx_word' id='word_1_141' title='bbox 1114 1130 1276 1169; x_wconf 90' lang='lat' dir='ltr'>Aeliani</span> <span class='ocrx_word' id='word_1_142' title='bbox 1320 1129 1512 1179; x_wconf 75' lang='lat' dir='ltr'>epistolas</span> <span class='ocrx_word' id='word_1_143' title='bbox 1554 1130 1679 1168; x_wconf 89' lang='lat'>13—</span> <span class='ocrx_word' id='word_1_144' title='bbox 1698 1130 1751 1168; x_wconf 89' lang='grc'>16</span> <span class='ocrx_word' id='word_1_145' title='bbox 1791 1141 1812 1167; x_wconf 91' lang='lat' dir='ltr'>e</span> 
     </span>
     <span class='ocr_line' id='line_1_19' title="bbox 220 1189 1811 1243; baseline -0.003 -11"><span class='ocrx_word' id='word_1_146' title='bbox 220 1193 390 1243; x_wconf 76' lang='lat' dir='ltr'>Dyscolo</span> <span class='ocrx_word' id='word_1_147' title='bbox 426 1192 590 1231; x_wconf 84' lang='lat' dir='ltr'>fluxisse</span> <span class='ocrx_word' id='word_1_148' title='bbox 629 1191 865 1230; x_wconf 89' lang='lat' dir='ltr'>adfirmans:</span> <span class='ocrx_word' id='word_1_149' title='bbox 908 1191 978 1230; x_wconf 85' lang='lat' dir='ltr'>sed</span> <span class='ocrx_word' id='word_1_150' title='bbox 1014 1189 1118 1229; x_wconf 88' lang='lat' dir='ltr'>nihil</span> <span class='ocrx_word' id='word_1_151' title='bbox 1155 1190 1196 1228; x_wconf 88' lang='lat' dir='ltr'>in</span> <span class='ocrx_word' id='word_1_152' title='bbox 1234 1190 1297 1229; x_wconf 90' lang='lat' dir='ltr'>his</span> <span class='ocrx_word' id='word_1_153' title='bbox 1335 1189 1395 1228; x_wconf 88' lang='lat' dir='ltr'>ita</span> <span class='ocrx_word' id='word_1_154' title='bbox 1426 1193 1490 1229; x_wconf 85' lang='lat' dir='ltr'>est</span> <span class='ocrx_word' id='word_1_155' title='bbox 1521 1191 1811 1239; x_wconf 84' lang='lat' dir='ltr'>comparatum,</span> 
     </span>
     <span class='ocr_line' id='line_1_20' title="bbox 220 1248 1812 1304; baseline -0.004 -12"><span class='ocrx_word' id='word_1_156' title='bbox 220 1255 270 1292; x_wconf 89' lang='lat' dir='ltr'>ut</span> <span class='ocrx_word' id='word_1_157' title='bbox 301 1253 402 1292; x_wconf 83' lang='lat' dir='ltr'>certi</span> <span class='ocrx_word' id='word_1_158' title='bbox 427 1253 643 1304; x_wconf 81' lang='lat' dir='ltr'>quiequam</span> <span class='ocrx_word' id='word_1_159' title='bbox 668 1252 716 1290; x_wconf 90' lang='lat' dir='ltr'>de</span> <span class='ocrx_word' id='word_1_160' title='bbox 735 1251 946 1290; x_wconf 84' lang='lat' dir='ltr'>Menandri</span> <span class='ocrx_word' id='word_1_161' title='bbox 971 1250 1112 1290; x_wconf 88' lang='lat' dir='ltr'>fabula</span> <span class='ocrx_word' id='word_1_162' title='bbox 1137 1250 1322 1290; x_wconf 79' lang='lat' dir='ltr'>concludi</span> <span class='ocrx_word' id='word_1_163' title='bbox 1346 1250 1487 1300; x_wconf 89' lang='lat' dir='ltr'>possit.</span> <span class='ocrx_word' id='word_1_164' title='bbox 1529 1262 1624 1287; x_wconf 92' lang='lat' dir='ltr'>nam</span> <span class='ocrx_word' id='word_1_165' title='bbox 1644 1248 1812 1287; x_wconf 80' lang='lat' dir='ltr'>Luciani</span> 
     </span>
     <span class='ocr_line' id='line_1_21' title="bbox 221 1308 1812 1364; baseline -0.003 -12"><span class='ocrx_word' id='word_1_166' title='bbox 221 1311 370 1352; x_wconf 86' lang='lat' dir='ltr'>Cnemo</span> <span class='ocrx_word' id='word_1_167' title='bbox 402 1325 482 1352; x_wconf 92' lang='lat' dir='ltr'>non</span> <span class='ocrx_word' id='word_1_168' title='bbox 515 1311 710 1359; x_wconf 88' lang='grc' dir='ltr'><em>δύσκολος</em></span> <span class='ocrx_word' id='word_1_169' title='bbox 743 1313 816 1363; x_wconf 88' lang='lat' dir='ltr'>est,</span> <span class='ocrx_word' id='word_1_170' title='bbox 848 1311 918 1351; x_wconf 88' lang='lat' dir='ltr'>sed</span> <span class='ocrx_word' id='word_1_171' title='bbox 950 1310 1215 1364; x_wconf 78' lang='grc' dir='ltr'><em>φιλάργυρος,</em></span> <span class='ocrx_word' id='word_1_172' title='bbox 1248 1312 1290 1349; x_wconf 85' lang='lat' dir='ltr'>et</span> <span class='ocrx_word' id='word_1_173' title='bbox 1321 1310 1430 1360; x_wconf 91' lang='lat' dir='ltr'>quod</span> <span class='ocrx_word' id='word_1_174' title='bbox 1461 1309 1569 1359; x_wconf 90' lang='lat' dir='ltr'>apud</span> <span class='ocrx_word' id='word_1_175' title='bbox 1593 1308 1812 1347; x_wconf 85' lang='lat' dir='ltr'>Aelianum</span> 
     </span>
     <span class='ocr_line' id='line_1_22' title="bbox 218 1367 1810 1421; baseline -0.004 -8"><span class='ocrx_word' id='word_1_176' title='bbox 218 1373 376 1413; x_wconf 84' lang='lat' dir='ltr'>vicinus</span> <span class='ocrx_word' id='word_1_177' title='bbox 409 1371 623 1412; x_wconf 84' lang='lat' dir='ltr'>Onemonis</span> <span class='ocrx_word' id='word_1_178' title='bbox 654 1367 861 1421; x_wconf 62' lang='lat' dir='ltr'>Phylasios</span> <span class='ocrx_word' id='word_1_179' title='bbox 899 1384 940 1411; x_wconf 92' lang='lat' dir='ltr'>se</span> <span class='ocrx_word' id='word_1_180' title='bbox 979 1371 1031 1410; x_wconf 91' lang='lat' dir='ltr'>ad</span> <span class='ocrx_word' id='word_1_181' title='bbox 1068 1383 1202 1410; x_wconf 79' lang='lat' dir='ltr'>sacras</span> <span class='ocrx_word' id='word_1_182' title='bbox 1242 1370 1381 1421; x_wconf 80' lang='lat' dir='ltr'>epulas</span> <span class='ocrx_word' id='word_1_183' title='bbox 1424 1370 1692 1409; x_wconf 73' lang='lat' dir='ltr'>invitaturum</span> <span class='ocrx_word' id='word_1_184' title='bbox 1725 1381 1810 1408; x_wconf 87' lang='lat' dir='ltr'>esse</span> 
     </span>
     <span class='ocr_line' id='line_1_23' title="bbox 220 1424 1811 1484; baseline -0.004 -11"><span class='ocrx_word' id='word_1_185' title='bbox 220 1435 372 1484; x_wconf 83' lang='lat' dir='ltr'>narrat,</span> <span class='ocrx_word' id='word_1_186' title='bbox 397 1446 478 1472; x_wconf 90' lang='lat' dir='ltr'>non</span> <span class='ocrx_word' id='word_1_187' title='bbox 503 1433 736 1484; x_wconf 84' lang='lat' dir='ltr'>negaverim</span> <span class='ocrx_word' id='word_1_188' title='bbox 761 1432 804 1471; x_wconf 92' lang='lat' dir='ltr'>id</span> <span class='ocrx_word' id='word_1_189' title='bbox 830 1445 854 1471; x_wconf 90' lang='lat' dir='ltr'>a</span> <span class='ocrx_word' id='word_1_190' title='bbox 871 1431 1093 1471; x_wconf 88' lang='lat' dir='ltr'>Menandro</span> <span class='ocrx_word' id='word_1_191' title='bbox 1115 1425 1185 1483; x_wconf 81' lang='lat' dir='ltr'>(of.</span> <span class='ocrx_word' id='word_1_192' title='bbox 1206 1431 1253 1470; x_wconf 88' lang='lat' dir='ltr'>fr.</span> <span class='ocrx_word' id='word_1_193' title='bbox 1278 1432 1360 1470; x_wconf 91' lang='lat'>127</span> <span class='ocrx_word' id='word_1_194' title='bbox 1383 1433 1423 1469; x_wconf 89' lang='lat' dir='ltr'>et</span> <span class='ocrx_word' id='word_1_195' title='bbox 1447 1424 1551 1484; x_wconf 86' lang='lat'><strong>134)</strong></span> <span class='ocrx_word' id='word_1_196' title='bbox 1578 1431 1811 1468; x_wconf 88' lang='lat' dir='ltr'>mutuatum</span> 
     </span>
     <span class='ocr_line' id='line_1_24' title="bbox 219 1489 1811 1545; baseline -0.004 -12"><span class='ocrx_word' id='word_1_197' title='bbox 219 1506 308 1533; x_wconf 86' lang='lat' dir='ltr'>esse</span> <span class='ocrx_word' id='word_1_198' title='bbox 346 1493 734 1545; x_wconf 87' lang='lat' dir='ltr'>epistolographum,</span> <span class='ocrx_word' id='word_1_199' title='bbox 774 1491 825 1531; x_wconf 90' lang='lat' dir='ltr'>ad</span> <span class='ocrx_word' id='word_1_200' title='bbox 863 1493 1148 1542; x_wconf 86' lang='lat' dir='ltr'>argumentum</span> <span class='ocrx_word' id='word_1_201' title='bbox 1187 1491 1352 1543; x_wconf 81' lang='lat' dir='ltr'>Dyscoli</span> <span class='ocrx_word' id='word_1_202' title='bbox 1395 1489 1671 1540; x_wconf 83' lang='lat' dir='ltr'>indagandum</span> <span class='ocrx_word' id='word_1_203' title='bbox 1709 1489 1811 1528; x_wconf 89' lang='lat' dir='ltr'>nihil</span> 
     </span>
     <span class='ocr_line' id='line_1_25' title="bbox 220 1550 1809 1605; baseline -0.003 -12"><span class='ocrx_word' id='word_1_204' title='bbox 220 1554 342 1594; x_wconf 85' lang='lat' dir='ltr'>valet.</span> <span class='ocrx_word' id='word_1_205' title='bbox 393 1556 516 1605; x_wconf 88' lang='lat' dir='ltr'>auget</span> <span class='ocrx_word' id='word_1_206' title='bbox 548 1553 846 1592; x_wconf 89' lang='lat' dir='ltr'>dubitationem</span> <span class='ocrx_word' id='word_1_207' title='bbox 878 1552 986 1603; x_wconf 81' lang='lat' dir='ltr'>quod</span> <span class='ocrx_word' id='word_1_208' title='bbox 1018 1564 1132 1591; x_wconf 85' lang='lat' dir='ltr'>senes</span> <span class='ocrx_word' id='word_1_209' title='bbox 1164 1563 1346 1591; x_wconf 87' lang='lat' dir='ltr'>morosos</span> <span class='ocrx_word' id='word_1_210' title='bbox 1380 1553 1421 1589; x_wconf 90' lang='lat' dir='ltr'>et</span> <span class='ocrx_word' id='word_1_211' title='bbox 1452 1550 1635 1589; x_wconf 87' lang='lat' dir='ltr'>homines</span> <span class='ocrx_word' id='word_1_212' title='bbox 1667 1561 1809 1589; x_wconf 86' lang='lat' dir='ltr'>avaros</span> 
     </span>
     <span class='ocr_line' id='line_1_26' title="bbox 219 1609 1808 1664; baseline -0.003 -11"><span class='ocrx_word' id='word_1_213' title='bbox 219 1614 311 1664; x_wconf 90' lang='lat' dir='ltr'>plus</span> <span class='ocrx_word' id='word_1_214' title='bbox 333 1614 457 1652; x_wconf 82' lang='lat' dir='ltr'>semel</span> <span class='ocrx_word' id='word_1_215' title='bbox 476 1626 567 1652; x_wconf 85' lang='lat' dir='ltr'>oum</span> <span class='ocrx_word' id='word_1_216' title='bbox 588 1626 612 1652; x_wconf 93' lang='lat' dir='ltr'>a</span> <span class='ocrx_word' id='word_1_217' title='bbox 630 1613 798 1664; x_wconf 81' lang='lat' dir='ltr'>reliquis</span> <span class='ocrx_word' id='word_1_218' title='bbox 830 1625 958 1652; x_wconf 86' lang='lat' dir='ltr'>novae</span> <span class='ocrx_word' id='word_1_219' title='bbox 992 1612 1223 1652; x_wconf 81' lang='lat' dir='ltr'>comoediae</span> <span class='ocrx_word' id='word_1_220' title='bbox 1254 1611 1384 1662; x_wconf 86' lang='lat' dir='ltr'>poetis</span> <span class='ocrx_word' id='word_1_221' title='bbox 1417 1613 1507 1649; x_wconf 91' lang='lat' dir='ltr'>tum</span> <span class='ocrx_word' id='word_1_222' title='bbox 1539 1623 1563 1649; x_wconf 93' lang='lat' dir='ltr'>a</span> <span class='ocrx_word' id='word_1_223' title='bbox 1587 1609 1808 1649; x_wconf 89' lang='lat' dir='ltr'>Menandro</span> 
     </span>
     <span class='ocr_line' id='line_1_27' title="bbox 219 1665 1810 1724; baseline -0.004 -11"><span class='ocrx_word' id='word_1_224' title='bbox 219 1674 262 1712; x_wconf 90' lang='lat' dir='ltr'>in</span> <span class='ocrx_word' id='word_1_225' title='bbox 294 1686 480 1713; x_wconf 78' lang='lat' dir='ltr'>scaenam</span> <span class='ocrx_word' id='word_1_226' title='bbox 511 1674 698 1713; x_wconf 74' lang='lat' dir='ltr'>inductos</span> <span class='ocrx_word' id='word_1_227' title='bbox 732 1686 819 1712; x_wconf 84' lang='lat' dir='ltr'>esse</span> <span class='ocrx_word' id='word_1_228' title='bbox 852 1675 1024 1724; x_wconf 85' lang='lat' dir='ltr'>constat,</span> <span class='ocrx_word' id='word_1_229' title='bbox 1057 1672 1164 1712; x_wconf 76' lang='lat' dir='ltr'>sieut</span> <span class='ocrx_word' id='word_1_230' title='bbox 1183 1671 1405 1723; x_wconf 80' lang='grc' dir='ltr'><em>Σμικρίνης</em></span> <span class='ocrx_word' id='word_1_231' title='bbox 1432 1673 1493 1710; x_wconf 90' lang='lat' dir='ltr'>est</span> <span class='ocrx_word' id='word_1_232' title='bbox 1525 1673 1566 1709; x_wconf 90' lang='lat' dir='ltr'>et</span> <span class='ocrx_word' id='word_1_233' title='bbox 1597 1671 1639 1708; x_wconf 88' lang='lat' dir='ltr'>in</span> <span class='ocrx_word' id='word_1_234' title='bbox 1653 1665 1810 1708; x_wconf 85' lang='grc' dir='ltr'><em>Ἀσπίδι</em></span> 
     </span>
     <span class='ocr_line' id='line_1_28' title="bbox 220 1728 1810 1786; baseline -0.003 -13"><span class='ocrx_word' id='word_1_235' title='bbox 220 1736 261 1773; x_wconf 94' lang='lat' dir='ltr'>et</span> <span class='ocrx_word' id='word_1_236' title='bbox 283 1737 328 1773; x_wconf 83' lang='lat' dir='ltr'>-in</span> <span class='ocrx_word' id='word_1_237' title='bbox 349 1729 664 1786; x_wconf 85' lang='grc' dir='ltr'><em>Ἐπιτρέπουσιν.</em></span> <span class='ocrx_word' id='word_1_238' title='bbox 717 1732 880 1772; x_wconf 88' lang='lat' dir='ltr'>Libanii</span> <span class='ocrx_word' id='word_1_239' title='bbox 900 1735 1039 1772; x_wconf 91' lang='lat' dir='ltr'>autem</span> <span class='ocrx_word' id='word_1_240' title='bbox 1059 1734 1093 1771; x_wconf 87' lang='lat' dir='ltr'>si</span> <span class='ocrx_word' id='word_1_241' title='bbox 1111 1745 1194 1771; x_wconf 92' lang='lat' dir='ltr'>una</span> <span class='ocrx_word' id='word_1_242' title='bbox 1214 1732 1261 1771; x_wconf 92' lang='lat' dir='ltr'>de</span> <span class='ocrx_word' id='word_1_243' title='bbox 1283 1728 1493 1781; x_wconf 84' lang='grc' dir='ltr'><em>Μελέταις,</em></span> <span class='ocrx_word' id='word_1_244' title='bbox 1520 1743 1622 1782; x_wconf 89' lang='lat' dir='ltr'>quae</span> <span class='ocrx_word' id='word_1_245' title='bbox 1642 1730 1810 1781; x_wconf 82' lang='lat' dir='ltr'>Dysooli</span> 
     </span>
     <span class='ocr_line' id='line_1_29' title="bbox 218 1790 1808 1844; baseline -0.003 -11"><span class='ocrx_word' id='word_1_246' title='bbox 218 1794 379 1834; x_wconf 89' lang='lat' dir='ltr'>nomine</span> <span class='ocrx_word' id='word_1_247' title='bbox 405 1794 694 1844; x_wconf 82' lang='lat' dir='ltr'>inscribuntur,</span> <span class='ocrx_word' id='word_1_248' title='bbox 721 1794 772 1832; x_wconf 93' lang='lat' dir='ltr'>ad</span> <span class='ocrx_word' id='word_1_249' title='bbox 791 1793 1003 1832; x_wconf 88' lang='lat' dir='ltr'>Menandri</span> <span class='ocrx_word' id='word_1_250' title='bbox 1022 1792 1293 1831; x_wconf 88' lang='lat' dir='ltr'>imitationem</span> <span class='ocrx_word' id='word_1_251' title='bbox 1313 1791 1536 1842; x_wconf 79' lang='lat' dir='ltr'>composita</span> <span class='ocrx_word' id='word_1_252' title='bbox 1561 1790 1652 1842; x_wconf 91' lang='lat' dir='ltr'>fuit,</span> <span class='ocrx_word' id='word_1_253' title='bbox 1679 1791 1808 1841; x_wconf 84' lang='lat' dir='ltr'>magis</span> 
     </span>
     <span class='ocr_line' id='line_1_30' title="bbox 219 1847 1809 1907; baseline -0.003 -14"><span class='ocrx_word' id='word_1_254' title='bbox 219 1853 427 1901; x_wconf 86' lang='grc' dir='ltr'><em>Δύσκολος</em></span> <span class='ocrx_word' id='word_1_255' title='bbox 458 1853 587 1907; x_wconf 79' lang='grc' dir='ltr'><em>γήμας</em></span> <span class='ocrx_word' id='word_1_256' title='bbox 621 1852 741 1893; x_wconf 82' lang='grc' dir='ltr'><em>λάλον</em></span> <span class='ocrx_word' id='word_1_257' title='bbox 772 1856 944 1907; x_wconf 79' lang='grc' dir='ltr'><em>γυναῖκα</em></span> <span class='ocrx_word' id='word_1_258' title='bbox 977 1852 1079 1905; x_wconf 74' lang='lat'>(1111</span> <span class='ocrx_word' id='word_1_259' title='bbox 1115 1854 1261 1893; x_wconf 84' lang='lat'>134—</span> <span class='ocrx_word' id='word_1_260' title='bbox 1279 1847 1401 1905; x_wconf 89' lang='lat'>150),</span> <span class='ocrx_word' id='word_1_261' title='bbox 1440 1851 1483 1890; x_wconf 91' lang='lat' dir='ltr'>in</span> <span class='ocrx_word' id='word_1_262' title='bbox 1521 1864 1600 1901; x_wconf 91' lang='lat' dir='ltr'>qua</span> <span class='ocrx_word' id='word_1_263' title='bbox 1631 1850 1809 1889; x_wconf 89' lang='lat' dir='ltr'>trimetri</span> 
     </span>
     <span class='ocr_line' id='line_1_31' title="bbox 218 1903 1807 1965; baseline -0.003 -12"><span class='ocrx_word' id='word_1_264' title='bbox 218 1914 412 1965; x_wconf 79' lang='lat' dir='ltr'>permulti</span> <span class='ocrx_word' id='word_1_265' title='bbox 437 1914 710 1962; x_wconf 86' lang='lat' dir='ltr'>inveniuntur,</span> <span class='ocrx_word' id='word_1_266' title='bbox 733 1927 853 1965; x_wconf 86' lang='lat' dir='ltr'>quam</span> <span class='ocrx_word' id='word_1_267' title='bbox 873 1912 1080 1961; x_wconf 84' lang='grc' dir='ltr'><em>Δύσκολος</em></span> <span class='ocrx_word' id='word_1_268' title='bbox 1106 1911 1392 1965; x_wconf 83' lang='grc' dir='ltr'><em>ἀποκηρύττων</em></span> <span class='ocrx_word' id='word_1_269' title='bbox 1413 1906 1517 1961; x_wconf 84' lang='lat' dir='ltr'><strong>(IIII</strong></span> <span class='ocrx_word' id='word_1_270' title='bbox 1539 1903 1807 1964; x_wconf 81' lang='lat'>612—621&gt;,</span> 
     </span>
     <span class='ocr_line' id='line_1_32' title="bbox 218 1971 1806 2026; baseline -0.003 -13"><span class='ocrx_word' id='word_1_271' title='bbox 218 1974 260 2013; x_wconf 91' lang='lat' dir='ltr'>in</span> <span class='ocrx_word' id='word_1_272' title='bbox 287 1988 368 2026; x_wconf 88' lang='lat' dir='ltr'>qua</span> <span class='ocrx_word' id='word_1_273' title='bbox 397 1987 525 2019; x_wconf 85' lang='lat' dir='ltr'>unum</span> <span class='ocrx_word' id='word_1_274' title='bbox 549 1974 806 2026; x_wconf 84' lang='lat' dir='ltr'>investigavi,</span> <span class='ocrx_word' id='word_1_275' title='bbox 838 1974 1082 2013; x_wconf 90' lang='lat' dir='ltr'>Menandreo</span> <span class='ocrx_word' id='word_1_276' title='bbox 1115 1973 1275 2024; x_wconf 87' lang='lat' dir='ltr'>ingenio</span> <span class='ocrx_word' id='word_1_277' title='bbox 1304 1972 1468 2012; x_wconf 88' lang='lat' dir='ltr'>videtur</span> <span class='ocrx_word' id='word_1_278' title='bbox 1499 1971 1722 2011; x_wconf 80' lang='lat' dir='ltr'>convenire.</span> <span class='ocrx_word' id='word_1_279' title='bbox 1750 1991 1806 1996; x_wconf 88' lang='grc'>-</span> 
     </span>
     <span class='ocr_line' id='line_1_33' title="bbox 218 2031 1806 2086; baseline -0.003 -12"><span class='ocrx_word' id='word_1_280' title='bbox 218 2036 396 2086; x_wconf 81' lang='lat' dir='ltr'>ceterum</span> <span class='ocrx_word' id='word_1_281' title='bbox 442 2035 491 2074; x_wconf 80' lang='lat' dir='ltr'>of.</span> <span class='ocrx_word' id='word_1_282' title='bbox 522 2034 688 2074; x_wconf 83' lang='lat' dir='ltr'>Usener.</span> <span class='ocrx_word' id='word_1_283' title='bbox 727 2034 830 2073; x_wconf 83' lang='lat' dir='ltr'>Mus.</span> <span class='ocrx_word' id='word_1_284' title='bbox 868 2034 995 2073; x_wconf 85' lang='lat' dir='ltr'>Rhen.</span> <span class='ocrx_word' id='word_1_285' title='bbox 1032 2033 1209 2072; x_wconf 90' lang='lat' dir='ltr'><strong>XXVIII</strong></span> <span class='ocrx_word' id='word_1_286' title='bbox 1249 2034 1334 2072; x_wconf 87' lang='lat'>405</span> <span class='ocrx_word' id='word_1_287' title='bbox 1369 2045 1427 2083; x_wconf 89' lang='lat' dir='ltr'>sq.</span> <span class='ocrx_word' id='word_1_288' title='bbox 1466 2034 1507 2070; x_wconf 91' lang='lat' dir='ltr'>et</span> <span class='ocrx_word' id='word_1_289' title='bbox 1545 2044 1646 2082; x_wconf 85' lang='lat' dir='ltr'>quae</span> <span class='ocrx_word' id='word_1_290' title='bbox 1685 2031 1806 2070; x_wconf 92' lang='lat' dir='ltr'>adno-</span> 
     </span>
     <span class='ocr_line' id='line_1_34' title="bbox 219 2089 1384 2146; baseline -0.002 -12"><span class='ocrx_word' id='word_1_291' title='bbox 219 2095 395 2134; x_wconf 83' lang='lat' dir='ltr'>tavimus</span> <span class='ocrx_word' id='word_1_292' title='bbox 427 2094 478 2134; x_wconf 91' lang='lat' dir='ltr'>ad</span> <span class='ocrx_word' id='word_1_293' title='bbox 505 2090 812 2146; x_wconf 85' lang='grc' dir='ltr'><em>Ἐπιτρέποντας</em></span> <span class='ocrx_word' id='word_1_294' title='bbox 843 2097 884 2134; x_wconf 86' lang='lat' dir='ltr'>et</span> <span class='ocrx_word' id='word_1_295' title='bbox 915 2094 1160 2144; x_wconf 87' lang='lat' dir='ltr'>Antiphanis</span> <span class='ocrx_word' id='word_1_296' title='bbox 1186 2089 1384 2144; x_wconf 88' lang='grc' dir='ltr'><em>Ὁμοίους.</em></span> 
     </span>
    </p>
   </div>
   <div class='ocr_carea' id='block_1_8' title="bbox 435 2271 1500 2543">
    <p class='ocr_par' dir='ltr' id='par_1_8' title="bbox 435 2271 1500 2543">
     <span class='ocr_line' id='line_1_35' title="bbox 970 2271 1050 2313; baseline 0.013 -1"><span class='ocrx_word' id='word_1_297' title='bbox 970 2271 1050 2313; x_wconf 83' lang='grc'><strong>127</strong></span> 
     </span>
     <span class='ocr_line' id='line_1_36' title="bbox 435 2350 1388 2412; baseline -0.002 -15"><span class='ocrx_word' id='word_1_298' title='bbox 435 2362 512 2412; x_wconf 81' lang='grc' dir='ltr'>τῆς</span> <span class='ocrx_word' id='word_1_299' title='bbox 538 2351 732 2410; x_wconf 83' lang='grc' dir='ltr'><em>Ἀττικῆς</em></span> <span class='ocrx_word' id='word_1_300' title='bbox 763 2352 952 2410; x_wconf 84' lang='grc' dir='ltr'><em>νομίζετ’</em></span> <span class='ocrx_word' id='word_1_301' title='bbox 990 2350 1106 2397; x_wconf 81' lang='grc' dir='ltr'><em>εἶναι</em></span> <span class='ocrx_word' id='word_1_302' title='bbox 1137 2354 1217 2396; x_wconf 88' lang='grc' dir='ltr'><em>τὸν</em></span> <span class='ocrx_word' id='word_1_303' title='bbox 1248 2354 1388 2396; x_wconf 86' lang='grc' dir='ltr'><em>τόπον</em></span> 
     </span>
     <span class='ocr_line' id='line_1_37' title="bbox 439 2424 1500 2483; baseline -0.005 -12"><span class='ocrx_word' id='word_1_304' title='bbox 439 2429 611 2483; x_wconf 86' lang='grc' dir='ltr'><em>Φυλήν,</em></span> <span class='ocrx_word' id='word_1_305' title='bbox 642 2428 693 2470; x_wconf 91' lang='grc' dir='ltr'>τὸ</span> <span class='ocrx_word' id='word_1_306' title='bbox 726 2428 975 2483; x_wconf 84' lang='grc' dir='ltr'><em>Νυμφαῖον</em></span> <span class='ocrx_word' id='word_1_307' title='bbox 1008 2424 1048 2469; x_wconf 80' lang='grc' dir='ltr'>δ’</span> <span class='ocrx_word' id='word_1_308' title='bbox 1085 2426 1197 2469; x_wconf 77' lang='grc' dir='ltr'><em>ὅθεν</em></span> <span class='ocrx_word' id='word_1_309' title='bbox 1228 2424 1500 2482; x_wconf 85' lang='grc' dir='ltr'><em>προέρχομαι</em></span> 
     </span>
     <span class='ocr_line' id='line_1_38' title="bbox 441 2501 695 2543; baseline -0.004 0"><span class='ocrx_word' id='word_1_310' title='bbox 441 2501 695 2543; x_wconf 84' lang='grc' dir='ltr'><em>Φυλασίων.</em></span> 
     </span>
    </p>
   </div>
   <div class='ocr_carea' id='block_1_9' title="bbox 219 2579 1804 3002">
    <p class='ocr_par' dir='ltr' id='par_1_9' title="bbox 219 2579 1804 3002">
     <span class='ocr_line' id='line_1_39' title="bbox 339 2579 1804 2639; baseline -0.005 -12"><span class='ocrx_word' id='word_1_311' title='bbox 339 2587 608 2639; x_wconf 80' lang='lat' dir='ltr'>Harpocratio</span> <span class='ocrx_word' id='word_1_312' title='bbox 645 2585 760 2638; x_wconf 82' lang='grc' dir='ltr'><em>Φυλή</em></span> <span class='ocrx_word' id='word_1_313' title='bbox 793 2615 802 2625; x_wconf 93' lang='grc'><em>.</em></span> <span class='ocrx_word' id='word_1_314' title='bbox 823 2615 832 2625; x_wconf 92' lang='grc'><em>.</em></span> <span class='ocrx_word' id='word_1_315' title='bbox 853 2616 862 2625; x_wconf 94' lang='grc'><em>.</em></span> <span class='ocrx_word' id='word_1_316' title='bbox 896 2585 1021 2638; x_wconf 81' lang='grc' dir='ltr'><em>δῆμός</em></span> <span class='ocrx_word' id='word_1_317' title='bbox 1053 2584 1132 2625; x_wconf 89' lang='grc' dir='ltr'><em>ε’στι</em></span> <span class='ocrx_word' id='word_1_318' title='bbox 1164 2588 1296 2637; x_wconf 81' lang='grc' dir='ltr'><em>φυλῆς</em></span> <span class='ocrx_word' id='word_1_319' title='bbox 1332 2589 1402 2636; x_wconf 77' lang='grc' dir='ltr'>τῆς</span> <span class='ocrx_word' id='word_1_320' title='bbox 1438 2582 1644 2633; x_wconf 81' lang='grc' dir='ltr'><em>Οἰνηίδος’</em></span> <span class='ocrx_word' id='word_1_321' title='bbox 1689 2579 1804 2620; x_wconf 86' lang='grc' dir='ltr'><em>Μέν-</em></span> 
     </span>
     <span class='ocr_line' id='line_1_40' title="bbox 221 2640 1802 2703; baseline -0.005 -16"><span class='ocrx_word' id='word_1_322' title='bbox 221 2647 367 2700; x_wconf 90' lang='grc' dir='ltr'><em>ανδρος</em></span> <span class='ocrx_word' id='word_1_323' title='bbox 411 2646 604 2703; x_wconf 81' lang='grc' dir='ltr'><em>Δυσκόλῳ</em></span> <span class='ocrx_word' id='word_1_324' title='bbox 648 2649 726 2686; x_wconf 90' lang='grc' dir='ltr'><em>κτλ.</em></span> <span class='ocrx_word' id='word_1_325' title='bbox 800 2660 838 2686; x_wconf 87' lang='lat' dir='ltr'>v.</span> <span class='ocrx_word' id='word_1_326' title='bbox 857 2649 904 2685; x_wconf 89' lang='grc'>1.</span> <span class='ocrx_word' id='word_1_327' title='bbox 938 2649 961 2685; x_wconf 91' lang='grc'><strong>2</strong></span> <span class='ocrx_word' id='word_1_328' title='bbox 1003 2640 1187 2700; x_wconf 82' lang='grc' dir='ltr'><em>(Φυλήν)</em></span> <span class='ocrx_word' id='word_1_329' title='bbox 1227 2645 1357 2684; x_wconf 83' lang='lat' dir='ltr'>Sehol.</span> <span class='ocrx_word' id='word_1_330' title='bbox 1388 2643 1596 2692; x_wconf 87' lang='lat' dir='ltr'>Aristoph.</span> <span class='ocrx_word' id='word_1_331' title='bbox 1628 2642 1802 2680; x_wconf 82' lang='lat' dir='ltr'>Acharn.</span> 
     </span>
     <span class='ocr_line' id='line_1_41' title="bbox 225 2701 1804 2759; baseline -0.004 -13"><span class='ocrx_word' id='word_1_332' title='bbox 225 2710 338 2748; x_wconf 85' lang='lat'>1023</span> <span class='ocrx_word' id='word_1_333' title='bbox 372 2705 451 2747; x_wconf 80' lang='grc' dir='ltr'>ἀπὸ</span> <span class='ocrx_word' id='word_1_334' title='bbox 482 2708 636 2759; x_wconf 80' lang='grc' dir='ltr'><em>Φυλῆς·</em></span> <span class='ocrx_word' id='word_1_335' title='bbox 670 2703 796 2757; x_wconf 81' lang='grc' dir='ltr'><em>ὄνομα</em></span> <span class='ocrx_word' id='word_1_336' title='bbox 830 2705 978 2758; x_wconf 78' lang='grc' dir='ltr'><em>δήμου·</em></span> <span class='ocrx_word' id='word_1_337' title='bbox 1009 2704 1076 2744; x_wconf 85' lang='grc' dir='ltr'>καὶ</span> <span class='ocrx_word' id='word_1_338' title='bbox 1108 2703 1352 2757; x_wconf 85' lang='grc' dir='ltr'><em>Μένανδρος</em></span> <span class='ocrx_word' id='word_1_339' title='bbox 1378 2701 1569 2758; x_wconf 77' lang='grc' dir='ltr'><em>Δυσκόλῳ</em></span> <span class='ocrx_word' id='word_1_340' title='bbox 1601 2704 1678 2740; x_wconf 91' lang='grc' dir='ltr'><em>κτλ.</em></span> <span class='ocrx_word' id='word_1_341' title='bbox 1716 2715 1804 2752; x_wconf 89' lang='lat' dir='ltr'>per-</span> 
     </span>
     <span class='ocr_line' id='line_1_42' title="bbox 221 2758 1803 2818; baseline -0.005 -11"><span class='ocrx_word' id='word_1_342' title='bbox 221 2780 335 2807; x_wconf 84' lang='lat' dir='ltr'>verse</span> <span class='ocrx_word' id='word_1_343' title='bbox 372 2768 548 2818; x_wconf 80' lang='lat' dir='ltr'>Etymol.</span> <span class='ocrx_word' id='word_1_344' title='bbox 580 2781 632 2806; x_wconf 90' lang='lat' dir='ltr'>m.</span> <span class='ocrx_word' id='word_1_345' title='bbox 666 2768 764 2816; x_wconf 89' lang='lat'>802,</span> <span class='ocrx_word' id='word_1_346' title='bbox 799 2768 850 2805; x_wconf 93' lang='lat'>21</span> <span class='ocrx_word' id='word_1_347' title='bbox 903 2764 1016 2816; x_wconf 83' lang='grc' dir='ltr'><em>Φυλὴ</em></span> <span class='ocrx_word' id='word_1_348' title='bbox 1060 2763 1135 2818; x_wconf 72' lang='grc' dir='ltr'><em>γὰρ</em></span> <span class='ocrx_word' id='word_1_349' title='bbox 1181 2765 1307 2817; x_wconf 81' lang='grc' dir='ltr'><em>δῆμος</em></span> <span class='ocrx_word' id='word_1_350' title='bbox 1343 2768 1412 2814; x_wconf 85' lang='grc' dir='ltr'>τῆς</span> <span class='ocrx_word' id='word_1_351' title='bbox 1448 2761 1647 2813; x_wconf 88' lang='grc' dir='ltr'><em>Οἰνηίδος.</em></span> <span class='ocrx_word' id='word_1_352' title='bbox 1698 2759 1718 2800; x_wconf 88' lang='grc' dir='ltr'>ὁ</span> <span class='ocrx_word' id='word_1_353' title='bbox 1760 2758 1803 2800; x_wconf 82' lang='grc' dir='ltr'>δὲ</span> 
     </span>
     <span class='ocr_line' id='line_1_43' title="bbox 219 2818 1799 2879; baseline -0.005 -12"><span class='ocrx_word' id='word_1_354' title='bbox 219 2824 463 2879; x_wconf 76' lang='grc' dir='ltr'><em>Μένανδρος</em></span> <span class='ocrx_word' id='word_1_355' title='bbox 490 2825 622 2879; x_wconf 70' lang='grc' dir='ltr'>Ιτόπον</span> <span class='ocrx_word' id='word_1_356' title='bbox 658 2826 807 2878; x_wconf 83' lang='grc' dir='ltr'><em>νομίζει</em></span> <span class='ocrx_word' id='word_1_357' title='bbox 844 2821 946 2866; x_wconf 84' lang='grc' dir='ltr'><em>εἶναι</em></span> <span class='ocrx_word' id='word_1_358' title='bbox 987 2824 1139 2876; x_wconf 82' lang='grc' dir='ltr'><em>Φυλήν.</em></span> <span class='ocrx_word' id='word_1_359' title='bbox 1204 2827 1241 2864; x_wconf 93' lang='grc'>1.</span> <span class='ocrx_word' id='word_1_360' title='bbox 1280 2818 1445 2874; x_wconf 80' lang='grc' dir='ltr'><em>νομίζετ’</em></span> <span class='ocrx_word' id='word_1_361' title='bbox 1489 2821 1619 2861; x_wconf 85' lang='lat' dir='ltr'>Schol.</span> <span class='ocrx_word' id='word_1_362' title='bbox 1657 2820 1799 2871; x_wconf 60' lang='lat' dir='ltr'>Arist]</span> 
     </span>
     <span class='ocr_line' id='line_1_44' title="bbox 222 2881 1800 2939; baseline -0.005 -12"><span class='ocrx_word' id='word_1_363' title='bbox 222 2887 417 2939; x_wconf 82' lang='grc' dir='ltr'><em>νομίζεται</em></span> <span class='ocrx_word' id='word_1_364' title='bbox 440 2887 567 2938; x_wconf 85' lang='lat' dir='ltr'>Harp.</span> <span class='ocrx_word' id='word_1_365' title='bbox 610 2885 677 2926; x_wconf 92' lang='grc' dir='ltr'><em>τὸν</em></span> <span class='ocrx_word' id='word_1_366' title='bbox 709 2885 832 2926; x_wconf 85' lang='grc' dir='ltr'><em>τόπον</em></span> <span class='ocrx_word' id='word_1_367' title='bbox 859 2881 962 2926; x_wconf 88' lang='grc' dir='ltr'><em>εἶναι</em></span> <span class='ocrx_word' id='word_1_368' title='bbox 987 2884 1091 2924; x_wconf 78' lang='lat' dir='ltr'>BOG</span> <span class='ocrx_word' id='word_1_369' title='bbox 1117 2885 1240 2935; x_wconf 88' lang='lat' dir='ltr'>Harp.</span> <span class='ocrx_word' id='word_1_370' title='bbox 1294 2886 1332 2923; x_wconf 89' lang='lat'>2.</span> <span class='ocrx_word' id='word_1_371' title='bbox 1363 2881 1431 2922; x_wconf 90' lang='grc' dir='ltr'><em>τὸν</em></span> <span class='ocrx_word' id='word_1_372' title='bbox 1462 2882 1547 2921; x_wconf 87' lang='grc' dir='ltr'>ΑΒ.</span> <span class='ocrx_word' id='word_1_373' title='bbox 1582 2883 1800 2932; x_wconf 88' lang='grc' dir='ltr'><em>νυμφιαῖον</em></span> 
     </span>
     <span class='ocr_line' id='line_1_45' title="bbox 225 2941 1800 3002; baseline -0.005 -15"><span class='ocrx_word' id='word_1_374' title='bbox 225 2949 272 2987; x_wconf 90' lang='grc' dir='ltr'>Α.</span> <span class='ocrx_word' id='word_1_375' title='bbox 324 2950 363 2987; x_wconf 90' lang='lat'>3.</span> <span class='ocrx_word' id='word_1_376' title='bbox 396 2946 587 2998; x_wconf 81' lang='grc' dir='ltr'><em>φυλάξων</em></span> <span class='ocrx_word' id='word_1_377' title='bbox 622 2945 664 2986; x_wconf 83' lang='lat' dir='ltr'>O.</span> <span class='ocrx_word' id='word_1_378' title='bbox 713 2945 906 3002; x_wconf 80' lang='grc' dir='ltr'><em>Δυσκόλῳ</em></span> <span class='ocrx_word' id='word_1_379' title='bbox 944 2950 1013 2997; x_wconf 78' lang='grc' dir='ltr'>τῆς</span> <span class='ocrx_word' id='word_1_380' title='bbox 1045 2941 1220 2997; x_wconf 83' lang='grc' dir='ltr'><em>Ἀττικῆς</em></span> <span class='ocrx_word' id='word_1_381' title='bbox 1258 2957 1334 2983; x_wconf 92' lang='lat' dir='ltr'>om.</span> <span class='ocrx_word' id='word_1_382' title='bbox 1366 2943 1401 2981; x_wconf 94' lang='lat' dir='ltr'>D</span> <span class='ocrx_word' id='word_1_383' title='bbox 1439 2943 1632 2992; x_wconf 86' lang='lat' dir='ltr'>Harpocr.</span> <span class='ocrx_word' id='word_1_384' title='bbox 1669 2962 1718 2968; x_wconf 93' lang='lat'>—</span> <span class='ocrx_word' id='word_1_385' title='bbox 1754 2953 1800 2978; x_wconf 82' lang='lat' dir='ltr'>ex</span> 
     </span>
    </p>
   </div>
  </div>
 </body>
</html>
