2014 3334
771 252 938 287 AAHAA
963 251 1225 286 οΠοΤΕΡΑΣ
1693 246 1781 290 525

200 365 392 407 κούντων.
440 367 624 419 γενναῖος
660 364 780 404 Mein.
812 364 959 406 Philol.
989 363 1101 404 XXV
1135 362 1239 414 338]
1285 364 1468 416 γενναῖος
1504 355 1549 402 εἴ.
1611 361 1781 401 fortasse

201 421 273 480 (σὺ
305 422 365 480 δ’)
397 420 435 467 εἷ
461 439 567 479 γενν.
598 427 678 465 κτλ.

946 506 1034 550 655

741 623 749 632 .
813 589 957 641 ἄλλως
987 589 1240 640 ἀναλίσκεις
1270 588 1406 646 ὕδωρ.

321 675 556 727 Diogenian.
588 677 628 726 2,
661 676 713 715 61
762 673 826 715 ἐπὶ
861 680 940 715 τῶν
977 674 1358 728 ματαιολογούντων.
1408 672 1487 714 ἀπὸ
1519 679 1597 713 τῶν
1629 671 1672 712 ἐν
1703 674 1783 720 τοῖς

203 735 468 787 δικαστηρίοις
498 733 598 788 πρὸς
628 733 739 787 ὕδωρ
770 734 976 788 λεγόντων.

948 851 1035 895 656

486 935 536 978 τὸ
572 935 779 990 Πάσητος
809 934 1084 990 ἡμιωβολιον

321 1021 558 1075 Diogenian.
591 1023 628 1069 8,
662 1024 719 1062 40
752 1052 760 1060 .
788 1050 798 1061 .
825 1053 834 1061 .
865 1020 908 1061 τὸ
939 1018 1183 1073 ἡμιωβόλιον
1215 1019 1352 1068 διδοὺς
1376 1017 1472 1073 παρ’
1507 1018 1634 1076 ἑαυτῷ
1664 1019 1783 1060 πάλιν

203 1081 369 1135 εὕρισκε.
420 1082 469 1122 cf.
490 1082 671 1133 Apostol.
696 1084 762 1134 17,
784 1083 821 1121 6.
872 1082 908 1121 si
939 1082 979 1120 in
1011 1081 1154 1133 Πάσης
1186 1096 1211 1119 α
1235 1081 1485 1132 producitur,
1517 1081 1783 1120 omittendum

203 1141 258 1182 τό.
308 1142 406 1182 Poll.
441 1143 480 1194 9,
514 1143 568 1181 64
607 1139 649 1181 τὸ
680 1146 751 1181 τοῦ
782 1138 931 1193 ὀβολοῦ
967 1140 1090 1193 ἥμισυ
1128 1137 1382 1193 ἡμιωβόλιον.
1434 1154 1480 1180 ao
1512 1142 1567 1180 sic
1598 1155 1783 1193 τριημιω-

204 1200 342 1255 βόλιον
373 1202 468 1241 ibid.
502 1198 727 1254 (Aristoph.
758 1202 806 1240 fr.
840 1197 927 1255 48).

946 1318 1031 1360 657

491 1390 769 1446 γελοιότερος
800 1361 1074 1433 Μελιττίδου

325 1477 560 1528 Apostolius
581 1479 621 1527 5,
642 1479 694 1516 27
729 1475 794 1516 ἐπὶ
817 1482 896 1516 τῶν
921 1474 986 1516 ἐπὶ
1010 1475 1138 1532 μωρίᾳ
1164 1474 1499 1529 διαβεβοημένων.
1563 1475 1784 1516 Μελιτίδου

208 1537 349 1588 Aposfi.
400 1538 449 1576 cf.
481 1537 647 1587 interpr.
679 1537 803 1576 Arist.
836 1537 934 1576 Ran.
970 1538 1067 1577 991.

955 1653 1040 1696 658

493 1724 740 1768 αὐτόκακον
772 1725 886 1767 ἔοικε
917 1725 1009 1783 τῷδ
1010 1740 1030 1767 ε

326 1812 496 1851 Bekker.
529 1811 679 1851 Anecd.
711 1813 750 1862 8,
783 1813 836 1851 27
880 1808 1009 1863 ἄκρως
1039 1809 1107 1850 καὶ
1136 1807 1232 1850 καθ’
1274 1809 1501 1863 ὑπερβολὴν
1539 1809 1641 1850 ἐόικε
1672 1810 1785 1867 τῷδε,

207 1868 261 1919 ὣς
292 1870 328 1911 εἰ
356 1868 461 1924 λέγοι
491 1886 548 1918 τις
579 1870 684 1927 αὐτῷ
725 1868 855 1922 ἄκρως
892 1869 1006 1910 ἔοικε.
1053 1869 1095 1910 τὸ
1135 1868 1178 1910 δὲ
1208 1869 1332 1910 κακὸν
1368 1870 1594 1923 πρόσκειται
1635 1870 1786 1922 δηλοῦν

206 1929 279 1981 τὴν
310 1928 536 1983 ὑπερβολὴν
567 1936 637 1983 τῆς
667 1928 912 1982 ὁμοιότητος·
938 1927 1129 1983 Ὅμηρος·
1167 1930 1288 1978 αἰνῶς
1325 1929 1550 1986 ἀθανάτῃσι
1593 1934 1693 1985 θεῇς
1730 1930 1786 1978 εἰς

209 1985 298 2030 ὦπα
336 1989 473 2031 ἔοικεν.
523 1993 564 2030 et
595 1993 703 2039 465,
737 1993 787 2029 11
837 1989 1058 2030 αὐτόκακον
1102 1988 1204 2030 ἔοικε
1244 1990 1360 2046 τῷδε·
1404 1987 1534 2043 ἄκρως
1576 1989 1642 2029 καὶ
1685 1986 1783 2030 καθ’

208 2048 437 2102 ὑπερβολὴν
469 2049 569 2090 ἔοικε
594 2050 702 2106 τῷδε.
754 2050 894 2089 eadem
915 2050 1060 2089 Suidas
1080 2048 1313 2090 αὐτόκακον.
1364 2050 1445 2089 alia
1469 2063 1634 2100 prorsus
1661 2051 1784 2101 signi-

209 2111 342 2150 ficatio
374 2114 438 2150 est
469 2110 714 2161 Theopomp.
741 2123 840 2150 com.
868 2112 935 2150 20.
985 2110 1051 2150 vix
1083 2110 1261 2149 adducor
1291 2112 1338 2149 ut
1369 2110 1530 2149 credam
1562 2108 1785 2150 αὐτόκακον

210 2182 452 2221 quemquam
484 2170 631 2210 dixisse
663 2183 735 2221 pro
768 2168 998 2217 αὐτοκάκως
1030 2173 1072 2209 et
1102 2171 1176 2209 hoo
1208 2182 1280 2221 pro
1312 2167 1455 2221 ἄκρως.
1504 2170 1639 2220 pravis
1671 2170 1786 2209 libris

208 2229 397 2270 videntur
416 2229 573 2280 decepti
599 2242 686 2269 esse
708 2230 972 2282 grammatici,
1007 2230 1259 2269 scribendum
1285 2232 1420 2269 autem
1445 2227 1659 2269 αὐτότατον
1684 2227 1786 2269 ἔοικε

210 2284 272 2344 (τὸ
302 2285 483 2344 παιδίον)
514 2289 614 2346 τῷδε
645 2285 729 2342 (vel
759 2291 812 2346 τῷ
843 2285 991 2343 πατρί).
1042 2290 1168 2329 Arist.
1201 2290 1359 2329 Thesm.
1391 2291 1490 2329 514.

950 2406 1036 2449 659

713 2523 724 2533 .
783 2488 978 2546 ἀγρίοισι
1009 2495 1282 2533 κατακαῦσαι
1313 2489 1461 2541 ξύλοις

331 2575 498 2619 Bekker.
531 2577 679 2616 Aneod.
714 2578 780 2628 10,
814 2578 867 2616 26
912 2575 958 2616 τὰ
1002 2575 1198 2630 τερατώδη
1241 2574 1315 2628 τὴν
1357 2575 1482 2627 φύσιν
1526 2571 1588 2615 ἐπ’
1635 2573 1787 2628 ἀγρίοις

212 2632 347 2675 ἔκαιον
379 2634 523 2683 ξύλοις.
572 2636 622 2675 cf.
654 2636 788 2687 adesp.
822 2639 859 2676 7.

959 2717 1046 2759 660

498 2800 707 2857 βουλιμιᾷ
738 2800 792 2842 τὰ
823 2799 1075 2855 βαλλάντια.

325 2883 424 2924 κατὰ
443 2884 672 2939 μεταφορὰν
691 2884 755 2925 ἐπὶ
774 2892 851 2926 τῶν
871 2884 995 2938 μηδὲν
1015 2885 1182 2938 ἐχόντων
1201 2885 1320 2926 ἔνδον
1339 2886 1597 2938 βαλλαντίων.
1618 2887 1784 2927 Bekker.

215 2944 361 2984 Anecd.
395 2946 463 2996 30,
498 2946 563 2984 10.
614 2945 723 2997 βαλλ.
754 2945 892 2998 Mein]
925 2947 1011 2999 βαλ.
