2014 3334
284 252 368 294 714
803 255 1148 289 SUPPLEMENTA
1173 255 1281 290 voL.
1308 257 1326 288 1

282 365 421 404 Hiller.
454 365 654 403 Deutsche
687 365 794 403 Littz
844 366 954 404 1888
986 379 1022 416 p.
1047 368 1119 417 11,
1157 366 1256 405 conl.
1289 367 1421 418 Etym.
1447 380 1498 406 m.
1528 368 1593 416 75,
1628 368 1681 407 52
1714 350 1847 420 λέγον-

283 438 345 462 ται
380 423 481 463 οὕτω
515 419 744 478 (ἀμαζόνες)
776 422 843 463 καὶ
874 423 916 463 οἱ
942 422 1105 475 πένητες
1136 424 1179 464 οἵ
1205 426 1331 476 μᾶζαν
1363 424 1437 465 οὐκ
1467 424 1629 478 ἔχοντες.

977 527 1159 562 ORATES

400 579 463 617 Fr.
499 580 523 618 3
557 591 632 617 scr.
663 578 896 630 λυχνείὸιον.

404 639 470 687 14,
492 639 528 677 6.
549 651 640 677 cum
661 638 827 678 vascula
846 640 887 677 et
906 638 1058 678 cibaria
1076 634 1219 693 (κύλιξ,
1239 640 1354 691 μᾶζα,
1373 639 1507 693 χύτρα,
1529 635 1665 693 ἰχθύς)
1687 654 1711 680 a
1729 643 1849 691 poeta

281 698 507 748 promiscue
539 699 908 748 commemorentur,
942 699 1156 738 concidunt
1187 713 1289 751 quae
1319 699 1612 740 Herwerdenus
1640 701 1784 740 Mnem.
1809 713 1848 740 n.

282 758 318 795 X
352 759 407 797 70
439 759 579 796 contra
608 770 672 796 me
704 757 937 808 disputavit.
993 771 1123 810 neque
1162 759 1247 798 ulla
1278 772 1376 809 opus
1408 761 1469 798 est
1501 772 1688 799 versuum
1718 762 1847 800 trans-

282 817 514 856 mutatione.

405 877 468 915 15.
515 877 562 916 cf.
594 876 696 916 Birt.
726 877 857 927 Elpid.
893 879 989 917 102.
1017 879 1054 917 3.

404 938 456 975 16
491 936 636 982 omisso
668 938 810 986 poetae
841 937 1000 976 nomine
1033 939 1164 977 exstat
1195 937 1317 977 etiam
1348 939 1388 976 in
1414 938 1674 978 Lexic.Vind.
1699 939 1796 990 143,
1821 940 1845 978 9

282 996 435 1035 Nauck.
467 990 681 1049 (Θηρίοις).

405 1057 472 1106 27,
505 1057 529 1094 2
569 1053 632 1094 ἐπὶ
667 1061 856 1107 κοχωνῶν
888 1056 971 1095 sine
1009 1057 1178 1096 articulo
1210 1059 1258 1096 ut
1289 1057 1414 1096 Arist.
1447 1057 1554 1096 Plut.
1587 1058 1670 1096 635
1713 1056 1848 1109 λελάμ-

283 1128 454 1168 πρυνται
483 1113 614 1168 κόρας.

406 1177 472 1225 29,
507 1177 530 1213 2
564 1173 763 1226 καύμασιν
795 1189 901 1214 nunc
934 1177 1055 1215 etiam
1088 1177 1263 1227 Madvig.
1296 1177 1465 1216 Advers.
1498 1176 1584 1215 crit.
1614 1176 1676 1215 III
1709 1178 1777 1216 53.

404 1236 457 1273 39
486 1235 577 1273 fort.
607 1235 780 1273 Cratetis
812 1235 1040 1285 philosophi
1066 1239 1137 1275 est.
1183 1237 1230 1277 cf.
1257 1237 1411 1275 Nauck.
1441 1236 1508 1274 Tr.
1534 1249 1592 1287 gr.
1619 1237 1667 1274 fr.
1692 1250 1729 1286 p.
1757 1238 1852 1276 629.

290 1293 494 1344 Gomperz.
527 1294 617 1332 Act.
650 1295 758 1333 acad.
791 1295 959 1334 Vindob.
996 1297 1108 1334 1888
1142 1310 1178 1346 p.
1207 1298 1274 1335 48.
1303 1298 1340 1335 9.

405 1355 459 1392 48
493 1353 712 1410 Κρατίνῳ
742 1367 815 1405 pro
846 1354 1021 1408 Κράτητι
1052 1356 1187 1406 Etym.
1219 1355 1367 1394 Milleri
1399 1349 1624 1408 (Melanges
1659 1352 1774 1408 101).

894 1459 1240 1493 PHERECRATES

403 1508 467 1546 Fr.
506 1510 547 1559 1,
581 1510 607 1547 4
639 1513 782 1562 μικροῦ
816 1504 980 1564 (paene)
1018 1523 1091 1560 pro
1130 1515 1282 1562 μακρᾶς
1312 1510 1607 1550 Herwerdenus
1641 1510 1783 1549 Mnem.
1814 1522 1853 1549 n.

405 1627 452 1665 dc
485 1629 722 1677 argumento
755 1624 953 1681 Ἀγρίων
986 1628 1231 1668 Themistius
1265 1631 1331 1677 26,
1365 1631 1480 1669 3230
1513 1625 1652 1680 (quam
1683 1628 1852 1668 stultum

286 1688 348 1724 est
379 1684 553 1725 ἐπαινεῖν
585 1684 656 1738 μὲν
684 1685 752 1726 τὸν
784 1682 1028 1741 Προμηθέα)
1061 1718 1070 1727 .
1102 1718 1111 1727 .
1144 1720 1151 1727 .
1185 1687 1242 1727 ὅτι
1273 1687 1348 1728 οὐκ
1378 1687 1535 1739 ἐποίησε
1566 1687 1659 1735 τοὺς
1690 1686 1851 1741 ἀνθρώ-

284 1759 386 1792 πους
405 1745 590 1799 μονήρεις
614 1760 653 1785 τε
678 1745 744 1785 καὶ
763 1746 1034 1800 μονοτρόπους
1057 1746 1186 1802 ὥσπερ
1205 1747 1297 1795 τοὺς
1315 1747 1462 1795 λύκους
1486 1745 1512 1799 ἢ
1531 1746 1599 1795 τὰς
1622 1746 1851 1801 παρδάλεις·

285 1803 430 1852 αὐτοὺς
462 1803 504 1844 δὲ
537 1805 702 1858 ἰλιγγιᾶν
733 1805 831 1858 πρὸς
861 1805 903 1846 τὸ
935 1810 1092 1858 πλῆθος
1118 1807 1301 1861 καθάπερ
1332 1807 1423 1854 τοὺς
1446 1803 1639 1860 Ἀγρίους,
1671 1805 1742 1854 οὓς
1773 1805 1851 1846 ἐδί-

286 1864 376 1911 δαξε
417 1865 674 1918 Φερεκράτης.
737 1866 889 1906 seilicet
925 1880 997 1917 pro
1035 1866 1127 1914 τοὺς
1160 1863 1341 1921 Ἀγρίους
1379 1867 1508 1906 dicere
1546 1867 1716 1906 debebat
1759 1865 1852 1914 τοὺς

288 1924 609 1977 μισανθρώπους.
955 1924 960 1934 “

410 1988 472 2023 11,
506 1983 686 2024 ἀποικεῖν
725 1986 806 2035 hic,
845 1986 878 2025 si
909 1987 1025 2025 modo
1064 1988 1171 2025 recte
1202 1986 1262 2025 ita
1291 1986 1476 2037 Bothius,
1516 1998 1596 2025 non
1627 1998 1713 2037 ego,
1749 1985 1850 2024 nihil

286 2043 395 2081 aliud
417 2057 537 2094 quam
555 2057 841 2096 usquequaque
865 2045 1077 2096 significat.
1122 2048 1298 2084 ceterum
1317 2046 1450 2085 nescio
1477 2045 1541 2084 cui
1561 2045 1852 2084 Herwerdenus

289 2099 451 2154 (Mnem.
476 2117 511 2142 11.
540 2104 659 2142 XIIII
687 2099 792 2157 161)
826 2105 986 2144 scribat.
1035 2118 1128 2143 nam
1160 2102 1301 2152 ἐξιέναι
1337 2101 1518 2145 ‘solemni
1550 2100 1644 2143 usu'
1676 2104 1755 2143 dici
1786 2099 1851 2143 ‘de

287 2163 536 2211 expeditione
568 2160 778 2212 terrestri',
812 2162 965 2203 ἐκπλεῖν
998 2164 1045 2203 de
1088 2165 1336 2215 expeditione
1368 2164 1588 2213 maritima,
1618 2164 1660 2202 id
1691 2163 1852 2214 quidem

287 2222 393 2271 apud
423 2235 495 2261 nos
521 2223 672 2262 tirones
697 2224 781 2263 fere
807 2225 966 2263 norunt.
1023 2224 1055 2263 si
1080 2237 1173 2262 vero
1199 2221 1342 2277 ἐξιέναι
1365 2237 1443 2263 non
1468 2236 1584 2274 posse
1611 2223 1688 2262 dici
1717 2224 1852 2263 censet

287 2281 407 2320 etiam
429 2295 495 2321 eos
515 2283 583 2332 qui
603 2283 774 2322 navibus
805 2284 938 2333 aliquo
959 2283 1275 2333 proficiscuntur,
1308 2283 1425 2322 facile
1451 2283 1654 2321 refutatur
1673 2282 1851 2333 Thucyd.

290 2338 383 2389 1‚'3
418 2344 516 2381 extr.
551 2344 592 2391 1,
627 2344 728 2392 103,
765 2345 801 2382 1.
835 2346 871 2389 7,
906 2344 949 2393 3,
984 2345 1020 2381 1.
1054 2344 1097 2389 8,
1132 2344 1204 2393 61,
1239 2345 1275 2381 2.
1339 2355 1466 2392 neque
1503 2355 1596 2381 vero
1636 2341 1847 2392 quisquam

286 2400 529 2440 locutionem
559 2402 812 2441 Homericam
845 2397 957 2455 (Ἄρη
991 2397 1193 2455 ξυνάγειν)
1224 2402 1266 2440 in
1298 2401 1524 2451 anapaestis
1556 2401 1780 2439 mirabitur.

405 2461 465 2499 De
497 2463 675 2511 tempore
707 2460 997 2513 Αὐτομόλων
1029 2461 1075 2500 cf.
1104 2462 1293 2500 Brandes.
1327 2460 1490 2500 observ.
1521 2460 1608 2499 crit.
1642 2461 1708 2499 13.
1742 2461 1808 2499 15.

406 2522 473 2559 34.
507 2521 697 2571 exemplis
729 2521 818 2559 add.
848 2521 1004 2560 Alexid.
1038 2522 1134 2569 245,
1170 2524 1204 2559 1.
1256 2520 1443 2559 Canthar.
1465 2522 1503 2560 5.
1537 2520 1700 2558 Philem.
1724 2521 1790 2570 66,
1811 2521 1850 2559 3.

405 2581 738 2620 Dulodz'dascalon
775 2579 834 2619 Ol.
870 2583 941 2628 90,
978 2582 998 2618 1
1035 2580 1098 2619 vel
1131 2582 1178 2618 2·
1201 2583 1331 2618 actam
1376 2592 1460 2618 esse
1493 2581 1628 2618 censet
1659 2579 1849 2618 BrandeS.

288 2637 382 2677 Obs.
414 2639 500 2679 crit.
534 2642 601 2680 22.

407 2698 614 2738 Corianno.
635 2727 639 2730 »
658 2699 714 2738 eis
753 2699 903 2737 fabulis
944 2712 1043 2750 quas
1082 2712 1105 2738 a
1142 2698 1420 2737 meretricibus
1461 2711 1607 2737 nomen
1650 2697 1848 2746 accepisse

287 2761 423 2796 narrat
457 2759 689 2797 Athenaeus
732 2758 824 2797 addi
867 2761 1036 2808 possunt
1072 2758 1240 2797 multae:
1296 2758 1344 2796 cf.
1376 2757 1425 2796 A.
1455 2757 1608 2796 Nauck.
1640 2756 1846 2806 Aristoph.

287 2817 382 2866 Byz.
415 2820 512 2857 277.
540 2820 577 2857 8.
608 2832 648 2856 n.
682 2820 747 2856 11.

409 2878 476 2927 68,
511 2880 531 2916 1
566 2874 757 2931 προελέτω
783 2875 1043 2930 πεφωγμένας
1069 2876 1257 2916 scribitur
1276 2877 1516 2915 Bachmann.
1543 2874 1701 2924 Anecd„
1731 2887 1847 2927 προε-

289 2933 380 2974 λέτω
400 2934 663 2989 πεφωγμένον
677 2937 820 2976 Miller.
833 2937 1036 2989 Melanges
1052 2934 1153 2976 305.⁴
1181 2936 1229 2975 cf.
1244 2935 1289 2975 O.
1301 2935 1484 2974 Kaehler.
1497 2934 1633 2974 Herm.
1644 2933 1737 2972 XXI
1752 2935 1848 2974 632.
