2014 3334
510 256 922 291 ΔΜΦῙΣΒΗΤΗΣΙΜΑ
947 256 1030 291 ιω
1054 256 1378 291 nui-:rrum
1642 253 1728 298 637

884 365 999 409 1355

438 424 822 491 ylmvvgyoiowpsg

272 484 382 539 παρὰ
406 489 486 535 τοῖς
508 490 698 539 κωμικοῖς
723 486 766 527 οἱ
786 485 864 543 ᾀπὸ
889 492 959 540 τῆς
982 486 1152 542 γλώττης
1175 487 1367 539 βιοῦντες.
1403 487 1547 527 Pollux
1568 489 1606 538 2,
1631 488 1726 528 108.

73 553 75 555 ’
153 547 384 598 excerptum
416 545 578 586 videtur
609 560 655 586 ex
676 547 799 587 Arist.
820 547 895 587 Av.
919 547 1046 588 1696.
1069 548 1192 587 1702.
1249 548 1299 587 cf.
1319 560 1422 598 quae
1445 547 1727 587 adnotavimus

67 616 81 663 ῑμ
134 605 204 647 ad
233 604 498 668 Ricophontis
530 605 844 660 Χειρογάστορας
875 606 895 646 Ι
929 608 1026 647 778.

881 723 996 766 1356

437 784 669 839 διαφορεῐν

271 867 508 910 Rustathius
533 870 632 919 804,
652 871 705 908 47
741 867 783 908 τὸ
810 868 845 908 δ.
879 867 921 908 τό
946 882 986 909 τε
1016 867 1123 920 παρὰ
1154 871 1236 916 τοῖς
1267 868 1413 921 ἰατροῖς
1437 867 1505 908 καὶ
1536 868 1578 909 τὸ
1603 884 1723 921 κωμι-

55 908 59 917 “
149 923 234 967 κόν.
283 929 334 967 cf.
352 927 478 968 Arist.
498 931 573 968 Av.
594 930 678 968 355
711 924 764 967 ἵν’
793 926 872 968 ὑπὸ
891 927 1043 969 τούτων
1065 928 1315 980 διαφορηθῶ.
1359 941 1522 979 prorsus
1547 929 1723 969 incertae

149 986 242 1026 fidei
278 990 374 1027 sunt
409 1000 512 1038 quae
556 988 689 1027 adfert
718 988 942 1027 Meinekius
980 1001 1027 1027 ex
1058 985 1186 1028 Arion.
1250 988 1307 1027 De
1345 1001 1443 1028 com.
1475 987 1534 1027 VI
1570 983 1626 1042 (p.
1653 1002 1724 1028 xv1

152 1046 192 1086 8.
217 1047 245 1086 4
270 1042 460 1100 Duebn.)‚
492 1060 594 1099 quae
625 1047 685 1086 ita
715 1061 761 1086 ex
793 1048 879 1087 cod.
898 1047 959 1087 ed.
985 1047 1248 1087 Studemund.
1275 1047 1420 1087 Philol.
1444 1047 1575 1087 XLVI
1601 1050 1639 1098 9,
1666 1049 1718 1087 21

147 1098 189 1158 (ὃ
219 1101 341 1158 γέλως
376 1103 453 1158 ἔχει
489 1105 562 1157 τὴν
599 1103 806 1160 σύστασιν)
844 1112 1002 1157 πρῶτον
1038 1102 1135 1146 καθ’
1175 1104 1429 1159 ὁμωνυμίαν,
1460 1104 1514 1154 ὡς
1544 1105 1586 1146 τὸ
1619 1106 1722 1146 δια-

146 1162 497 1218 φορουμένοις·
529 1166 711 1217 σημαίνει
740 1164 814 1219 γὰρ
839 1165 881 1206 τό
906 1180 946 1206 τε
972 1165 1182 1218 διαφόροις
1211 1160 1301 1206 οὖσι
1331 1164 1396 1205 καὶ
1425 1165 1468 1206 τὸ
1494 1164 1722 1218 ε’πικερδέσι.

147 1223 470 1276 διαφορούμενον
489 1225 649 1272 QMPV.
676 1226 854 1266 Studem.
886 1224 1095 1276 ἐφιδροῢσι
1120 1227 1185 1265 vel
1208 1223 1429 1278 ἕπικρεμέσι
1449 1221 1507 1279 (22)
1539 1239 1612 1276 pro
1637 1224 1721 1266 ἐπι-

47 1275 50 1278 ’
76 1312 79 1313 ⁷
145 1281 311 1336 κερδέσι.
343 1284 642 1335 Eustath.838‚
658 1279 777 1325 54ὀί
791 1284 952 1340 ῥήτορες
978 1285 1331 1339 διαφοροῦντες
1349 1284 1396 1325 τὰ
1416 1284 1598 1337 δημόσια,
1615 1285 1720 1337 quod

146 1342 316 1383 fortasse
341 1355 387 1383 ex
412 1344 561 1384 comico
582 1347 813 1396 excerptum
839 1348 912 1386 est.
956 1345 1006 1384 ad
1025 1346 1101 1385 boc
1120 1357 1172 1384 an
1191 1345 1242 1384 ad
1261 1345 1335 1384 Av.
1357 1347 1441 1385 355
1464 1358 1514 1384 an
1539 1345 1590 1384 ad
1610 1345 1721 1385 aliud

146 1402 288 1459 comici
311 1403 484 1444 alicuius
508 1404 661 1444 dictum
690 1405 893 1445 Eustathii
925 1405 1133 1445 adnotatio
1164 1404 1366 1455 pertineat
1396 1416 1561 1455 prorsus
1592 1404 1719 1444 incer-

146 1463 234 1502 tum
263 1464 337 1503 eet.
904 1496 912 1504 .

291 1541 293 1543 ’
360 1536 366 1540 “
439 1568 442 1570 .
880 1532 990 1583 1357

430 1592 678 1647 δολίφονον

261 1664 488 1718 Hesychius
513 1664 723 1706 πέπαικται
749 1664 791 1705 δὲ
817 1671 887 1706 τοῦ
913 1666 1168 1717 ὁολοφονίου.
1220 1667 1407 1706 Musurus
1433 1665 1542 1718 παρὰ
1565 1680 1638 1718 pro
1665 1666 1720 1707 δέ.

143 1723 194 1764 cf.
223 1723 344 1764 Mein.
375 1725 394 1763 I
427 1727 495 1765 89.
546 1721 722 1765 ‘videtur
759 1726 933 1765 comicus
970 1730 1089 1777 poeta
1126 1726 1439 1778 Agamemnonis
1470 1726 1719 1779 Aeschyleae

143 1795 305 1824 versum
339 1786 452 1824 1129
495 1783 724 1835 δολοφόνου
762 1783 924 1837 λέβητος
960 1784 1081 1837 τύχαν
1117 1798 1181 1825 σοι
1211 1783 1309 1838 λέγω
1341 1786 1383 1825 in
1413 1798 1455 1824 re
1487 1786 1718 1837 coquinaria

143 1839 400 1883 adhibuisse?
438 1844 489 1883 M.
523 1843 716 1884 Schmidt.
753 1845 867 1885 cuius
905 1845 1104 1896 opinionis
1133 1845 1355 1895 periculum
1388 1845 1474 1895 ipse
1506 1846 1718 1885 sustineat.

143 1902 193 1942 cf.
226 1903 414 1958 Teleclid.
448 1905 516 1943 29.
565 1904 771 1955 Aristoph.
803 1905 851 1945 fr.
887 1906 984 1944 196.

872 2020 987 2064 1358

428 2078 678 2136 &aleonum
1531 2097 1553 2114 ⁸

262 2152 406 2192 Pollux
427 2156 465 2204 7,
487 2155 540 2209 67
574 2154 705 2206 σύρμα
735 2153 919 2207 τραγικόν
951 2152 1028 2193 ἐστι
1059 2152 1553 2206 φόρημα’ἕπισυρόμενον,
1584 2152 1715 2207 ἐπίρ-

142 2226 266 2266 ρημα
302 2209 346 2252 δὲ
381 2211 578 2265 κωμικόν,
626 2213 848 2264 ταινιῶδες,
897 2212 939 2253 τὸ
982 2211 1054 2265 μὲν
1090 2213 1236 2260 πλάτος
1271 2211 1368 2252 κατὰ
1406 2213 1635 2265 σπιθαμήν,
1671 2212 1715 2253 τὸ

144 2267 187 2310 δὲ
217 2275 344 2323 μῆκος
373 2268 457 2311 κατ’
493 2270 670 2326 ὀργυιάν.
726 2271 996 2325 ἕπίρραμμα
1028 2274 1091 2313 vel
1125 2272 1336 2324 ἐπίρριμμα
1362 2273 1478 2313 Mein.
1525 2286 1603 2312 non
1629 2277 1712 2312 tam

143 2342 191 2370 ex
222 2331 426 2371 comoedia.
465 2345 585 2384 quam
623 2346 670 2372 ex
707 2333 835 2372 indice
873 2333 1092 2384 adparatus
1130 2332 1297 2372 scaenici
1334 2333 1591 2383 desumptum
1629 2345 1714 2372 esse

100 2404 102 2406 ’
142 2394 308 2442 propter
327 2390 427 2432 Poll.
442 2394 481 2443 4,
500 2395 518 2431 1
530 2394 581 2432 19
603 2389 692 2446 (ubi
712 2391 934 2444 ἕπίρραμμα
952 2405 1025 2443 pro
1046 2390 1240 2444 ἐπίρρημα
1259 2391 1427 2443 Kuehn.‚
1447 2390 1646 2444 ἐσπέρημα
1663 2387 1714 2446 F)

142 2449 346 2490 existimat
375 2450 424 2490 Η.
457 2451 592 2491 Iacobi
623 2452 664 2491 in
695 2453 814 2492 Mein.
846 2452 907 2492 ed.
939 2452 1033 2492 min.
1064 2464 1177 2491 xxm.

846 2559 855 2567 ⁶
871 2567 985 2610 1359

426 2628 662 2682 κεραυνίας

259 2696 281 2738 ὅ
307 2700 636 2752 κεραυνούμενος.
667 2701 904 2752 Hesychius.
938 2701 994 2740 sic
1016 2701 1069 2740 M.
1090 2700 1280 2740 Schmidt.
1313 2701 1602 2755 κεραυνόμενος
1627 2702 1710 2742 cod.

141 2756 486 2810 κεκεραυνωμένος
517 2761 668 2799 Musur.
706 2761 1076 2812 frequentissimum
1107 2763 1311 2799 nominum
1344 2762 1384 2800 in
1417 2761 1479 2808 ιας
1511 2762 1615 2812 apud
1648 2774 1708 2802 co-

141 2818 264 2858 micos
291 2831 409 2858 usum
434 2831 522 2859 esee
546 2820 646 2859 conl.
673 2820 960 2872 φρονηματίας,
991 2816 1171 2870 ἡπατιας,
1197 2820 1422 2871 στημονίας,
1453 2821 1721 2877 βαδισματιίιςΡ

141 2877 310 2918 adnotat
348 2878 569 2918 Meinekius
630 2879 728 2919 mibi
760 2880 872 2932 origo
913 2880 1064 2919 comica
1100 2879 1223 2919 dubia
1252 2879 1412 2920 videtur
1443 2881 1506 2920 vel
1546 2884 1711 2931 propter

142 2934 261 2987 Soph.
290 2937 430 2988 Antig.
466 2940 591 2978 1139.
