2014 3334
254 221 310 263 86
640 226 642 229 ’
812 258 816 261 .
885 219 1182 255 MENANAPOT

256 332 299 372 Ο.
331 333 463 372 Hense
494 331 745 372 LecuStob.
779 333 846 371 36.
896 330 1035 381 ταῦτα]
1072 330 1200 370 πάντα
1230 331 1348 370 Mein.
1430 332 1468 370 8.
1500 326 1588 381 μήτ’
1629 330 1747 369 Mein.
1778 329 1819 368 in
1863 319 1871 326 ⁵

256 393 365 432 Stob.
431 394 495 431 10.
527 396 598 430 τοῦ
631 387 666 429 δ’
703 388 878 442 εὐτυχεῖν
910 387 947 429 δ’
985 391 1098 430 Voss.
1131 390 1221 431 Ars.
1252 386 1363 430 τοῦδ’
1398 388 1574 442 εὐτυχεῖν
1604 384 1668 428 Bl.
1705 388 1823 428 τοῦδε

256 450 431 503 εὐτυχεῖν
450 445 512 489 B2.
579 452 644 489 11.
669 449 836 502 πάρεσχε
863 447 1007 488 σαυτὸν
1026 450 1076 489 N.
1107 447 1272 501 παρέσχε
1291 446 1355 488 B¹.
1388 449 1560 501 παράσχε
1580 444 1644 488 B2.
1676 446 1821 487 σαυτὸν

257 511 379 549 etiam
410 510 525 549 Voss.
580 509 721 561 πάρεχε
758 508 906 547 rectius
944 521 1064 559 quam
1100 508 1295 560 παράσχες
1330 509 1396 548 vel
1434 508 1607 560 πάρασχε
1640 503 1822 560 (Porson.

253 571 348 608 Eur.
368 569 461 608 Hee.
483 566 601 622 836).
662 571 742 615 τοῖς
761 565 923 618 ὁρῶσιν]
943 570 1067 606 τοῖσιν
1087 566 1214 619 ἔργοις
1244 568 1446 607 Herwerd.
1474 567 1565 607 Obs.
1586 567 1672 606 crit.
1694 569 1760 606 87.
1783 568 1822 606 8.

254 632 334 675 τοῖς
364 627 564 680 τρόποισιν
594 628 711 666 Mein.
737 627 846 666 Stob.
866 626 950 666 IIII
975 640 1055 665 LXI.
1103 629 1183 673 τοῖς
1214 625 1479 678 ἀποροῦσιν
1511 627 1558 666 Κ.
1577 627 1678 665 Mus.
1697 626 1823 665 Rhen.

255 689 364 727 XXX
383 690 481 727 410.
526 688 574 728 ef.
599 688 766 727 monost.
795 688 878 726 348
912 683 1086 737 μέμνησο
1112 688 1294 725 πλουτῶν
1324 684 1416 732 τοὺς
1445 683 1615 737 πένητας
1647 682 1826 737 ὠφελεῖν.

381 750 416 786 1.
449 746 669 799 μειράκιον,
700 749 747 785 ut
780 747 882 794 540,
919 748 954 784 1.
1037 747 1074 784 6.
1106 743 1151 783 τὰ
1189 747 1302 783 Ταντ.
1332 744 1412 783 τάλ.
1469 746 1515 784 ef.
1550 745 1693 785 Zenob.
1728 747 1765 796 6,
1797 747 1824 784 4

256 806 423 846 τάλαντα
458 806 677 845 Ταντάλου·
719 804 945 857 διεβεβόητο
984 802 1004 843 ὁ
1040 804 1235 851 Τάνταλος
1273 802 1335 843 ἐπὶ
1367 803 1541 860 πλούτῳ,
1580 802 1632 851 ὡς
1669 802 1735 843 καὶ
1771 803 1826 851 εἷς

257 866 472 918 παροιμίαν
505 866 760 917 διαδοθῆναι.
823 865 967 916 διπλῆν
1001 861 1042 903 δὲ
1083 861 1330 915 συμβέβηκεν
1363 858 1464 902 εἶναι
1495 861 1566 914 τὴν
1597 862 1826 915 παροιμίαν,

258 924 322 964 καὶ
354 923 426 975 τὴν
464 923 555 976 μέν,
597 924 798 964 Ταντάλου
836 923 1004 963 τάλαντα
1040 923 1299 970 τανταλίζεται
1331 918 1483 976 (adesp.
1517 917 1637 976 602),
1667 920 1739 973 τὴν
1771 920 1826 972 δέ,

264 984 465 1024 Ταντάλου
497 984 676 1024 τάλαντα.
726 985 773 1023 cf.
805 984 1040 1035 Diogenian.
1063 985 1101 1034 8,
1134 985 1202 1022 23.
1250 983 1397 1022 Macar.
1422 983 1463 1033 8,
1499 984 1533 1022 1.
1587 982 1700 1022 Phot.
1728 983 1826 1034 570,

264 1047 330 1084 12.
364 1045 475 1085 Suid.
511 1043 713 1083 Ταντάλου
745 1058 775 1083 τ.
809 1044 991 1093 Apostol.
1029 1045 1094 1094 16,
1128 1044 1194 1082 16.
1238 1042 1381 1081 Anacr.
1418 1044 1499 1082 127
1533 1042 1680 1093 Bergk.

1000 1171 1087 1213 302

473 1250 560 1298 οἷοι
591 1257 813 1310 λαλοῦμεν
846 1255 969 1304 ὄντες
1002 1254 1049 1296 οἱ
1075 1253 1329 1310 τρισάθλιοι

473 1327 660 1376 ἅπαντες
691 1326 738 1368 οὗ
765 1331 994 1382 φυσῶντες
1025 1323 1096 1381 ἐφ’
1134 1323 1307 1376 ἑαυτοῖς
1337 1324 1464 1381 μέγα·

473 1396 599 1441 αὐτοὶ
630 1398 714 1454 γὰρ
748 1397 830 1440 οὐκ
862 1401 1010 1440 ἴσασιν
1042 1396 1297 1454 ἀνθρώπων
1328 1396 1479 1452 φύσιν.

475 1467 605 1520 οὗτος
636 1469 848 1526 μακάριος
880 1468 928 1512 ἐν
959 1468 1100 1526 ἀγορᾷ
1131 1469 1371 1524 νομίζεται·

435 1553 455 1584 5
477 1541 586 1584 ἐπὰν
620 1539 660 1584 δ’
698 1540 850 1597 ἀνοίξῃ
881 1541 959 1592 τὰς
989 1541 1149 1598 θύρας,
1180 1540 1454 1598 τρισάθλιος,

475 1614 588 1668 γυνὴ
621 1619 774 1669 κρατεῖ
799 1611 992 1667 πάντων,
1025 1611 1254 1667 ἐπιτάττει,
1287 1610 1433 1668 μάχετ’
1471 1611 1553 1666 ἀεί,

479 1685 562 1728 ἀπὸ
594 1686 815 1728 πλειόνων
846 1681 1045 1739 ὀδυνᾶτ’,
1077 1683 1162 1739 ἐγὼ
1196 1682 1236 1726 δ’
1273 1681 1346 1726 ἀπ’
1383 1683 1578 1734 οὐδενός.

385 1787 420 1812 v.
444 1774 555 1812 1--5
579 1771 700 1811 Orion
720 1771 1031 1823 Antholognom.
1055 1773 1092 1822 8,
1116 1773 1138 1810 9
1172 1769 1215 1810 ἐκ
1245 1775 1323 1810 τῶν
1347 1770 1627 1823 Κυβερνητῶν.
1661 1784 1697 1811 v.
1720 1773 1833 1812 1-—3

269 1834 463 1872 Stobaeus
495 1833 600 1872 Flor.
636 1833 715 1882 22,
747 1834 798 1871 11
845 1830 1139 1883 Μενάνδρου
1188 1828 1460 1882 Κυβερνήταις
1497 1830 1534 1868 Α
1572 1826 1736 1883 (κυβερν
1775 1845 1838 1871 su-

265 1905 415 1943 prascr.
446 1887 496 1944 τ).
547 1905 594 1930 ex
625 1891 735 1930 stob.
762 1891 908 1930 Anton.
939 1891 1030 1930 Mel.
1059 1892 1128 1941 36,
1161 1892 1229 1930 52.
1274 1889 1434 1928 Maxim.
1467 1889 1577 1930 Oonf.
1611 1890 1733 1930 Serm.
1768 1892 1835 1941 34,

269 1953 320 1992 75
355 1966 392 2002 p.
427 1953 511 1991 624
544 1950 751 1990 Oombefis.
813 1965 850 1990 v.
882 1952 1007 1989 4—-7
1042 1952 1163 2002 atque
1196 1951 1321 1989 4--6
1362 1963 1437 1988 om.
1476 1952 1618 1999 poetae
1656 1951 1836 1990 fabulae-
1883 1974 1886 1975 ν

266 2025 340 2062 que
378 2025 481 2050 nom.
514 2011 619 2050 Plut.
654 2010 751 2049 Mor.
785 2011 866 2049 471
886 2023 906 2049 c
938 2012 979 2048 et
1011 2011 1139 2049 100e.
1202 2023 1237 2049 v.
1266 2011 1303 2048 4.
1337 2009 1361 2048 5
1395 2009 1588 2049 Themist.
1610 2011 1678 2060 32,
1711 2011 1837 2050 357d

268 2070 456 2124 προσήκει
487 2069 594 2126 αὐτῷ
625 2066 706 2109 τόδ’
742 2068 835 2116 ἔπος
865 2068 908 2109 ἐκ
938 2074 1006 2121 τῆς
1037 2068 1247 2123 κωμῳδίας
1277 2071 1355 2108 κτλ.

391 2129 425 2168 1.
457 2128 514 2180 οἷ]
542 2124 573 2168 ὦ
600 2129 708 2168 stob.
735 2131 775 2168 eb
801 2129 870 2180 qui
901 2130 951 2168 ab
986 2142 1031 2168 eo
1058 2129 1244 2179 pendent.
1308 2130 1344 2168 2.
1371 2126 1536 2175 ἑαυτοὺς
1567 2128 1714 2181 μεγάλα
1733 2129 1836 2168 Max.

270 2193 306 2229 3.
332 2188 445 2228 αὐτοὶ
471 2187 598 2238 Stob]
633 2183 741 2228 οὗτοι
761 2187 895 2227 Orion.
914 2188 1054 2227 deinde
1074 2186 1295 2238 ἀνθρώπου
1316 2188 1418 2227 Max.
1480 2189 1520 2227 4.
1551 2186 1677 2243 ἀγορᾷ
1697 2188 1832 2238 Mein]

268 2248 429 2302 ἀγοραῖς
466 2248 530 2287 Or.
617 2250 654 2286 5.
694 2246 810 2297 ε’πὰν]
862 2246 954 2286 ὅταν
991 2248 1096 2286 Plut.
1130 2249 1237 2297 471,
1273 2245 1347 2298 τὴν
1389 2246 1524 2300 θύραν
1569 2248 1685 2286 idem.
1748 2246 1837 2300 οὐχὶ

268 2307 340 2359 τὴν
371 2307 519 2359 θύραν,
551 2305 647 2346 ἀλλὰ
678 2305 750 2357 τὴν
780 2306 930 2359 ψυχήν,
964 2306 1139 2358 τρισάθλ.
1171 2307 1365 2346 Themist.

391 2371 425 2406 1.
457 2369 643 2406 λαλοῦσιν
676 2367 792 2406 Mein.
825 2367 883 2405 ed.
922 2367 1013 2406 mai.
1045 2365 1142 2406 εἰσὶν
1172 2365 1414 2418 ταλαιπωροί
1446 2379 1485 2405 τε
1515 2363 1582 2405 καὶ
1612 2365 1834 2418 τρισάθλιοι

270 2428 515 2466 Heimsoeth.
545 2426 630 2465 Ind.
662 2426 787 2465 Bonn.
824 2428 934 2466 1867
975 2429 1072 2467 aest.
1103 2440 1170 2467 xv.
1207 2421 1285 2466 οἶοι
1321 2425 1432 2465 λάλοι
1467 2424 1669 2478 γενονότες
1718 2421 1836 2480 (haec

271 2487 392 2527 verba
428 2499 519 2525 cum
549 2486 820 2536 superioribus
857 2486 1079 2525 cohaesisse
1111 2481 1312 2539 censens)·
1375 2480 1406 2524 ὦ
1440 2484 1661 2538 τρισάθλιοι
1691 2486 1836 2538 Enger.

270 2547 410 2597 Progr.
430 2559 563 2597 gymn.
583 2546 699 2584 Posn.
720 2546 816 2585 Mar.
842 2547 966 2595 1868,
990 2547 1055 2585 14.
1088 2541 1167 2585 οἷοί
1194 2541 1235 2596 μ’
1264 2541 1328 2598 ἄρ’
1364 2543 1513 2584 ἔλαθον
1545 2542 1667 2596 ὄντες,
1698 2542 1751 2593 ὡς
1781 2559 1837 2598 τρ.

272 2606 474 2645 Herwerd.
508 2606 651 2643 Mnem.
683 2618 770 2644 nov.
803 2605 860 2643 VI
896 2607 961 2644 75.
993 2599 1070 2644 οἶοι
1102 2604 1354 2657 διάγουσιν
1386 2601 1494 2651 ὄντες
1523 2604 1571 2644 Κ.

1016 2744 1101 2786 303

488 2828 533 2868 τί
560 2825 701 2880 λέγων
733 2826 1006 2883 ἀποτρώγειν
1037 2825 1212 2878 ἀξιώσει
1242 2831 1328 2869 νῦν
1359 2825 1467 2881 ἐμοῦ

488 2898 536 2942 τὸ
569 2898 829 2955 μισθάριον;
863 2897 980 2955 με’νω
1011 2898 1095 2955 γὰρ
1128 2896 1171 2949 ἐξ
1204 2896 1440 2954 ἐχθιζινοῦ.
