2014 3334
739 262 909 296 AAHAA
934 261 1196 296 οΠοΤΕΡΑΣ
1670 256 1755 299 531

922 394 1009 439 689

461 483 548 522 νῦν
579 478 780 536 ὀσπρίων
811 479 988 535 ἄμητος.

293 565 533 617 Diogenian.
555 567 597 618 6,
619 567 675 606 87
710 568 752 605 et
782 566 967 617 Apostol.
990 566 1057 616 12,
1081 566 1132 604 17
1167 562 1230 603 ἐπὶ
1260 569 1340 603 τῶν
1371 560 1469 604 καθ’
1504 563 1613 617 ὥραν
1642 577 1762 615 πρατ-

173 624 323 667 τόντων
353 625 495 666 πάντα.
530 626 640 665 Suid.
674 623 836 679 (ἕκαστα
865 625 1048 678 πράττειν
1079 619 1355 678 ὀφειλόντων).
1385 624 1623 675 Diogenian.
1642 621 1763 664 Vind.

175 687 216 738 3,
247 687 317 727 38.

923 766 1011 810 690

724 888 728 892 .
753 852 1001 908 πρᾳότερος
1030 856 1291 907 περιστερᾶς

302 937 540 990 Diogenian.
556 941 594 989 7,
611 940 665 978 64
692 935 757 977 ἐπὶ
775 943 853 977 τῶν
871 936 1066 978 ἐπιεικῶν.
1096 938 1245 976 Macar.
1263 939 1300 988 7,
1314 939 1384 978 37.
1415 937 1599 988 Apostol.
1617 938 1683 989 14,
1695 938 1763 976 97.

920 1054 1005 1097 691

750 1138 862 1195 πρὸς
893 1133 965 1180 δύ’
1002 1133 1098 1181 οὐδ’
1134 1136 1190 1180 ἂν
1214 1135 1448 1195 ‘Ilvam-⁹79·

298 1225 533 1275 Diogenian.
554 1226 672 1265 Vind.
707 1227 746 1276 3,
778 1227 835 1264 44
868 1222 989 1265 οὐδὲν
1022 1222 1066 1279 (i.
1087 1239 1117 1264 e.
1151 1221 1240 1265 οὐδ’
1275 1221 1345 1278 ἂν)
1370 1220 1456 1277 Ἡρ.
1481 1238 1546 1276 πρ.
1579 1224 1653 1264 δύο
1678 1253 1689 1263 .
1714 1254 1725 1264 .
1750 1253 1761 1263 .

177 1283 278 1335 φασὶ
309 1284 378 1324 τὸν
402 1282 598 1338 Ἡρακλέα
629 1316 640 1325 .
660 1315 670 1325 .
690 1315 700 1324 .
731 1284 994 1325 πιστεύσαντα
1029 1290 1070 1340 τῇ
1102 1283 1246 1325 ἑαυτοῦ
1273 1284 1441 1336 δυνάμει
1466 1317 1474 1324 .
1496 1314 1505 1324 .
1526 1314 1535 1323 .
1560 1283 1660 1338 πρὸς
1686 1283 1761 1323 δύο

175 1344 451 1385 πυκτεύσαντα
472 1343 710 1398 ἡττηθῆναι.
736 1347 785 1385 cf.
800 1346 1079 1396 Zenob.5,49.
1106 1345 1342 1396 Diogenian.
1356 1347 1393 1394 7,
1408 1347 1445 1385 2.
1470 1345 1618 1384 Macar.
1640 1347 1677 1395 7,
1692 1346 1761 1383 42.

463 1551 638 1589 καπνοῦ
670 1546 800 1589 σκιὰν
833 1545 1047 1589 δέδοικεν.

295 1633 500 1673 Macarius
528 1635 566 1684 5,
592 1636 619 1673 4
652 1632 715 1673 ἐπὶ
747 1639 825 1673 τῶν
856 1631 903 1672 τὰ
934 1631 1106 1684 μηδενὸς
1137 1630 1229 1681 ἄξια
1255 1631 1536 1685 φοβουμένων.
1583 1631 1761 1673 δέδοικεν

175 1690 243 1743 Κ.]
278 1691 511 1733 δεδοικέναι.
562 1694 611 1733 cf.
643 1694 851 1744 Aristoph.
882 1694 932 1733 fr.
967 1695 1034 1733 77.

924 1810 1011 1852 693
1167 1808 1194 1819 ²

461 1894 588 1948 λόγοι
619 1894 782 1948 λόγους
811 1895 1049 1936 τίκτουσιν.

295 1979 496 2018 Macarius
530 1981 568 2027 5,
604 1982 657 2019 67
697 1978 760 2019 ἐπὶ
790 1985 869 2019 τῶν
901 1977 944 2019 ἐκ
973 1979 1212 2033 πολυλογίας
1243 1979 1299 2027 εἰς
1330 1978 1414 2032 ἔριν
1443 1978 1761 2031 καθισταμένων.

173 2039 354 2079 Boisson.
385 2039 535 2079 Anecd.
566 2040 587 2079 Ι
619 2041 673 2080 55
706 2039 816 2093 λόγοι
846 2038 989 2093 λόγους
1019 2037 1209 2091 ἤλαυνον.
1254 2040 1303 2079 cf.
1336 2040 1472 2091 adesp.
1508 2042 1607 2080 542.

929 2156 1017 2199 694

823 2237 958 2283 οὐδὲν
991 2239 1034 2291 ἐξ
1068 2239 1208 2297 ἀγροῦ
1241 2239 1392 2296 λέγεις.

295 2326 532 2377 Apostolius
566 2328 633 2379 13,
666 2328 723 2366 43
766 2324 895 2381 ’ἤγουν
927 2324 1047 2367 οὐδὲν
1078 2324 1276 2380 ἄγροικον.
1328 2329 1377 2367 cf.
1404 2329 1528 2368 Arist.
1554 2329 1627 2380 Eq.
1659 2330 1758 2369 464.

927 2445 1015 2487 695

463 2524 658 2581 τέττιγος
689 2526 999 2584 εὐφωνότερος

298 2612 532 2662 Apostolius
559 2615 627 2662 16,
654 2615 723 2653 37.
765 2615 815 2653 cf.
847 2614 949 2654 Plat.
982 2614 1151 2653 Phaedr.
1184 2615 1310 2654 2590.
1361 2614 1561 2653 Theocrit.
1595 2617 1635 2664 1,
1666 2617 1760 2655 148.

926 2730 1014 2773 696

894 2814 1070 2869 βοίδιον
1100 2814 1384 2856 Μολοττικόν

299 2898 481 2950 Append.
501 2912 611 2949 prov.
634 2901 670 2948 1,
698 2901 752 2939 57
786 2898 849 2939 ἐπὶ
880 2905 958 2939 τῶν
989 2900 1218 2951 καλλίστων,
1256 2898 1391 2951 ἐπειδὴ
1425 2898 1687 2953 διαφέρουσιν
1720 2902 1763 2942 οῖ

181 2957 225 2998 ἔν
256 2955 422 3014 Ἠπείρῳ
453 2957 555 3010 βόες.

1401 3026 1473 3062 34*
