2014 3334
299 251 384 294 654
608 244 611 249 ’
947 249 1208 282 ΑΔΕΣΠΟΤΑ

295 379 372 415 μοι
403 359 411 415 Ι
446 360 611 413 ὀρέξας
642 360 722 399 τὸν
754 359 927 413 βρόχον
954 355 1003 409 (τ.
1037 360 1094 411 βρ.
1129 353 1220 431 ὅρη),
1251 359 1430 406 πίθους
1461 357 1600 406 ὅλους
1624 355 1729 410 παρ’
1765 358 1867 411 ἐμοὶ

297 421 335 475 (ὁ
367 419 458 473 παρ’
495 420 551 472 ἐμ.
577 435 615 459 π.
645 416 718 471 όλ.)
748 422 752 464 Ι
779 419 966 465 πολλάκις
997 417 1209 491 ἐμημεκώς,

417 483 470 520 46
503 481 834 516 ΓΝΑΘΩΝΙΔΗΣ.
874 477 960 517 οὐκ
992 476 1077 535 ἐγὼ
1106 474 1276 530 ’λεγον,
1305 475 1309 527 Ι
1329 475 1396 581 Ιὼς
1427 476 1513 516 οὐκ
1543 473 1723 530 (οὔποτ’)
1756 476 1867 529 ἀμε-

295 540 497 612 λήσουσι
533 539 746 589 Τίμωνος
773 537 931 611 ἀγαθοῦ
952 528 1097 590 ἀνδρὸς
1116 537 1158 576 οἵ
1173 537 1299 583 θεοί;
1329 531 1432 590 Ι(ὧ)
1462 540 1613 588 χαῖρε,
1649 537 1864 589 Τίμων...

295 603 391 637 ΤΙΜ.
425 597 474 649 νὴ
507 597 584 637 καὶ
617 597 670 636 σύ
702 594 755 649 γ’,
788 599 818 636 ὠ
851 596 1163 647 Γναθωνίδη,
1192 593 1197 648 Ι
1225 602 1390 648 γυπῶν
1421 594 1641 635 ἁπάντων
1673 595 1867 648 βορώτατε

296 658 361 698 καὶ
393 657 621 710 ἀνθρωπων
653 656 948 707 ἐπιτριπτότατε.
1010 657 1152 691 ΓΝΑΘ.
1191 654 1264 694 ἀεὶ
1295 655 1644 707 φιλοσκώμμων
1675 655 1730 695 σύ
1766 670 1827 709 γε.
1869 674 1872 677 ’

297 717 393 757 ἀλλὰ
424 733 514 757 που
546 716 594 756 τὸ
627 715 895 767 συμπόσιον
929 713 990 763 (τὸ
1017 726 1050 755 σ
1071 713 1114 755 δὲ
1144 720 1223 754 ποῦ
1246 711 1384 768 ’στιν;)
1417 713 1476 763 ὡς
1505 714 1674 755 καινόν
1705 716 1749 754 τί
1770 726 1844 755 σοι
1893 718 1895 720 ’

295 771 420 833 ᾀσμα
450 783 540 816 τῶν
572 775 897 815 νεοδιδάκτων
931 774 1248 826 διθυράμβων
1281 770 1329 828 (τ.
1354 791 1390 814 ν.
1417 775 1451 814 δ.
1477 767 1568 830 ασμ’
1605 769 1698 828 ἐγὼ)
1733 769 1738 828 Ι
1771 768 1893 826 {furas

296 837 516 909 κομίζων.
571 830 667 872 ΤΙΜ.
694 837 759 874 καὶ
796 833 876 886 μὴν
908 833 1087 887 ἐλεγεῖά
1132 849 1173 886 γε
1212 831 1299 890 ἄσῃ
1337 834 1441 885 μάλα
1480 838 1759 887 περιπαθῶς
1789 832 1868 873 υπὸ

295 897 414 951 ταύτῃ
452 902 503 950 τῇ
545 893 734 949 δικέλλῃ
768 890 884 948 (ἀλλὰ
916 893 995 945 μὴν
1027 892 1174 946 ε’λεγεῖά
1204 908 1247 946 γε
1275 895 1280 942 Ι
1308 891 1393 933 ασει
1424 907 1552 945 περιπ.
1602 899 1647 949 τῇ
1675 894 1748 933 δικ.
1779 889 1865 948 τῇδ’

298 935 639 1011 ἐμῇΙπληγείς)..
657 984 665 993 .
703 956 847 990 ΓΝΑΘ.
880 952 927 992 τὸ
952 950 1114 1005 τραυμ’
1145 953 1274 992 ιάσαι
1298 952 1437 1005 μικρὸν
1456 952 1680 1000 ἐπιπάσας
1701 947 1867 1007 (περιπ.)

295 1022 377 1055 τοῦ
397 1015 613 1068 χρυσίου·
643 1016 648 1062 Ι
678 1014 844 1061 δεινῶς
874 1011 960 1066 γὰρ
993 1012 1214 1065 ἴσχαιμόν
1234 1012 1312 1052 ἐστι
1331 1012 1372 1052 τὸ
1394 1011 1584 1066 (πέφυκε)
1606 1012 1870 1064 φάρμακον.

866 1153 992 1195 1440.
1030 1153 1154 1195 1441.
1189 1153 1304 1195 1442

414 1241 616 1280 Lucianus
649 1240 749 1278 Tim.
784 1241 838 1277 47
872 1241 1038 1276 ἸΙΜΩΝ
1081 1238 1149 1285 τίς
1180 1235 1319 1285 άλλος
1351 1234 1458 1291 (add.
1492 1235 1699 1292 Fritzsch.)
1732 1233 1871 1286 οὗτός

297 1300 398 1357 ἐστιν
438 1298 458 1339 ὅ
489 1298 667 1351 προσιών
707 1293 866 1353 (εἶσιν),
906 1296 1287 1349 ἁναφαλαντίας;
1328 1293 1333 1351 Ι
1377 1297 1610 1349 Φιλιάδης
1653 1297 1871 1338 κολάκων

296 1359 519 1399 ἁπάντων
546 1357 566 1398 6
586 1357 922 1431 βδελυρώτατος
943 1353 996 1411 (κ.
1017 1372 1082 1396 απ.
1101 1359 1149 1396 Φ.
1163 1354 1258 1410 βδ.).
1287 1358 1292 1406 Ι
1321 1352 1461 1404 οὗτος
1486 1355 1534 1396 δὲ
1561 1355 1669 1410 (add.
1690 1354 1869 1411 ἔναγχος)
1927 1356 1931 1359 “

296 1418 442 1473 ἀγρὸν
480 1418 592 1460 ὅλον
629 1413 735 1469 παρ’
777 1416 892 1469 ἐμοῦ
930 1415 1089 1469 λαβὼν
1130 1413 1135 1470 Ι
1175 1415 1253 1456 καὶ
1284 1422 1335 1471 τῇ
1373 1415 1579 1470 θυγατρὶ
1610 1420 1754 1469 προῖκα
1785 1415 1871 1456 δύο

295 1479 502 1519 τάλαντα
533 1475 617 1531 (καὶ
643 1478 676 1518 δ.
703 1492 733 1517 τ.
752 1482 797 1532 τῇ
823 1481 864 1516 θ.
891 1471 1140 1532 γαμουμένῃ)
1170 1473 1262 1550 Ι...
1298 1475 1432 1527 ἐπειδὴ
1465 1482 1703 1516 νοσοῦντα
1733 1474 1873 1532 πρῴην

297 1535 376 1578 εἶδέ
408 1554 453 1591 με
478 1536 546 1578 καὶ
577 1536 651 1590 ἐγὼ
683 1539 916 1588 προσῆλθον
955 1535 1239 1590 ἐπικουρίας
1278 1535 1505 1587 δεόμενος
1543 1531 1662 1588 (ἰδὼν
1695 1547 1776 1575 νοσ.
1811 1536 1873 1575 δε-

298 1598 443 1650 όμενόν
473 1595 506 1637 τ’
543 1593 621 1651 ἐπ’.)
657 1596 662 1646 Ι
696 1595 876 1649 πληγὰς
907 1594 928 1635 6
959 1599 1140 1648 γενναῖος
1174 1592 1373 1648 (χρηστὸς)
1411 1594 1770 1649 προσενέτεινεν
1805 1593 1874 1649 (τῷ

298 1658 400 1715 φίλῳ

402 1653 471 1757 >48
501 1719 751 1752 ΦΙΑΙΑΔΗΣ
792 1713 821 1754 ὢ
853 1720 921 1767 τῆς
952 1713 1244 1767 ἀναισχυντίας·
1277 1720 1366 1753 νῦν
1402 1714 1590 1765 Τίμωνα
1621 1714 1874 1767 γνωρίζετε

298 1773 393 1831 (νῦν
425 1776 546 1816 πάλιν
576 1791 635 1829 γν.
666 1775 671 1824 Ι
704 1771 902 1828 Τίμωνα);
935 1779 1023 1815 νῦν
1056 1772 1163 1826 (add.
1195 1770 1333 1826 πάλιν)
1366 1774 1685 1824 Γναθωνίδης
1716 1773 1873 1823 φίλος;

296 1842 506 1889 τοιγαροῦν
547 1836 709 1875 δίκαια
753 1830 866 1887 (add.
903 1830 986 1884 τοι)
1026 1832 1272 1873 πέπονθεν
1310 1828 1425 1880 οὗτος
1465 1828 1576 1886 (ἅτ’)
1621 1831 1876 1906 ἀχάριστος

298 1895 371 1935 ὤν.
401 1897 405 1944 Ι
434 1893 546 1947 ημεῖς
578 1893 619 1934 δὲ
653 1894 695 1934 οἰ
721 1894 842 1933 πάλαι
875 1893 1062 1944 ξυνηθεις
1098 1891 1164 1932 καὶ
1196 1891 1414 1945 ’ξυνέφηβοι
1452 1891 1518 1931 καὶ
1550 1891 1715 1943 δημόται
1753 1891 1876 1943 όμως

298 1955 628 2008 μετριάζομεν,
672 1954 677 2003 Ι
723 1952 782 2001 ὡς
820 1952 879 2005 μὴ
915 1950 1151 2004 ’πιπηδᾶν
1189 1953 1378 2004 δοκῶμεν.
1449 1948 1555 2003 (add.
1588 1949 1702 2005 ἀλλὰ)
1740 1948 1876 2004 χαῖρ’,

298 2016 328 2053 ὠ
362 2013 586 2066 δέσποτα,
614 2010 619 2068 Ι
647 2012 726 2052 καὶ
757 2012 864 2068 ὅπως
894 2012 1005 2060 τοὺς
1036 2011 1239 2064 μιαρους
1263 2010 1427 2059 τούτους
1455 2010 1659 2059 κόλακας
1687 2011 1876 2067 φυλάξη

299 2073 391 2122 τους
416 2073 492 2113 ε’πὶ
522 2089 603 2126 της
635 2064 867 2125 τραπέζης
899 2072 1048 2124 μόνον
1074 2067 1237 2144 (φίλους
1256 2072 1343 2111 add.
1366 2072 1594 2110 Sommerb1
1595 2065 1637 2125 .)‚
1662 2068 1803 2110 τάλλα
1828 2068 1877 2109 δὲ

299 2134 481 2186 κοράκων
513 2131 633 2184 ουδὲν
643 2131 933 2206 διαφέροντας.
990 2129 1149 2171 ουκέτι
1190 2129 1439 2170 πιστευτέα
1470 2136 1560 2169 τῶν
1591 2135 1680 2169 νῦν
1712 2129 1881 2170 οὐδενί

300 2189 507 2246 (πιστευτέ’
559 2189 685 2233 ουκέτ’
728 2191 805 2231 ἐστὶ
836 2198 913 2231 τῶν
944 2207 979 2231 ν.
1013 2188 1135 2244 ουδ)·
1165 2189 1171 2261 Ι
1204 2190 1376 2237 πάντες
1407 2189 1654 2242 ἀχάριστοι
1684 2188 1762 2229 καὶ
1792 2203 1877 2229 πο-

300 2254 450 2303 νηροί.
507 2254 555 2291 cf.
581 2253 682 2292 Mus.
710 2253 833 2290 Rhen.
863 2254 930 2291 52.
953 2254 990 2291 3.
1339 2265 1344 2270 “

423 2316 475 2352 57
512 2314 826 2348 ΘΡΑΣΤΚΛΗΣ.
855 2306 884 2350 ὦ
913 2310 1206 2362 δημοκρατία
1232 2308 1310 2348 καὶ
1334 2309 1495 2360 νόμοι,
1520 2272 1763 2360 παιόμεθα
1787 2307 1877 2347 ὑπὸ

298 2377 378 2411 τοῦ
417 2368 686 2422 καταράτου
719 2370 767 2409 ἐν
800 2369 1029 2427 ἐλευθέρα
1066 2375 1116 2425 τῇ
1149 2368 1282 2409 ’πόλει
1314 2365 1498 2422 (νόμοι,’
1505 2384 1529 2408 ν
1555 2367 1605 2409 ἐλ.
1633 2366 1745 2416 Ιὺπὸ
1777 2382 1807 2407 τ.
1838 2383 1874 2408 κ.

298 2431 523 2482 παιόμεσθα
555 2446 599 2485 τη
632 2426 705 2484 m).

419 2492 589 2529 Bekker.
622 2490 770 2528 Anecd.
807 2492 872 2538 16,
906 2492 956 2528 31
994 2487 1305 2550 ἀναφαλαντίας·
1338 2486 1422 2539 οὐχ
1441 2485 1461 2526 6
1487 2486 1701 2538 φαλακρός,
1732 2483 1815 2526 ἀλλ’
1848 2484 1869 2525 6

302 2548 516 2601 αρχόμενος
542 2548 942 2600 ἀποφαλακροῦσθαι.
987 2549 1129 2588 Pollux
1157 2551 1194 2597 2,
1224 2550 1275 2587 26
1304 2548 1534 2597 φαλαντίας,
1560 2545 1871 2596 ἀναφαλαντίας,

299 2609 512 2662 φαλακρός,
543 2608 692 2661 γυμνὸς
723 2614 799 2647 τῶν
830 2614 980 2660 τριχῶν.
1177 2619 1183 2623 “

1029 2713 1143 2767 1443

422 2811 619 2851 Lucianus
651 2813 902 2851 Dia1.m01‡.
938 2814 975 2860 9,
1009 2812 1033 2849 2
1073 2804 1238 2848 ἅπαντ’
1279 2806 1466 2861 ἐπέρρει
1503 2822 1601 2860 μοι,
1639 2802 1670 2846 ὦ
1701 2809 1870 2860 γενναῖε,

303 2866 407 2921 παρ’
439 2868 591 2910 άλλων
622 2870 854 2924 τάγαθά.
848 2865 873 2902 Ι
871 2869 945 2910 καὶ
973 2861 1123 2908 ἕωθεν
1149 2866 1219 2920 μὲν
1246 2866 1394 2914 ευθυς
1420 2866 1493 2907 ἐπὶ
1520 2866 1674 2933 θύρας
1701 2865 1870 2919 ἐφοίτων

303 2930 422 2981 μάλα
459 2931 628 2969 πολλοί
663 2927 729 2984 (π,
748 2926 874 2984 μ,),Ι
879 2928 993 2981 μετὰ
1032 2926 1094 2967 δὲ
1111 2927 1313 2967 παντοῖά
1345 2942 1411 2978 μοι
1444 2928 1569 2979 δῶρα
1606 2924 1870 2978 προσήγετο
