2014 3334
243 239 328 282 318
630 256 633 261 ‹
902 239 1168 274 ΕΤΦΡοΝοΣ

456 347 656 403 πέμπτην
689 349 829 391 ἔθυον
860 346 1028 404 ἡμέραν
1060 345 1272 391 οιτινιόἶ

456 418 612 462 πολλοὶ
644 418 862 477 γέροντες,
894 423 1037 462 πλοῦν
1067 422 1211 463 πολὺν
1242 422 1543 475 πεπλευκότες,

393 503 436 534 ‘20
458 493 619 534 λεπτὸν
651 493 811 548 ἔριφον
841 490 910 534 καὶ
946 493 1116 548 μικρόν.
1165 492 1244 534 οὐκ
1276 489 1332 546 ἧν
1365 492 1531 548 ἐκφορὰ

457 564 591 621 Λύκῳ
624 570 766 619 κρεῶν
797 562 885 606 τότ’
926 560 1031 606 οὐδὲ
1063 569 1122 622 τῷ
1157 564 1420 622 διδασκάλῳ.

458 633 634 691 ἑτέρους
666 637 940 691 πορίσασθαι
974 630 1043 677 δύ’
1080 634 1264 691 ἐρίφους
1294 635 1560 690 ἠνάγκασας·

457 707 505 749 τὸ
537 707 622 763 γὰρ
654 703 771 763 ἧπαρ
804 707 952 749 αὐτῶν
983 706 1194 757 πολλάκις
1226 706 1557 763 σκοπουμένων,

456 776 611 828 καθεὶς
643 778 757 820 κάτω
790 779 871 833 τὴν
902 786 1027 835 χεῖρα
1058 779 1139 833 τὴν
1172 780 1278 834 μίαν
1309 779 1463 822 λαθὼν

394 860 437 892 25
460 851 642 907 ἔρριψας
674 851 736 900 εἰς
767 851 846 893 τὸν
878 851 1041 893 λάκκον
1074 851 1236 906 ἰταμῶς
1266 851 1344 894 τὸν
1375 854 1556 909 νεφρόν.

457 923 601 964 πολὺν
634 921 842 976 ἐποίησας
872 923 1087 979 θόρυβον.
1125 919 1228 964 “οὐκ
1259 923 1346 978 ἔχει
1377 922 1560 979 νεφρόν’

458 995 622 1048 ἔλεγον.
674 995 865 1036 ἔκυπτον
897 994 944 1036 οί
971 995 1187 1049 παρόντες
1218 982 1433 1051 ἀποβολῇ.ι

461 1067 635 1108 ἔθυσαν
667 1064 831 1121 ἕτερον.
893 1071 973 1108 τοῦ
1006 1063 1054 1108 δὲ
1087 1064 1299 1122 δευτέρου
1330 1066 1464 1108 πάλιν

457 1138 539 1193 τὴν
571 1138 759 1194 καρδίαν
791 1134 916 1180 εἶδόν
949 1148 997 1180 σε
1029 1136 1311 1180 καταπίνοντ’
1348 1137 1445 1192 ἐγώ.

391 1221 435 1252 30
456 1210 591 1252 πάλαι
624 1208 758 1265 μέγας
790 1206 843 1264 εἴ,
876 1211 1084 1264 γίνωσκε·
1116 1215 1197 1252 τοῦ
1228 1210 1313 1266 γὰρ
1346 1210 1404 1265 μὴ
1436 1217 1588 1266 χανεῖν

456 1282 594 1324 λύκον
626 1282 831 1336 διακενῆς
864 1283 919 1324 σὺ
952 1283 1089 1337 μόνος
1120 1281 1309 1337 εὕρηκας
1340 1280 1510 1338 τέχνην.

457 1354 622 1409 χορδῆς
655 1353 914 1408 ὀβελίσκους
946 1352 1110 1409 ἡμέρας
1125 1396 1128 1398 ,
1143 1351 1438 1408 ζητουμένους

460 1421 530 1483 δύ’
567 1421 695 1480 ἐχθὲς
729 1424 876 1479 ὠμοὺς
908 1425 970 1474 εἰς
1001 1425 1049 1466 τὸ
1082 1430 1170 1478 πῦρ
1203 1423 1464 1479 ἀποσβέσας,

458 1494 530 1538 καὶ
562 1497 675 1552 πρὸς
705 1498 754 1539 τὸ
788 1497 1000 1552 δίχορδον
1033 1495 1275 1552 ἐτερέτιζες,
1307 1493 1526 1556 ᾐσθόμην.

392 1580 436 1610 35
469 1567 610 1610 ἐκεῖνο
645 1569 806 1624 δρᾶμα,
839 1574 970 1610 τοῦτο
1005 1565 1044 1610 δ’
1083 1565 1174 1609 ἐστὶ
1206 1569 1427 1622 παίγνιον.

361 1679 595 1718 Athenaeus
622 1681 659 1730 9,
694 1679 841 1718 379od
874 1676 1074 1731 Εὔφρων.
1097 1710 1104 1717 .
1127 1677 1190 1717 ,ἐν
1221 1682 1302 1726 τοῖς
1328 1675 1535 1729 Ἀδελφοῖς
1566 1681 1620 1734 τῷ
1652 1679 1818 1732 δράματι

242 1737 410 1790 ποιήσας
441 1737 528 1778 τινὰ
566 1738 752 1791 μάγειρον
790 1741 1007 1790 πολυμαθῆ
1046 1736 1114 1777 καὶ
1145 1736 1406 1777 εὐπαίδευτον
1447 1739 1750 1789 μνημονεύοντά
1780 1754 1818 1778 τε

242 1804 321 1838 τῶν
351 1797 427 1850 πρὸ
459 1796 582 1837 αὑτοῦ
614 1803 795 1850 τεχνιτῶν
827 1796 892 1836 καὶ
923 1798 1011 1837 τίνα
1042 1795 1202 1844 ἕκαστος
1233 1793 1334 1849 εἶχεν
1367 1797 1473 1837 ἰδίαν
1505 1796 1648 1850 ἀρετὴν
1679 1797 1745 1837 καὶ
1776 1797 1818 1838 ἔν

242 1859 318 1897 τίνι
349 1855 608 1898 ἐπλεονέκτει.
631 1856 781 1910 ..λέγει
812 1857 937 1905 οὕτως
968 1860 1045 1896 κτλ.
1121 1859 1159 1897 5.
1192 1855 1300 1896 ὤπτα
1332 1855 1404 1909 μὲν
1434 1858 1553 1897 Mein.
1580 1859 1695 1898 Anal.
1723 1859 1818 1898 Ath.

248 1921 343 1958 167.
433 1920 468 1957 7.
501 1921 621 1970 θρῖον
653 1916 841 1968 casaub]
879 1932 989 1969 οριον
1021 1918 1067 1956 Α.
1115 1913 1301 1967 Ἀθηνῶν
1333 1916 1383 1967 L]
1418 1915 1613 1968 ἀνθηνων
1646 1919 1692 1957 A.
1780 1920 1818 1957 8.

245 1976 370 2029 ζωμὸς
402 1976 422 2016 ὁ
455 1975 571 2028 μέλας
602 1978 719 2016 Mein.
752 1992 787 2017 v.
818 1980 840 2016 9
875 1981 967 2016 ante
1001 1979 1025 2016 8
1059 1978 1240 2016 conlocat
1272 1977 1591 2017 He1·werd.Obs.
1612 1978 1698 2016 orit.
1721 1980 1817 2018 107.

245 2041 282 2077 6.
319 2040 383 2077 10.
419 2040 454 2076 7.
489 2040 525 2076 9.
560 2040 584 2077 8
631 2038 704 2076 hoo
736 2037 871 2076 ordine
904 2037 1058 2076 Kaibel.
1119 2038 1212 2087 posi:
1243 2051 1278 2076 v.
1314 2038 1368 2075 10
1407 2038 1593 2076 lacunam
1623 2038 1818 2077 indicavit

242 2098 379 2146 Mein.,
428 2110 571 2136 nomen
604 2097 721 2147 coqui
753 2099 794 2135 et
834 2097 967 2135 cibum
1007 2097 1057 2135 ab
1099 2110 1143 2135 eo
1182 2096 1388 2135 invenfium
1430 2097 1669 2136 desiderans.
1751 2099 1817 2136 10.

244 2171 319 2196 om.
342 2157 382 2195 O.
414 2154 599 2209 ἀρίστων]
634 2151 715 2207 εὗρ’
751 2153 905 2195 Ἵππων
938 2156 1141 2195 Herwerd.
1174 2155 1267 2194 Obs.
1301 2156 1387 2194 orit.
1426 2158 1518 2196 106.
1551 2157 1694 2195 Mnem.
1726 2170 1816 2196 nov.

243 2217 300 2255 VI
339 2218 406 2255 82.
463 2209 520 2254 αὖ
568 2216 751 2267 Κρίτων
790 2216 854 2266 K.‚
900 2213 920 2254 ὁ
960 2214 1006 2254 τὰ
1056 2212 1298 2267 ὄψαρτυτικὰ
1349 2215 1512 2262 συνθείς
1562 2214 1708 2254 Athen.
1750 2218 1816 2266 12,

245 2278 371 2315 5160.
409 2273 575 2326 πόρους]
622 2275 798 2327 σπάρους
835 2275 990 2313 Kaibel.
1079 2277 1145 2314 12.
1177 2271 1274 2325 ἡμῖν
1309 2275 1456 2313 alicubi
1487 2275 1528 2313 ni
1567 2275 1689 2314 fallor
1718 2275 1815 2314 Her-

244 2337 363 2374 werd.
427 2337 494 2373 14.
525 2340 691 2386 πρῶτος,
710 2349 790 2374 non
810 2340 979 2386 πρῶτον,
1006 2334 1086 2372 ΑΟ.
1152 2336 1217 2373 15.
1239 2336 1279 2372 et
1300 2335 1367 2373 35.
1389 2347 1464 2373 om.
1486 2334 1527 2372 O.
1593 2337 1659 2374 18.
1692 2335 1748 2374 'sic
1766 2335 1815 2373 A.

243 2394 285 2434 οἱ
316 2393 453 2445 Τήνιοι
486 2394 566 2432 VL.
599 2395 639 2432 in
672 2395 842 2433 articulo
878 2395 965 2433 iure
1005 2394 1170 2432 offendit
1203 2393 1404 2432 Hel-werd.
1436 2393 1580 2432 Mnem.
1613 2407 1702 2434 nov.
1732 2394 1815 2432 1111

244 2456 341 2494 308.
375 2457 411 2494 9.
455 2454 631 2492 nondum
674 2455 912 2504 persanatus
952 2455 1014 2492 est
1044 2466 1194 2492 versus.
1283 2455 1348 2492 19.
1387 2450 1581 2505 γέροντες]
1626 2452 1815 2505 παρόντες

242 2514 396 2552 Kaibel.
484 2515 550 2552 21.
588 2512 713 2569 Λύκῳ
757 2518 882 2565 κρεῶν
920 2509 996 2563 τότ’
1040 2513 1201 2552 Porson.
1241 2512 1365 2562 Toup.
1406 2513 1567 2551 Emend.
1607 2526 1670 2551 1111
1709 2512 1814 2563 499]

243 2572 324 2612 τότε
362 2575 486 2612 λευκω
524 2587 650 2624 κρεων
683 2573 730 2611 A.
819 2575 886 2612 23.
924 2570 1207 2623 σκοπουμένων
1240 2570 1426 2621 Casaub]
1468 2570 1732 2623 κοπουμένων
1763 2572 1811 2611 Α.

245 2634 311 2672 24.
343 2630 500 2682 λαθὼν]
534 2630 668 2683 λαβὼν
701 2633 816 2671 Both.
848 2630 920 2682 τὴν
951 2631 1060 2681 ψόαν
1092 2625 1225 2682 λαβὼν
1256 2631 1400 2670 Naber.
1437 2633 1579 2670 Mnem.
1606 2645 1694 2674 nov.
1710 2632 1809 2670 V111

242 2694 324 2731 431
361 2693 461 2731 conl.
492 2693 540 2730 fr.
575 2694 613 2732 7.
675 2694 742 2731 25.
774 2689 825 2730 τὼ
858 2690 991 2743 νεφρώ
1024 2694 1065 2730 et
1098 2693 1164 2730 26.
1195 2689 1328 2741 νεφρώ
1362 2691 1483 2731 Dobr.
1514 2691 1615 2731 Adv.
1642 2691 1683 2729 Π
1711 2693 1807 2730 322.

245 2754 311 2790 26.
349 2750 424 2803 ἔχει
463 2750 703 2801 Schweigh.]
743 2746 817 2802 εἶχε
849 2751 897 2789 A.
985 2753 1051 2790 27.
1083 2748 1233 2802 ἔλεγον]
1273 2747 1397 2802 λέγων
1426 2750 1633 2789 Herwerd.
1666 2751 1809 2789 Mnem.

241 2824 330 2850 nov.
362 2810 421 2848 VI
454 2813 521 2849 81.
565 2808 752 2860 ἔκυπτον]
787 2806 1006 2849 ἐλυποῦνθ’
1041 2811 1104 2849 vel
1137 2806 1348 2848 ἐκόπτονθ’
1388 2810 1590 2849 Herwerd.
1611 2809 1703 2848 Obs.
1724 2810 1810 2848 crit..

247 2872 339 2908 106.
367 2870 510 2908 Mnem.
538 2883 624 2909 nov.
649 2871 704 2908 VI
725 2872 791 2909 81.
843 2868 1069 2921 προσβολήν
1094 2882 1165 2919 pro
1192 2867 1371 2924 ἀποβολῇ
1397 2870 1546 2908 ibidem
1571 2870 1670 2908 conl.
1691 2869 1813 2909 Arist).

243 2929 334 2969 Pac.
356 2931 424 2968 39.
475 2930 543 2968 sed
575 2930 751 2968 nondum
784 2932 1020 2980 persanatus
1053 2931 1115 2968 est
1145 2941 1294 2972 versus.
1358 2931 1424 2969 28.
1456 2928 1575 2968 πάλιν
1601 2929 1813 2980 Tyrwhitt,
