2014 3334
751 269 920 305 AAHAA
946 270 1208 305 ΟΠΟΤΕΡΑΣ
1683 267 1771 311 515

193 385 272 424 κτλ.
327 384 377 424 cf.
409 382 557 424 Oratet.
591 384 659 423 29.
711 383 971 434 proverbium
1013 382 1325 423 usitatissimum
1367 383 1528 434 praeter
1571 381 1774 422 Oratetom

195 443 280 484 sine
312 443 432 484 dubio
463 442 583 483 multi
613 445 1038 485 commemoraverunt.

943 559 1032 603 592

481 628 577 675 ἀλλ’
613 630 640 687 ἣ
673 632 877 688 τρίορχος
907 630 935 687 ἢ
966 629 1142 688 πτέρων
1171 630 1199 687 ἢ
1232 632 1476 688 στρουθίας

136 767 138 771 ³
316 718 542 770 Hesychius
572 724 742 772 πτερῶν·
780 721 856 758 κτλ.
908 713 1013 766 εἶδος
1053 715 1205 771 ὀρνέου.
1261 715 1414 770 πτέρων
1445 717 1583 768 Dind]
1621 723 1774 770 πτερῶν

195 778 281 818 cod.
324 780 374 818 cf.
394 791 495 830 quae
527 779 811 818 adnotavimus
835 779 885 817 ad
905 778 1031 818 Arist.
1051 779 1126 818 Av.
1149 780 1233 818 249
1267 781 1308 817 et
1332 777 1548 818 Herodian.
1576 779 1594 816 Ι
1616 780 1684 828 35,
1707 780 1774 818 13.

195 839 330 888 Etym.
361 851 413 877 m.
447 840 545 889 226,
578 840 634 878 38
667 837 713 877 τὰ
743 838 800 886 εἰς
830 837 914 890 {ciffi
945 837 1115 891 λήγοντα
1148 837 1364 890 δισύλλαβα
1396 836 1449 890 μὴ
1483 836 1577 878 ὄντα
1616 851 1774 891 συγκρι-

193 895 280 937 τικὰ
317 896 510 948 φυλάσσει
546 896 589 938 τὸ
627 897 675 938 ὦ·
729 897 942 950 Φάρωνος,
979 895 1132 950 πτέρων
1170 896 1370 950 πτέρωνος
1410 893 1554 951 (Mein.
1585 898 1621 936 V
1651 895 1773 950 120).

198 954 364 1010 Πτέρων
395 960 436 997 et
466 958 696 1012 Στρουθίας
729 959 860 1009 Mein„
899 954 1121 997 ‘hominum
1154 958 1461 997 libidinosorum
1492 954 1681 998 nomina.'
1726 958 1775 997 de

195 1015 358 1075 τριόρχῳ
382 1018 439 1067 uf.
469 1018 596 1058 Arist.
627 1018 703 1058 Av.
738 1019 864 1058 1881.
900 1020 1026 1058 1206.

939 1135 1026 1178 593

483 1219 713 1286 σοφίζεταί
738 1234 785 1262 τε
816 1217 890 1261 καὶ
921 1218 1248 1276 παρακρούεται
1279 1219 1409 1278 λόγῳ.

315 1305 542 1356 Hesychius
574 1306 789 1356 σοφίζεται·
822 1304 951 1356 σοφόν
981 1320 1017 1344 τι
1048 1303 1159 1359 λέγει.
1190 1304 1257 1344 καὶ
1287 1319 1454 1357 παρακρ.
1481 1308 1513 1344 λ.
1571 1305 1775 1344 coniunxit

197 1367 246 1405 ut
276 1377 400 1416 supra
431 1365 663 1415 scripsimus
694 1365 918 1405 Meinekius
949 1366 1094 1405 Philol.
1119 1366 1198 1404 XII
1233 1367 1330 1417 610,
1363 1365 1512 1405 comico
1545 1365 1773 1417 adsignans.

944 1506 1033 1550 594

482 1588 542 1640 ὡς
571 1590 678 1645 μήτε
709 1595 899 1647 κροῦσαι
930 1586 1039 1646 μήθ’
1075 1587 1188 1646 ὑπὲρ
1218 1592 1364 1646 χεῖλος
1393 1591 1548 1645 βαλεῖν

317 1688 544 1740 Hesychius
575 1688 766 1741 παροιμία
791 1687 856 1728 ἐπὶ
886 1693 958 1728 τοῦ
989 1686 1211 1740 συμμέτρου
1243 1685 1474 1740 τασσομένη.
1524 1689 1660 1740 cogita
1689 1702 1774 1729 mo-

197 1748 309 1788 dium
333 1749 393 1788 ita
416 1748 617 1799 repletum
639 1751 685 1787 ut
711 1762 840 1799 neque
858 1751 1069 1799 pereutere
1090 1749 1236 1788 debeas
1262 1762 1391 1799 neque
1411 1748 1627 1800 quicquam
1653 1762 1775 1800 supra

196 1820 308 1848 oram
339 1809 469 1848 cadat.

944 1877 1032 1920 595

483 1956 519 2003 ὦ
550 1960 736 2017 πρόδοτι
766 1958 840 2004 καὶ
870 1958 1107 2018 παραγωγὲ
1137 1959 1211 2004 καὶ
1242 1961 1437 2018 μύραινα
1469 1961 1526 2004 σύ

319 2047 486 2086 Photius
517 2046 707 2100 μύραινα·
740 2046 982 2100 καταφερής·
1021 2046 1099 2087 ἀπὸ
1130 2053 1200 2088 τοῦ
1233 2045 1335 2104 ζῴου
1361 2051 1439 2088 κτλ.
1481 2040 1512 2104 ᾧ
1543 2048 1775 2101 προδοτικαὶ

196 2107 435 2160 παραγωγαί
461 2107 544 2147 cod.
602 2108 651 2147 cf.
682 2107 896 2159 Phrynich.
930 2121 1029 2147 com.
1062 2110 1128 2148 33.

484 2305 593 2363 μήθ’
629 2306 830 2365 ἁλμυρὸν
861 2303 977 2350 εἶναι
1008 2308 1115 2363 μήτε
1147 2315 1299 2364 μῶρον
1329 2307 1374 2359 ἐς
1404 2309 1453 2351 τὸ
1485 2314 1574 2351 πᾶν

320 2393 487 2432 Photius
518 2399 670 2447 μῶρον·
702 2393 745 2434 οἱ
761 2390 925 2434 Ἀττικοὶ
950 2400 1260 2446 προπερισπῶσι·
1293 2397 1458 2435 καλοῦσι
1484 2393 1526 2434 δὲ
1558 2395 1683 2443 οὕτως
1710 2395 1774 2436 καὶ

201 2450 243 2491 τὸ
274 2450 404 2507 ᾀμβλὺ
436 2453 576 2504 βρῶμα
606 2451 674 2493 καὶ
704 2451 854 2494 ἄναλον
886 2453 982 2493 ὥστε
1013 2450 1085 2506 (ὡς
1115 2453 1158 2494 τό
1190 2450 1330 2506 Mein.)
1361 2454 1456 2506 μήτε
1488 2453 1664 2507 ἁλμυρὸν
1696 2460 1771 2496 κτλ.

200 2512 317 2551 Mein.
356 2517 491 2564 μῶρον
528 2513 570 2552 in
606 2514 795 2553 lemmate
828 2512 964 2564 Mein]
1005 2519 1152 2565 μυρῶν.
1210 2528 1282 2564 pro
1314 2512 1410 2554 ὥστε
1442 2515 1577 2554 Dindf.
1608 2513 1662 2563 ὡς
1697 2518 1773 2567 Τη-

199 2570 407 2622 λεκλείδης.
456 2571 505 2611 de
537 2575 704 2612 accentu
736 2574 784 2613 cf.
818 2574 1000 2613 Menand.
1035 2575 1132 2613 144.
1181 2577 1224 2613 ut
1260 2586 1380 2622 neque
1409 2576 1526 2614 nimis
1565 2576 1695 2614 salsus
1725 2578 1773 2615 sil

198 2643 318 2680 neque
347 2632 558 2681 lan-quidus
588 2632 713 2672 cibus.

940 2725 1025 2768 597

486 2809 596 2850 νυνί
623 2802 666 2864 μ’
705 2807 880 2859 ἔπεισας
910 2811 1080 2865 μᾶλλον
1110 2807 1137 2864 ἢ
1169 2808 1312 2864 νυνδὴ
1345 2807 1499 2864 λέγων.

320 2893 491 2934 photius
527 2896 619 2944 post
654 2894 708 2946 gl.
745 2893 887 2946 νυνδή.
947 2891 973 2946 ἢ
1010 2892 1138 2946 νυνδὴ
1177 2892 1301 2948 λέγων
1341 2894 1478 2935 Cobet.
1509 2895 1557 2934 V.
1590 2891 1634 2935 1.²
1667 2895 1771 2948 233]

205 2956 280 2992 νῦν
310 2950 420 3006 λέγω.
467 2965 573 2993 mmo
601 2954 697 2993 mihi
727 2956 803 2994 tuis
832 2956 959 2994 verbis
982 2956 1217 3004 persuasisti
1246 2956 1373 3005 mayis
1403 2967 1520 3004 quam
1550 2957 1671 2996 modo.

1414 3020 1487 3058 33*
