2014 3334
903 238 1079 272 ANAPIA
1725 240 1779 282 17

193 353 349 402 χρῆσαι,
379 347 499 402 γύναι
522 348 716 389 Dziatzko
738 350 836 390 239.
894 350 1042 401 quibus
1074 351 1259 391 omnibus
1285 365 1409 391 unum
1437 352 1578 406 adicio,
1610 354 1782 393 formam

191 409 323 458 Λοξία
354 405 525 462 (genet.)
557 423 688 461 neque
720 410 881 450 comicis
914 423 1044 462 neque
1077 412 1244 463 tragicis
1276 412 1472 452 usitatam
1504 414 1640 453 fuisse.

958 540 1016 583 46

312 625 526 664 Terentius
560 628 599 678 4,
633 628 671 678 4,
705 627 758 666 55
799 627 982 676 paullum
1013 628 1196 667 interesse
1228 628 1372 674 ee'nses,
1412 641 1456 668 ex
1489 631 1619 669 animo
1652 630 1784 670 omnia

190 688 235 724 ut
263 685 340 735 fe'rt
369 689 535 731 natura,
573 687 720 736 facias,
760 699 814 726 an
845 688 892 726 de
922 685 1150 726 industria?
1190 688 1376 728 Donatus
1415 690 1507 728 haee
1538 692 1725 729 sententia
1758 704 1784 730 a

193 745 369 786 Terentio
389 744 686 798 ἐρωτηματικῶς
706 747 869 796 prolata
893 751 957 792 est,
979 760 1097 796 quarn
1116 748 1338 788 Menander
1358 747 1625 798 ἐπιδεικτικῶς
1636 753 1783 801 posuit.

956 876 1013 919 47

312 961 525 1001 Terentius
547 963 584 1011 5,
613 964 652 1013 4,
681 964 732 1002 16
767 964 824 1005 sie
849 962 957 1002 Crito
989 967 1044 1003 est
1072 965 1144 1004 hic.
1193 965 1380 1005 Donatus
1410 967 1471 1006 hie
1491 966 1678 1007 Chremes
1706 971 1784 1007 ira-

190 1023 296 1061 ducit
332 1023 445 1061 illum
485 1024 533 1061 ab
571 1024 783 1063 iracundia
814 1025 973 1063 dicendo
1013 1026 1070 1064 sic
1107 1037 1187 1064 esse
1228 1038 1325 1065 earn.
1393 1027 1615 1067 Menander
1657 1027 1783 1076 οὕτως

191 1079 311 1128 αὐτός
348 1080 464 1121 ἐστιν.
504 1086 539 1121 et
573 1086 692 1122 reete:
735 1085 829 1132 quia
864 1088 1032 1123 naturae
1072 1086 1300 1135 iynoseitwr,
1343 1088 1534 1127 volantati
1571 1100 1651 1127 non
1681 1090 1782 1128 item.

189 1139 286 1193 otoy
317 1144 463 1190 αΥτο(;
496 1157 595 1187 εττιν
626 1143 716 1183 Par.
778 1142 905 1191 οὕτως
936 1137 1054 1192 οὗτός
1085 1143 1175 1185 ἐστι.
1207 1146 1442 1186 Buttmann.

959 1274 1017 1317 48

723 1403 726 1405 ,
827 1357 877 1399 τὸ
911 1355 952 1400 δ’
990 1356 1097 1414 ἐρᾶν
1129 1357 1355 1401 ἐπισκοτει

480 1428 667 1483 ἅπασιν,
700 1409 760 1479 ὥς
791 1430 930 1484 ἔοικε,
961 1428 1036 1472 καὶ
1067 1437 1160 1481 τοῖς
1193 1430 1387 1486 εὐλόγως

477 1498 552 1543 καὶ
586 1507 680 1551 τοῖς
711 1507 856 1552 κακῶς
888 1502 1081 1557 ἔχουσιν.

313 1588 512 1627 Stobaeus
533 1587 672 1627 Florss.
696 1590 764 1639 64,
793 1589 847 1628 15
880 1588 1131 1641 Μενάνδρου
1164 1588 1329 1642 ἀνδρεία
1351 1591 1400 1629 A.
1453 1593 1489 1630 2.
1523 1591 1672 1632 ἅπασιν
1705 1608 1780 1633 om.

191 1649 307 1688 Voss,
354 1649 408 1688 3.
446 1652 578 1694 κακῶς
615 1646 816 1698 Clericus]
857 1651 997 1696 καλῶς.
1070 1644 1114 1688 εὖ
1153 1648 1281 1703 λόγων
1320 1651 1439 1690 Mein.
1478 1652 1520 1690 in
1559 1653 1618 1692 ed.
1659 1654 1769 1693 Stob.

189 1706 257 1748 καὶ
287 1710 368 1755 τοῖς
401 1706 580 1760 εὐλόγοις
611 1706 678 1747 καὶ
709 1711 790 1756 τοῖς
829 1714 960 1756 κακῶς
992 1714 1216 1762 φρονοῦσιν
1255 1710 1363 1750 idem
1396 1711 1505 1751 Stob.
1539 1712 1625 1752 IIII
1657 1727 1781 1753 Lxxn.

188 1781 319 1820 neque
358 1768 516 1808 Terent.
553 1772 595 1819 1,
629 1770 673 1820 3,
711 1770 762 1807 12
801 1782 931 1819 neque
970 1768 1115 1809 Caecil.
1157 1783 1218 1821 ap.
1260 1770 1338 1810 Cic.
1373 1772 1488 1811 Tusc.
1522 1774 1568 1824 4,
1609 1776 1684 1826 3,2
1726 1776 1779 1814 68

189 1841 381 1881 magnam
413 1829 566 1867 habent
597 1828 917 1868 similitudinem.

1762 1685 1782 1705 '7

958 1947 1015 1988 49

311 2033 525 2071 Terentius
560 2034 603 2084 3,
637 2034 681 2082 3,
716 2035 767 2072 11
811 2045 859 2072 ne
895 2046 956 2073 ‘me
987 2035 1155 2074 o'bseera.
1218 2035 1400 2074 Donatus
1431 2037 1471 2071 Τ.
1506 2038 1543 2071 00
1580 2039 1649 2073 ΛΛ.
1678 2039 1781 2074 ΗΝΙΟ

189 2100 285 2135 ΜΟι]
313 2127 320 2134 .
348 2100 397 2134 Μ.
425 2099 485 2135 h.
514 2088 577 2136 N.
606 2100 682 2135 Λ.1
709 2101 1181 2137 ΤΛΝΕΒΕΜΝΜΛΟΟΒ.
1216 2101 1427 2152 corrigunt
1469 2104 1522 2158 τῷ
1561 2100 1780 2158 ἕλληνισμῷ

182 2159 254 2216 ‘an
288 2162 478 2215 λιτάνευε,
511 2163 564 2233 μὴ
598 2161 755 2217 μάχου.
820 2165 1044 2206 Grauertus
1063 2180 1144 2206 non
1163 2167 1376 2205 Menandri
1395 2168 1680 2219 fragmentum,
1711 2169 1780 2208 sed

191 2224 318 2263 Attici
351 2226 546 2269 sermonis
579 2227 809 2276 exemplum
841 2227 923 2266 illis
956 2227 1090 2267 verbis
1124 2227 1321 2266 contineri
1354 2228 1589 2268 arbitratur.

955 2355 1013 2397 50

407 2439 547 2493 ζῶμεν
578 2438 663 2495 γὰρ
696 2438 777 2494 οὐχ
810 2438 869 2489 ὡς
899 2437 1109 2494 θέλομεν,
1143 2437 1239 2481 ἀλλ’
1277 2438 1336 2489 ὡς
1369 2439 1614 2495 δυνάμεθα.

310 2524 530 2563 Menander
566 2528 737 2566 monost.
772 2529 858 2566 190
906 2528 947 2565 et
997 2527 1144 2565 omisso
1195 2527 1391 2565 auctoris·
1418 2528 1579 2566 nomine
1620 2527 1777 2566 Suidas.

191 2583 315 2636 ζῶμεν
346 2582 420 2636 γὰρ
454 2583 527 2636 οὐχ
552 2582 605 2632 ὡς
630 2589 687 2636 θ.,
718 2583 802 2626 ἀλλ’
832 2584 886 2634 ὡς
913 2586 946 2625 ὃ.
1001 2584 1065 2625 ἐπὶ
1094 2591 1173 2625 τῶν
1205 2583 1258 2637 μὴ
1291 2585 1389 2624 κατὰ
1420 2587 1651 2639 προαίρεσιν
1683 2587 1778 2635 ζών-

189 2657 279 2682 των.
342 2642 523 2696 κέχρηται
559 2644 732 2684 Πλατων
776 2645 818 2686 ἐν
854 2643 999 2685 Ἱππία.
1068 2646 1189 2696 Hipp.
1229 2646 1321 2684 mai.
1362 2648 1442 2686 301
1469 2661 1488 2686 c
1533 2653 1695 2687 τοιαῦτα
1732 2646 1779 2686 τὰ

188 2699 356 2755 ἡμέτερά
411 2702 534 2755 ἐστιν,
585 2703 658 2757 οὐχ
701 2701 766 2745 οἷα
817 2706 1003 2758 βούλεταί
1041 2720 1097 2753 τις
1147 2701 1290 2758 (φασὶν
1340 2703 1553 2759 ἅνθρωποι
1596 2705 1775 2747 εκάστοτε

191 2761 577 2817 παροιμιαζόμενοι),
609 2762 693 2804 ἀλλ’
730 2781 796 2806 οια
828 2766 1006 2806 δύναται
1069 2767 1117 2805 cf.
1150 2765 1357 2804 Demosth.
1392 2767 1461 2817 57,
1494 2769 1562 2807 31.
1607 2767 1777 2819 Diogen.

191 2823 306 2862 Vind.
342 2826 385 2874 2,
418 2825 486 2863 81.
545 2824 710 2877 Gregor.
744 2826 863 2877 Gypr.
895 2827 1020 2877 Mosq.
1056 2828 1099 2873 3,
1133 2827 1200 2864 57.
1251 2825 1397 2865 Macar.
1431 2829 1478 2877 4,
1512 2829 1579 2866 31.
1635 2827 1777 2878 Apost.

192 2884 230 2933 8,
264 2885 331 2923 38.
394 2884 531 2934 itaque
562 2886 822 2935 proverbium
864 2887 993 2925 multo
1033 2885 1240 2935 antiquius
1279 2887 1341 2924 est
1371 2886 1609 2937 Menandro,
1642 2890 1777 2925 tamen

190 2946 298 2982 recte
330 2943 588 2983 Heindorfius
621 2941 743 2998 (Plat.
777 2946 930 2998 Cratyl.
964 2946 1048 2984 425
1066 2946 1105 2997 c)
1145 2957 1307 2984 versum
1345 2946 1463 2985 illum
1494 2948 1545 2986 ad
1578 2946 1776 2985 Andriam

263 3016 378 3043 Comici
398 3017 510 3051 graeci,
530 3018 575 3044 ed.
596 3017 650 3044 Th.
671 3019 766 3045 Kock.
787 3019 846 3046 HI.
1466 3017 1486 3047 2
