2014 3334
875 271 1131 307 ΝΙΚΟΛΑΟΣ

760 439 1247 494 ΛΕΞΙΦΑΝΗΣ

826 537 998 576 Meinek.
1030 536 1050 574 Ι
1082 538 1182 577 493.

735 774 787 822 M
798 774 838 822 Ε
849 775 894 823 N
909 774 950 822 E
962 774 1015 822 K
1025 774 1064 823 P
1075 773 1166 823 AT
1177 774 1228 822 H
1240 774 1283 822 Σ

544 866 811 918 ΜΑΝΕΚΤῼΡ
836 868 871 899 Η
896 866 1183 901 ΕΡΜΙΟΝΕΤΣ
1210 866 1462 911 (EPMIONH)
1510 923 1514 937 y

792 943 964 982 Meinek.
997 942 1017 981 I
1050 944 1150 983 493.
1177 944 1217 982 4.

765 1182 1243 1256 [ΜΕΝΙΠΠΟΣ]

714 1284 979 1323 ΚΕΡΚΩΠΕΣ
1109 1283 1294 1329 οΦ[Ε]ΙΣ

332 1361 487 1419 Nomen
518 1363 661 1411 poetae
694 1360 873 1400 dubium.
924 1361 1095 1399 Meinek.
1128 1361 1147 1398 Ι
1180 1362 1280 1399 494.
1312 1359 1347 1397 V
1383 1361 1450 1398 12.

781 1620 1223 1673 ΝΙΚΟΛΑΟΣ

804 1719 977 1758 Meinek.
1003 1719 1023 1758 I
1048 1719 1149 1759 495.
1171 1720 1208 1759 6.

755 1811 963 1845 ΑΔΗΛΩΝ
987 1810 1251 1845 ΔΡΑΜΑΤΩΝ

991 1886 1013 1927 1

427 1966 477 2010 τὸ
509 1974 599 2010 τῶν
630 1968 904 2023 παρασίτων,
936 1968 1111 2024 ἄνδρες,
1144 1966 1328 2024 ἐξηῦρεν
1359 1965 1490 2022 γένος

427 2040 541 2090 Διὸς
570 2040 794 2096 πεφυκώς,
827 2040 886 2090 ὡς
918 2038 1114 2094 λέγουσι,
1152 2040 1390 2090 Τάνταλος.

429 2111 484 2154 οὐ
516 2111 767 2167 δυνάμενος
799 2108 849 2154 δὲ
879 2116 932 2167 τῇ
963 2110 1094 2168 τέχνῃ
1127 2116 1324 2168 χρῆσθαι
1355 2114 1499 2161 καλῶς

428 2183 674 2226 ἀκόλαστον
707 2184 805 2240 ἔσχε
836 2187 1059 2239 γλῶσσαν,
1093 2180 1172 2227 εἶτ’
1209 2183 1404 2242 ἀκουσίῳ

387 2267 407 2299 5
429 2248 577 2315 δίφρῳ
609 2257 860 2313 περιπεσὼν
893 2255 1130 2315 δυναμένῳ
1162 2257 1294 2313 λιμὸν
1325 2263 1471 2299 ποιεῖν

428 2327 514 2371 ἀπὸ
545 2334 622 2384 τῆς
651 2327 865 2386 τραπέζης
896 2327 1104 2385 ἐξαπίνης
1135 2328 1414 2386 ἀπεστράφη·

428 2401 558 2456 ἄφνω
593 2397 641 2442 δὲ
673 2398 855 2455 πληγεὶς
886 2401 949 2451 εἰς
980 2399 1121 2457 μέσην
1152 2401 1235 2456 τὴν
1266 2399 1457 2457 γαστέρα

428 2471 584 2523 ἔδοξεν,
612 2471 731 2530 αὐτῷ
763 2471 999 2527 γεγονέναι
1030 2473 1149 2516 τᾶνω
1181 2473 1313 2528 κάτω,

429 2545 634 2587 Σίπυλόν
665 2559 712 2587 τε
742 2550 906 2588 τοῦτον
938 2544 1275 2602 ἀνατετράφθαι
1307 2546 1386 2588 τὸν
1417 2546 1600 2601 τρόπον·

368 2626 409 2658 10
429 2613 502 2658 καὶ
533 2615 650 2671 μάλα
682 2616 884 2668 δικαίως·
926 2617 1049 2673 Φρὺξ
1081 2618 1165 2673 γὰρ
1199 2617 1263 2660 ὢν
1295 2617 1376 2673 οὐχ
1410 2617 1560 2667 ἱκανὸς
1591 2614 1648 2672 ἧν

428 2688 510 2743 τὴν
541 2694 622 2730 τοῦ
653 2687 898 2745 τρέφοντος
930 2685 980 2732 εὖ
1013 2688 1168 2746 φέρειν
1200 2690 1466 2746 παρρησίαν.

430 2760 500 2802 διὸ
533 2760 588 2815 δὴ
620 2761 829 2816 τοιαύτης
859 2764 1084 2812 παντελῶς
1116 2761 1319 2817 καχεξίας

431 2830 479 2874 ἐν
509 2839 602 2882 τοῖς
633 2834 749 2887 βίοις
779 2834 897 2890 παρὰ
929 2839 1065 2876 πᾶσιν
1098 2833 1372 2889 ἐζηλωμένης

429 2910 597 2959 πικρῶς
628 2903 859 2960 ἐπιπλῆξαι
889 2901 1096 2960 βούλομ’,
1129 2905 1268 2961 ἄνπερ
1301 2906 1356 2960 νὴ
1389 2906 1479 2947 Δία

368 2987 409 3018 15
429 2977 683 3033 παρρησίαν
715 2992 790 3032 μοι
823 2977 948 3031 δῶτε,
980 2978 1086 3027 τοὺς
1117 2976 1402 3032 ἀσυμβόλους

1711 271 1798 313 383
