2014 3334
898 230 997 264 ΤΗΣ
1022 229 1151 264 ΝΕΑΣ
1726 227 1811 269 421

393 352 433 385 15
453 341 535 398 τὴν
565 339 823 397 ἀκρόπολιν,
854 340 904 383 τὸ
935 336 1132 395 θέατρον
1193 371 1490 381 .....

537 566 545 575 .
621 530 814 588 ἀρίστων
845 532 1091 588 φιλόσοφος
1122 530 1373 586 μαθήματα.

358 620 544 671 Papyrus
582 619 716 658 Didot.
754 619 929 671 Aegypt.
969 631 1071 658 saec.
1104 630 1139 656 a.
1171 616 1263 656 Chr.
1305 616 1468 656 secundi
1512 611 1597 669 (Un
1640 628 1816 667 papyrus

238 680 368 720 incdit
395 710 404 719 .
433 710 442 719 .
475 710 484 719 .
513 691 587 731 par
626 678 675 718 H.
707 678 825 718 Weil.
862 678 988 718 Paris.
1026 671 1171 731 1879).
1252 677 1289 716 3.
1329 671 1442 715 αἰῶν’
1478 675 1525 715 Κ.
1557 676 1660 715 Mus.
1691 675 1815 715 Rhen.

239 739 388 780 XXXV
422 737 526 790 278]
552 740 735 775 AAAON.
783 736 977 790 ἕτεθνήκη
1009 735 1078 788 K]
1120 737 1374 774 ΤΕΘΝΗΚΕΙ.
1419 733 1646 787 ἐτεθνήκειν
1678 734 1818 776 Cobet.

240 801 386 840 Mnem.
416 799 517 838 VIII
551 801 620 839 14.
699 800 736 837 4.
770 800 980 834 AIIANTA.
1021 792 1134 837 αἰῶν’
1169 795 1288 835 Weil.
1326 792 1373 835 ὃν
1412 793 1502 847 ἔζην
1534 793 1601 846 Κ.]
1636 797 1819 834 ωΝΕΖΗ.

240 860 446 899 Demosth.
482 860 550 910 24,
585 861 608 899 7
642 859 723 898 iam
754 858 928 898 contulit
959 857 1076 897 Weil.
1129 854 1326 896 πιστεύετε
1357 855 1590 895 Buecheler.
1615 855 1717 894 Mus.
1743 855 1818 894 Rh.

240 918 386 960 XXXV
419 917 524 969 278]
570 919 902 956 HICTeTceTAI.
997 919 1034 958 5.
1071 921 1154 956 tres
1198 916 1358 955 litterae
1389 918 1493 952 ΓΗΚ
1535 915 1680 954 dubiae
1713 917 1819 954 sunt.

240 983 375 1032 παρῆν
405 977 447 1019 τό
478 992 518 1018 τε
548 978 670 1019 καλόν
702 977 838 1018 Cobet.
891 977 1002 1017 aliud
1033 975 1187 1028 aliquid
1218 976 1438 1016 desiderari
1470 975 1614 1015 docent
1644 988 1679 1015 v.
1715 977 1752 1014 6.
1781 976 1818 1014 7.

241 1040 412 1079 fortasse
443 1035 562 1090 ἄχνη
593 1037 635 1079 τὸ
667 1036 788 1078 καλόν
819 1052 897 1090 μοι.
959 1030 1011 1089 ἦν
1045 1037 1087 1076 in
1125 1036 1201 1076 fine
1234 1036 1325 1077 add.
1354 1035 1590 1075 Buecheler.
1667 1036 1733 1074 10.
1765 1031 1819 1082 ὡς

239 1099 316 1139 ἴστε
338 1096 404 1149 Κ.]
433 1100 661 1136 ωΟΝῙΕΘΕ.
698 1100 839 1138 tenues
871 1111 963 1138 cum
988 1096 1205 1148 adspiratis
1236 1096 1279 1135 in
1303 1096 1379 1135 hoc
1403 1108 1558 1147 papyro
1585 1093 1817 1145 saepissime

239 1161 548 1200 commutantur.
593 1154 674 1211 μετ’
705 1155 839 1212 ὀλίγον
858 1155 926 1208 Κ.]
959 1159 1023 1193 ΤΟ
1047 1150 1243 1210 (macula)
1270 1157 1477 1192 AOIIION.
1552 1157 1619 1194 11.
1651 1158 1817 1206 φρονῶν

241 1217 306 1270 Κ.]
328 1221 506 1257 ΦΡΟΝΩ.
565 1221 632 1258 12.
663 1215 855 1270 ἡδονῶν
874 1218 922 1257 Κ.
988 1218 1053 1257 13.
1081 1215 1311 1264 ξύνοικον
1330 1215 1380 1255 Κ.
1405 1216 1448 1254 in
1468 1215 1579 1255 exitu
1598 1217 1675 1250 CH.
1696 1215 1818 1251 ΕΡΟΝ

240 1292 331 1330 pap.
357 1280 401 1318 at
425 1279 666 1319 comicorum
693 1280 755 1317 est
779 1276 960 1330 τήμερον.
1026 1277 1092 1316 14.
1118 1274 1269 1328 ἐρωτῶ
1290 1275 1337 1314 Κ.
1382 1276 1486 1311 NTN
1511 1275 1554 1314 in
1578 1287 1669 1325 pap.
1696 1286 1819 1325 supra

242 1340 389 1378 lineam
419 1339 608 1390 positum.
657 1339 698 1377 in
723 1340 890 1374 NCIPAI
915 1337 1042 1376 latere
1073 1336 1235 1376 videtur
1266 1333 1349 1391 ὁρᾷ.
1400 1331 1498 1386 ἀέρα
1527 1332 1595 1384 K.]
1621 1335 1725 1370 APA.
1770 1335 1816 1374 cf.

239 1399 379 1450 Eurip.
410 1399 459 1438 fr.
492 1399 576 1439 935
597 1398 648 1438 N.
692 1395 788 1454 ὁρᾷς
818 1395 886 1436 τὸν
917 1395 1029 1448 ὑψοῦ
1060 1391 1167 1436 τόνδ’
1203 1393 1367 1447 ἄπειρον
1398 1391 1584 1447 αἰθέρα.

358 1458 407 1498 cf.
440 1458 662 1510 Theognet.
691 1460 712 1497 1
748 1459 789 1497 et
814 1457 949 1509 adesp.
979 1458 1102 1496 1419.
1144 1455 1247 1495 Mus.
1278 1455 1404 1494 Rhen.
1430 1454 1646 1494 XXXXIII
1677 1456 1745 1495 46.
1780 1456 1818 1494 7.

238 1519 488 1559 obtrectator
512 1519 647 1558 nescio
679 1517 768 1570 quis
794 1516 1084 1568 philosophiae,
1115 1515 1441 1555 adulescentulus
1472 1519 1519 1554 ut
1547 1514 1722 1564 videtur,
1749 1515 1818 1566 qui

238 1579 408 1618 antehac
432 1577 616 1618 notiones
635 1578 808 1618 morales
827 1579 978 1616 temere
1010 1577 1318 1627 contempserat,
1348 1574 1633 1614 brevissimum
1656 1577 1817 1626 tempus

239 1652 264 1678 a
293 1638 488 1690 magistro
525 1638 650 1678 stoico
681 1637 895 1677 institutus
932 1636 1013 1676 iam
1051 1636 1171 1675 aliter
1200 1634 1497 1686 philosophiam
1529 1634 1732 1674 aestimat:
1778 1637 1819 1674 et

238 1698 438 1738 laetitiam
463 1710 588 1749 suam,
613 1711 663 1737 ne
689 1697 779 1749 quis
804 1709 884 1736 non
903 1696 1088 1736 initiatus
1108 1695 1256 1744 audiat,
1283 1695 1392 1735 solus
1413 1707 1503 1734 cum
1523 1694 1818 1745 spectatoribus

240 1753 309 1813 (cf.
337 1759 362 1798 3
390 1760 431 1797 et
459 1759 512 1798 13
545 1751 707 1811 ἄνδρες)
740 1756 1018 1797 communicat.
1081 1756 1120 1795 5.
1151 1755 1311 1794 facilius
1343 1755 1467 1794 etiam
1486 1754 1648 1794 videtur
1671 1753 1818 1806 πάχνη,

239 1818 459 1869 Theognet.
482 1820 519 1868 1,
546 1819 583 1857 3.
617 1818 687 1857 sed
719 1817 767 1856 cf.
799 1816 988 1856 Leutsch.
1021 1815 1205 1866 Append.
1223 1828 1335 1866 prov.
1370 1816 1405 1863 1,
1438 1816 1507 1853 44.
1557 1814 1674 1853 Hom.
1698 1814 1747 1854 Il.
1780 1816 1818 1864 5,

240 1878 339 1917 499.
360 1878 458 1917 501.
479 1879 519 1926 4,
542 1878 641 1917 426.
675 1878 741 1924 11,
762 1877 861 1916 307.
883 1876 949 1924 15,
972 1876 1068 1915 626.
1089 1873 1163 1916 Od.
1186 1876 1252 1926 12,
1273 1875 1370 1914 238.
1419 1874 1540 1924 Soph.
1560 1872 1686 1913 0Οοὶ.
1720 1875 1817 1914 681.

241 1936 367 1976 Arist.
403 1936 522 1987 Vesp.
558 1938 626 1977 92.
707 1937 775 1976 10.
807 1937 1053 1986 spectatores
1084 1934 1155 1985 qui
1191 1947 1283 1973 eum
1313 1934 1355 1973 in
1390 1934 1567 1973 scholam
1598 1933 1818 1973 intrantem

239 1996 437 2046 viderant,
467 1998 515 2035 ut
533 1996 575 2035 in
592 1995 778 2035 Nubibus
798 1995 1069 2045 Strepsiadem
1089 1997 1130 2034 et
1148 1993 1440 2045 Phidippidem,
1466 1995 1590 2033 testes
1617 2005 1703 2033 esse
1728 1993 1819 2033 vult

241 2068 361 2108 quam
392 2056 507 2096 brevi
543 2058 723 2107 tempore
761 2055 811 2094 ab
848 2067 984 2095 errore
1021 2054 1075 2094 sit
1111 2053 1313 2094 reductus.
1397 2055 1461 2093 13.
1494 2051 1537 2092 ἐν
1568 2057 1614 2108 τῇ
1645 2051 1815 2106 τήμερον

241 2115 338 2155 alibi
368 2128 432 2156 me
462 2116 597 2168 legere
628 2129 709 2156 non
741 2115 917 2155 memini.

455 2352 695 2407 ἄνθρωπος
726 2347 868 2406 οἶνον,
901 2349 1009 2393 αὐτὸ
1040 2347 1160 2392 τοῦτ’
1197 2348 1359 2405 ἐκπλήτ
1398 2383 1406 2391 .
1459 2384 1466 2391 .

454 2424 605 2478 ἔγωγε,
637 2420 748 2479 ὑπὲρ
779 2427 861 2465 τοῦ
891 2419 1166 2478 μεθύσκεσθ’
1204 2421 1259 2464 οὐ
1291 2419 1415 2476 λέγω.

455 2494 633 2537 ἀπιστία
663 2493 748 2551 γάρ
780 2492 877 2537 ἐσθ’
916 2492 1074 2549 ὅμοιον
1104 2493 1235 2535 τοῦτό
1266 2508 1333 2547 γε,

456 2566 498 2609 εἰ
525 2564 598 2609 καὶ
629 2565 822 2621 βιάζεται
852 2564 1045 2620 κοτύλην
1075 2579 1142 2615 τις
1171 2564 1276 2614 τοὺς
1306 2565 1362 2619 βο
1391 2598 1399 2606 .

415 2649 436 2680 5
457 2637 710 2694 ὠνούμενος
740 2639 888 2681 πίνειν
919 2635 1090 2680 ἑαυτόν.
1151 2633 1272 2679 τοῦτ’
1308 2651 1329 2678 ε
1391 2668 1401 2678 .

455 2707 748 2766 προσέμενον·
780 2705 911 2760 οὗτος
942 2708 1144 2765 ἐμπεσὼν
1176 2708 1279 2750 διασ
1320 2740 1329 2750 .
1379 2739 1413 2762 .,

457 2781 536 2823 τὸν
567 2782 724 2838 ἔρωτα·
755 2782 802 2823 τί
829 2778 870 2824 δ’
907 2778 1004 2837 ἐμοὶ
1035 2785 1186 2830 τοῦτο;
1219 2778 1353 2821 πάλιν
1384 2779 1495 2834 οἰμώ
1540 2812 1548 2820 .
1599 2813 1607 2821 .

458 2858 619 2909 προῖκα
651 2849 700 2894 δὲ
731 2852 881 2908 λαβὼν
911 2852 1104 2895 τάλαντα
1134 2845 1301 2907 τέτταρ’
1337 2849 1453 2906 ἀργυ
1482 2884 1490 2892 .

459 2923 513 2967 οὐ
544 2928 620 2979 τῆς
651 2924 862 2979 γυναικὸς
891 2918 1088 2979 νενόμιχ’
1123 2921 1260 2965 αὑτὸν
1292 2919 1388 2965 οἰκέ
1410 2956 1418 2964 .
