<?xml version="1.0" encoding="UTF-8"?>
<!DOCTYPE html PUBLIC "-//W3C//DTD XHTML 1.0 Transitional//EN"
    "http://www.w3.org/TR/xhtml1/DTD/xhtml1-transitional.dtd">
<html xmlns="http://www.w3.org/1999/xhtml" xml:lang="en" lang="en">
 <head>
  <title>
</title>
<meta http-equiv="Content-Type" content="text/html;charset=utf-8" />
  <meta name='ocr-system' content='tesseract 3.04.00' />
  <meta name='ocr-capabilities' content='ocr_page ocr_carea ocr_par ocr_line ocrx_word'/>
</head>
<body>
  <div class='ocr_page' id='page_1' title='image "./comicorumatticor03kockuoft_0213.png"; bbox 0 0 2014 3334; ppageno 0'>
   <div class='ocr_carea' id='block_1_1' title="bbox 0 0 255 223">
    <p class='ocr_par' dir='ltr' id='par_1_1' title="bbox 0 0 255 223">
     <span class='ocr_line' id='line_1_1' title="bbox 0 0 255 223; baseline 0 3111"><span class='ocrx_word' id='word_1_1' title='bbox 0 0 255 223; x_wconf 95' lang='lat' dir='ltr'><em> </em></span> 
     </span>
    </p>
   </div>
   <div class='ocr_carea' id='block_1_2' title="bbox 0 2175 18 2519">
    <p class='ocr_par' dir='ltr' id='par_1_2' title="bbox 0 2175 18 2519">
     <span class='ocr_line' id='line_1_2' title="bbox 0 2175 18 2519; textangle 90"><span class='ocrx_word' id='word_1_2' title='bbox 13 2516 18 2519; x_wconf 48' lang='lat'>¹</span> <span class='ocrx_word' id='word_1_3' title='bbox 0 2251 12 2435; x_wconf 50' lang='lat' dir='ltr'><em>*v--v—v*</em></span> <span class='ocrx_word' id='word_1_4' title='bbox 0 2175 2 2185; x_wconf 64' lang='lat'><em>⁷</em></span> 
     </span>
    </p>
   </div>
   <div class='ocr_carea' id='block_1_3' title="bbox 0 2998 33 3078">
    <p class='ocr_par' dir='ltr' id='par_1_3' title="bbox 0 2998 33 3078">
     <span class='ocr_line' id='line_1_3' title="bbox 0 2998 33 3078; textangle 90"><span class='ocrx_word' id='word_1_5' title='bbox 3 3076 5 3078; x_wconf 85' lang='grc'><em>,</em></span> <span class='ocrx_word' id='word_1_6' title='bbox 0 3029 33 3067; x_wconf 50' lang='lat' dir='ltr'>W</span> <span class='ocrx_word' id='word_1_7' title='bbox 0 2998 29 3022; x_wconf 26' lang='grc' dir='ltr'><em>ᾖ.</em></span> 
     </span>
    </p>
   </div>
   <div class='ocr_carea' id='block_1_4' title="bbox 697 259 1732 303">
    <p class='ocr_par' dir='ltr' id='par_1_4' title="bbox 697 259 1732 303">
     <span class='ocr_line' id='line_1_4' title="bbox 697 259 1732 303; baseline 0.007 -7"><span class='ocrx_word' id='word_1_8' title='bbox 697 262 902 298; x_wconf 73' lang='grc' dir='ltr'><strong>ΑΔΗΛΩΝ</strong></span> <span class='ocrx_word' id='word_1_9' title='bbox 928 262 1188 297; x_wconf 74' lang='grc' dir='ltr'><strong>ΔΡΑΜΑΤΩΝ</strong></span> <span class='ocrx_word' id='word_1_10' title='bbox 1647 259 1732 303; x_wconf 89' lang='grc'><em>193</em></span> 
     </span>
    </p>
   </div>
   <div class='ocr_carea' id='block_1_5' title="bbox 902 372 986 416">
    <p class='ocr_par' dir='ltr' id='par_1_5' title="bbox 902 372 986 416">
     <span class='ocr_line' id='line_1_5' title="bbox 902 372 986 416; baseline -0.024 0"><span class='ocrx_word' id='word_1_11' title='bbox 902 372 986 416; x_wconf 80' lang='grc'><em>657</em></span> 
     </span>
    </p>
   </div>
   <div class='ocr_carea' id='block_1_6' title="bbox 368 453 1455 585">
    <p class='ocr_par' dir='ltr' id='par_1_6' title="bbox 368 453 1455 585">
     <span class='ocr_line' id='line_1_6' title="bbox 369 453 1455 513; baseline -0.002 -13"><span class='ocrx_word' id='word_1_12' title='bbox 369 458 490 500; x_wconf 81' lang='grc' dir='ltr'><em>ἔστιν</em></span> <span class='ocrx_word' id='word_1_13' title='bbox 522 453 572 499; x_wconf 77' lang='grc' dir='ltr'><em>δὲ</em></span> <span class='ocrx_word' id='word_1_14' title='bbox 604 458 746 513; x_wconf 86' lang='grc' dir='ltr'><em>μήτηρ</em></span> <span class='ocrx_word' id='word_1_15' title='bbox 779 458 1041 511; x_wconf 81' lang='grc' dir='ltr'><em>φιλότεκνος</em></span> <span class='ocrx_word' id='word_1_16' title='bbox 1072 459 1242 511; x_wconf 86' lang='grc' dir='ltr'><em>μᾶλλον</em></span> <span class='ocrx_word' id='word_1_17' title='bbox 1273 457 1455 511; x_wconf 85' lang='grc' dir='ltr'><em>πατρός·</em></span> 
     </span>
     <span class='ocr_line' id='line_1_7' title="bbox 368 523 1422 585; baseline -0.003 -13"><span class='ocrx_word' id='word_1_18' title='bbox 368 528 396 585; x_wconf 84' lang='grc' dir='ltr'><em>ἡ</em></span> <span class='ocrx_word' id='word_1_19' title='bbox 428 526 509 585; x_wconf 74' lang='grc' dir='ltr'><em>μὲν</em></span> <span class='ocrx_word' id='word_1_20' title='bbox 540 528 626 584; x_wconf 84' lang='grc' dir='ltr'><em>γὰρ</em></span> <span class='ocrx_word' id='word_1_21' title='bbox 658 526 794 582; x_wconf 80' lang='grc' dir='ltr'><em>αὑτῆς</em></span> <span class='ocrx_word' id='word_1_22' title='bbox 825 523 949 570; x_wconf 82' lang='grc' dir='ltr'><em>οἶδεν</em></span> <span class='ocrx_word' id='word_1_23' title='bbox 981 524 1103 581; x_wconf 79' lang='grc' dir='ltr'><em>ὄνθ’,</em></span> <span class='ocrx_word' id='word_1_24' title='bbox 1137 526 1160 569; x_wconf 91' lang='grc' dir='ltr'>ὁ</span> <span class='ocrx_word' id='word_1_25' title='bbox 1194 525 1234 569; x_wconf 86' lang='grc' dir='ltr'><em>δ’</em></span> <span class='ocrx_word' id='word_1_26' title='bbox 1273 530 1422 570; x_wconf 73' lang='grc' dir='ltr'><em>οἴεται.</em></span> 
     </span>
    </p>
   </div>
   <div class='ocr_carea' id='block_1_7' title="bbox 154 613 1734 966">
    <p class='ocr_par' dir='ltr' id='par_1_7' title="bbox 154 613 1734 966">
     <span class='ocr_line' id='line_1_8' title="bbox 274 613 1731 666; baseline -0.001 -10"><span class='ocrx_word' id='word_1_27' title='bbox 274 616 472 656; x_wconf 77' lang='lat' dir='ltr'><strong>Stobaeus</strong></span> <span class='ocrx_word' id='word_1_28' title='bbox 510 615 649 656; x_wconf 86' lang='lat' dir='ltr'><strong>Floril.</strong></span> <span class='ocrx_word' id='word_1_29' title='bbox 686 616 758 666; x_wconf 83' lang='lat'><em>76,</em></span> <span class='ocrx_word' id='word_1_30' title='bbox 793 617 815 654; x_wconf 83' lang='lat'>7</span> <span class='ocrx_word' id='word_1_31' title='bbox 868 614 1118 666; x_wconf 81' lang='grc' dir='ltr'><em>Μενάνδρου</em></span> <span class='ocrx_word' id='word_1_32' title='bbox 1152 615 1200 654; x_wconf 90' lang='lat' dir='ltr'><em>A.</em></span> <span class='ocrx_word' id='word_1_33' title='bbox 1263 613 1394 653; x_wconf 78' lang='lat' dir='ltr'>Schol.</span> <span class='ocrx_word' id='word_1_34' title='bbox 1431 614 1546 653; x_wconf 89' lang='lat' dir='ltr'>Hom.</span> <span class='ocrx_word' id='word_1_35' title='bbox 1587 614 1659 654; x_wconf 86' lang='lat' dir='ltr'><em>Od.</em></span> <span class='ocrx_word' id='word_1_36' title='bbox 1697 618 1731 662; x_wconf 86' lang='lat'><em>1,</em></span> 
     </span>
     <span class='ocr_line' id='line_1_9' title="bbox 157 671 1733 728; baseline -0.001 -12"><span class='ocrx_word' id='word_1_37' title='bbox 157 677 240 716; x_wconf 84' lang='lat'><em>215</em></span> <span class='ocrx_word' id='word_1_38' title='bbox 275 674 568 728; x_wconf 80' lang='grc' dir='ltr'><em>Εὐριπίδης·</em></span> <span class='ocrx_word' id='word_1_39' title='bbox 605 673 732 726; x_wconf 80' lang='grc' dir='ltr'><em>μήτηρ</em></span> <span class='ocrx_word' id='word_1_40' title='bbox 764 676 842 713; x_wconf 80' lang='grc' dir='ltr'><strong><em>κτλ.</em></strong></span> <span class='ocrx_word' id='word_1_41' title='bbox 892 677 934 713; x_wconf 72' lang='lat' dir='ltr'><em>et</em></span> <span class='ocrx_word' id='word_1_42' title='bbox 965 673 1036 713; x_wconf 87' lang='lat' dir='ltr'><em>Od.</em></span> <span class='ocrx_word' id='word_1_43' title='bbox 1069 677 1109 725; x_wconf 89' lang='lat'><em>4,</em></span> <span class='ocrx_word' id='word_1_44' title='bbox 1142 676 1225 714; x_wconf 84' lang='lat'><em>387</em></span> <span class='ocrx_word' id='word_1_45' title='bbox 1267 671 1559 725; x_wconf 78' lang='grc' dir='ltr'><em>Εὐριπίδης·</em></span> <span class='ocrx_word' id='word_1_46' title='bbox 1597 672 1658 714; x_wconf 86' lang='grc' dir='ltr'><em>ἀεὶ</em></span> <span class='ocrx_word' id='word_1_47' title='bbox 1689 672 1733 714; x_wconf 84' lang='grc' dir='ltr'><em>δὲ</em></span> 
     </span>
     <span class='ocr_line' id='line_1_10' title="bbox 154 733 1733 788; baseline -0.002 -12"><span class='ocrx_word' id='word_1_48' title='bbox 154 735 281 788; x_wconf 83' lang='grc' dir='ltr'><em>μήτηρ</em></span> <span class='ocrx_word' id='word_1_49' title='bbox 305 738 383 776; x_wconf 85' lang='grc' dir='ltr'><strong><em>κτλ.</em></strong></span> <span class='ocrx_word' id='word_1_50' title='bbox 433 735 482 775; x_wconf 82' lang='lat' dir='ltr'><em>cf.</em></span> <span class='ocrx_word' id='word_1_51' title='bbox 509 735 695 774; x_wconf 73' lang='lat' dir='ltr'><strong>Eustath.</strong></span> <span class='ocrx_word' id='word_1_52' title='bbox 720 736 845 784; x_wconf 82' lang='lat'>1412,</span> <span class='ocrx_word' id='word_1_53' title='bbox 881 736 934 773; x_wconf 82' lang='lat'><em>14</em></span> <span class='ocrx_word' id='word_1_54' title='bbox 968 736 1008 773; x_wconf 74' lang='lat' dir='ltr'><em>et</em></span> <span class='ocrx_word' id='word_1_55' title='bbox 1040 746 1163 785; x_wconf 85' lang='lat' dir='ltr'><strong>supra</strong></span> <span class='ocrx_word' id='word_1_56' title='bbox 1193 734 1241 773; x_wconf 82' lang='lat' dir='ltr'><em>fr.</em></span> <span class='ocrx_word' id='word_1_57' title='bbox 1268 735 1365 773; x_wconf 85' lang='lat'><em>261.</em></span> <span class='ocrx_word' id='word_1_58' title='bbox 1430 737 1466 775; x_wconf 90' lang='lat'><em>1.</em></span> <span class='ocrx_word' id='word_1_59' title='bbox 1500 733 1733 784; x_wconf 84' lang='grc' dir='ltr'><em>φιλότεκνον</em></span> 
     </span>
     <span class='ocr_line' id='line_1_11' title="bbox 155 788 1728 846; baseline -0.001 -11"><span class='ocrx_word' id='word_1_60' title='bbox 155 797 196 835; x_wconf 85' lang='grc' dir='ltr'><em>Μ</em></span> <span class='ocrx_word' id='word_1_61' title='bbox 222 796 352 836; x_wconf 77' lang='lat' dir='ltr'><strong>Schol.</strong></span> <span class='ocrx_word' id='word_1_62' title='bbox 373 795 444 835; x_wconf 86' lang='lat' dir='ltr'><em>Od.</em></span> <span class='ocrx_word' id='word_1_63' title='bbox 471 795 699 846; x_wconf 74' lang='lat' dir='ltr'>utrubique.</span> <span class='ocrx_word' id='word_1_64' title='bbox 764 796 802 833; x_wconf 87' lang='lat'><em>2.</em></span> <span class='ocrx_word' id='word_1_65' title='bbox 834 789 943 834; x_wconf 87' lang='grc' dir='ltr'><em>οἶδεν</em></span> <span class='ocrx_word' id='word_1_66' title='bbox 974 790 1067 833; x_wconf 80' lang='grc' dir='ltr'><em>ὄνθ’</em></span> <span class='ocrx_word' id='word_1_67' title='bbox 1103 792 1310 843; x_wconf 69' lang='lat' dir='ltr'><strong>Eustath]</strong></span> <span class='ocrx_word' id='word_1_68' title='bbox 1349 788 1458 833; x_wconf 80' lang='grc' dir='ltr'><em>οἶδεν</em></span> <span class='ocrx_word' id='word_1_69' title='bbox 1488 793 1589 834; x_wconf 80' lang='grc' dir='ltr'><em>υἱόν.</em></span> <span class='ocrx_word' id='word_1_70' title='bbox 1652 789 1728 834; x_wconf 84' lang='grc' dir='ltr'><em>οἶδ’</em></span> 
     </span>
     <span class='ocr_line' id='line_1_12' title="bbox 155 848 1734 906; baseline -0.001 -11"><span class='ocrx_word' id='word_1_71' title='bbox 155 854 291 904; x_wconf 78' lang='grc' dir='ltr'><strong><em>ἐόντας</em></strong></span> <span class='ocrx_word' id='word_1_72' title='bbox 321 856 400 895; x_wconf 87' lang='grc' dir='ltr'><em>ΕΜ</em></span> <span class='ocrx_word' id='word_1_73' title='bbox 419 855 549 895; x_wconf 83' lang='lat' dir='ltr'><strong>Schol.</strong></span> <span class='ocrx_word' id='word_1_74' title='bbox 576 854 647 894; x_wconf 81' lang='lat' dir='ltr'><em>Od.</em></span> <span class='ocrx_word' id='word_1_75' title='bbox 684 857 719 894; x_wconf 93' lang='lat'><em>1.</em></span> <span class='ocrx_word' id='word_1_76' title='bbox 770 848 878 893; x_wconf 83' lang='grc' dir='ltr'><em>οἶδεν</em></span> <span class='ocrx_word' id='word_1_77' title='bbox 910 851 1033 906; x_wconf 75' lang='grc' dir='ltr'><em>αὐτῆς</em></span> <span class='ocrx_word' id='word_1_78' title='bbox 1065 851 1158 893; x_wconf 76' lang='grc' dir='ltr'><em>ὄντα</em></span> <span class='ocrx_word' id='word_1_79' title='bbox 1188 854 1229 892; x_wconf 91' lang='grc' dir='ltr'>Μ</span> <span class='ocrx_word' id='word_1_80' title='bbox 1249 852 1380 892; x_wconf 77' lang='lat' dir='ltr'>Schol.</span> <span class='ocrx_word' id='word_1_81' title='bbox 1408 852 1480 893; x_wconf 83' lang='lat' dir='ltr'><em>od.</em></span> <span class='ocrx_word' id='word_1_82' title='bbox 1502 855 1540 892; x_wconf 92' lang='grc'><em>4.</em></span> <span class='ocrx_word' id='word_1_83' title='bbox 1575 876 1628 880; x_wconf 90' lang='grc'><strong>-</strong></span> <span class='ocrx_word' id='word_1_84' title='bbox 1661 867 1734 893; x_wconf 80' lang='lat' dir='ltr'><em>cur</em></span> 
     </span>
     <span class='ocr_line' id='line_1_13' title="bbox 155 912 1732 966; baseline -0.001 -11"><span class='ocrx_word' id='word_1_85' title='bbox 155 929 224 956; x_wconf 81' lang='lat' dir='ltr'><em>eos</em></span> <span class='ocrx_word' id='word_1_86' title='bbox 254 928 395 956; x_wconf 86' lang='lat' dir='ltr'><strong>versus</strong></span> <span class='ocrx_word' id='word_1_87' title='bbox 426 916 477 955; x_wconf 81' lang='lat' dir='ltr'><em>ab</em></span> <span class='ocrx_word' id='word_1_88' title='bbox 502 917 673 966; x_wconf 75' lang='lat' dir='ltr'><strong>utroque</strong></span> <span class='ocrx_word' id='word_1_89' title='bbox 693 916 814 966; x_wconf 78' lang='lat' dir='ltr'><strong>poeta</strong></span> <span class='ocrx_word' id='word_1_90' title='bbox 838 914 1026 965; x_wconf 83' lang='lat' dir='ltr'><strong>usurpari</strong></span> <span class='ocrx_word' id='word_1_91' title='bbox 1051 914 1230 965; x_wconf 77' lang='lat' dir='ltr'><strong>potuisse</strong></span> <span class='ocrx_word' id='word_1_92' title='bbox 1262 915 1383 965; x_wconf 79' lang='lat' dir='ltr'>neget</span> <span class='ocrx_word' id='word_1_93' title='bbox 1410 912 1504 954; x_wconf 86' lang='lat' dir='ltr'>Cob.</span> <span class='ocrx_word' id='word_1_94' title='bbox 1518 914 1567 953; x_wconf 89' lang='lat' dir='ltr'><em>N.</em></span> <span class='ocrx_word' id='word_1_95' title='bbox 1581 914 1607 953; x_wconf 90' lang='lat'><em>1.</em></span> <span class='ocrx_word' id='word_1_96' title='bbox 1623 916 1690 953; x_wconf 82' lang='lat'><em>53.</em></span> <span class='ocrx_word' id='word_1_97' title='bbox 1706 916 1732 953; x_wconf 89' lang='grc'>4</span> 
     </span>
    </p>
   </div>
   <div class='ocr_carea' id='block_1_8' title="bbox 154 976 392 1016">
    <p class='ocr_par' dir='ltr' id='par_1_8' title="bbox 154 976 392 1016">
     <span class='ocr_line' id='line_1_14' title="bbox 154 976 392 1016; baseline -0.004 0"><span class='ocrx_word' id='word_1_98' title='bbox 154 988 233 1016; x_wconf 87' lang='lat' dir='ltr'><em>non</em></span> <span class='ocrx_word' id='word_1_99' title='bbox 263 976 392 1016; x_wconf 86' lang='lat' dir='ltr'><strong>video.</strong></span> 
     </span>
    </p>
   </div>
   <div class='ocr_carea' id='block_1_9' title="bbox 277 1056 1653 1346">
    <p class='ocr_par' dir='ltr' id='par_1_9' title="bbox 277 1056 1653 1346">
     <span class='ocr_line' id='line_1_15' title="bbox 903 1056 989 1100; baseline 0.012 -1"><span class='ocrx_word' id='word_1_100' title='bbox 903 1056 989 1100; x_wconf 85' lang='lat'><em>658</em></span> 
     </span>
     <span class='ocr_line' id='line_1_16' title="bbox 360 1124 1429 1186; baseline -0.003 -15"><span class='ocrx_word' id='word_1_101' title='bbox 360 1128 575 1186; x_wconf 73' lang='grc' dir='ltr'><em>’θυγάτηρ</em></span> <span class='ocrx_word' id='word_1_102' title='bbox 609 1127 834 1184; x_wconf 77' lang='grc' dir='ltr'><strong><em>ἐπίγαμος,</em></strong></span> <span class='ocrx_word' id='word_1_103' title='bbox 866 1125 951 1170; x_wconf 76' lang='grc' dir='ltr'><em>κᾶν</em></span> <span class='ocrx_word' id='word_1_104' title='bbox 984 1127 1098 1178; x_wconf 80' lang='grc' dir='ltr'><em>ὅλως</em></span> <span class='ocrx_word' id='word_1_105' title='bbox 1129 1124 1270 1182; x_wconf 79' lang='grc' dir='ltr'><em>μηδὲν</em></span> <span class='ocrx_word' id='word_1_106' title='bbox 1302 1129 1429 1183; x_wconf 73' lang='grc' dir='ltr'><strong><em>λαλῇ,</em></strong></span> 
     </span>
     <span class='ocr_line' id='line_1_17' title="bbox 371 1197 1438 1256; baseline -0.002 -13"><span class='ocrx_word' id='word_1_107' title='bbox 371 1200 446 1243; x_wconf 81' lang='grc' dir='ltr'><em>διὰ</em></span> <span class='ocrx_word' id='word_1_108' title='bbox 476 1206 558 1243; x_wconf 88' lang='grc' dir='ltr'><em>τοῦ</em></span> <span class='ocrx_word' id='word_1_109' title='bbox 590 1205 764 1243; x_wconf 83' lang='grc' dir='ltr'><em>σιωπᾶν</em></span> <span class='ocrx_word' id='word_1_110' title='bbox 795 1202 978 1242; x_wconf 79' lang='grc' dir='ltr'><em>πλεῖστα</em></span> <span class='ocrx_word' id='word_1_111' title='bbox 1009 1197 1110 1256; x_wconf 88' lang='grc' dir='ltr'><em>περὶ</em></span> <span class='ocrx_word' id='word_1_112' title='bbox 1142 1198 1278 1254; x_wconf 80' lang='grc' dir='ltr'><em>αὑτῆς</em></span> <span class='ocrx_word' id='word_1_113' title='bbox 1309 1197 1438 1253; x_wconf 81' lang='grc' dir='ltr'><em>λέγει.</em></span> 
     </span>
     <span class='ocr_line' id='line_1_18' title="bbox 277 1283 1653 1346; baseline -0.002 -18"><span class='ocrx_word' id='word_1_114' title='bbox 277 1287 476 1328; x_wconf 61' lang='grc' dir='ltr'><em>ὃὺοῦαθιιε</em></span> <span class='ocrx_word' id='word_1_115' title='bbox 508 1287 646 1327; x_wconf 85' lang='lat' dir='ltr'><strong>Floril.</strong></span> <span class='ocrx_word' id='word_1_116' title='bbox 681 1290 747 1346; x_wconf 67' lang='grc'><em>77,</em></span> <span class='ocrx_word' id='word_1_117' title='bbox 782 1288 806 1326; x_wconf 83' lang='grc'>2</span> <span class='ocrx_word' id='word_1_118' title='bbox 841 1286 1090 1339; x_wconf 79' lang='grc' dir='ltr'><em>Μενάνδρου</em></span> <span class='ocrx_word' id='word_1_119' title='bbox 1121 1287 1170 1325; x_wconf 92' lang='grc' dir='ltr'><em>Α.</em></span> <span class='ocrx_word' id='word_1_120' title='bbox 1236 1288 1272 1326; x_wconf 91' lang='grc'><em>1.</em></span> <span class='ocrx_word' id='word_1_121' title='bbox 1306 1284 1422 1336; x_wconf 82' lang='grc' dir='ltr'><em>ὅλως]</em></span> <span class='ocrx_word' id='word_1_122' title='bbox 1456 1283 1573 1333; x_wconf 70' lang='grc' dir='ltr'><strong><em>ἄλλος</em></strong></span> <span class='ocrx_word' id='word_1_123' title='bbox 1604 1286 1653 1325; x_wconf 93' lang='lat' dir='ltr'><em>A.</em></span> 
     </span>
    </p>
   </div>
   <div class='ocr_carea' id='block_1_10' title="bbox 159 1404 1737 1748">
    <p class='ocr_par' dir='ltr' id='par_1_10' title="bbox 159 1404 1737 1748">
     <span class='ocr_line' id='line_1_19' title="bbox 905 1404 1446 1447; baseline -0.006 -1"><span class='ocrx_word' id='word_1_124' title='bbox 905 1404 991 1447; x_wconf 87' lang='lat'><em>659</em></span> <span class='ocrx_word' id='word_1_125' title='bbox 1419 1416 1446 1443; x_wconf 62' lang='lat' dir='ltr'><strong><em>t</em></strong></span> 
     </span>
     <span class='ocr_line' id='line_1_20' title="bbox 371 1473 1363 1532; baseline 0 -14"><span class='ocrx_word' id='word_1_126' title='bbox 371 1473 512 1532; x_wconf 70' lang='grc' dir='ltr'><em>μηδὲν</em></span> <span class='ocrx_word' id='word_1_127' title='bbox 545 1474 688 1518; x_wconf 81' lang='grc' dir='ltr'><em>ὀδύνα</em></span> <span class='ocrx_word' id='word_1_128' title='bbox 720 1475 800 1518; x_wconf 87' lang='grc' dir='ltr'><em>τὸν</em></span> <span class='ocrx_word' id='word_1_129' title='bbox 831 1474 998 1530; x_wconf 83' lang='grc' dir='ltr'><em>πατέρα</em></span> <span class='ocrx_word' id='word_1_130' title='bbox 1028 1475 1264 1530; x_wconf 75' lang='grc' dir='ltr'><em>γινώσκων</em></span> <span class='ocrx_word' id='word_1_131' title='bbox 1296 1474 1363 1518; x_wconf 85' lang='grc' dir='ltr'><em>ὅτι</em></span> 
     </span>
     <span class='ocr_line' id='line_1_21' title="bbox 349 1544 1443 1603; baseline -0.002 -12"><span class='ocrx_word' id='word_1_132' title='bbox 349 1547 396 1598; x_wconf 49' lang='grc' dir='ltr'><em>,ὁ</em></span> <span class='ocrx_word' id='word_1_133' title='bbox 428 1546 638 1603; x_wconf 84' lang='grc' dir='ltr'><em>μέγιστον</em></span> <span class='ocrx_word' id='word_1_134' title='bbox 669 1547 852 1603; x_wconf 79' lang='grc' dir='ltr'><em>ἀγαπῶν</em></span> <span class='ocrx_word' id='word_1_135' title='bbox 886 1544 946 1590; x_wconf 85' lang='grc' dir='ltr'><em>δι’</em></span> <span class='ocrx_word' id='word_1_136' title='bbox 983 1545 1176 1603; x_wconf 82' lang='grc' dir='ltr'><em>ἐλάχιστ’</em></span> <span class='ocrx_word' id='word_1_137' title='bbox 1214 1546 1443 1602; x_wconf 79' lang='grc' dir='ltr'><em>ὀργίζεται.</em></span> 
     </span>
     <span class='ocr_line' id='line_1_22' title="bbox 277 1631 1737 1687; baseline 0 -13"><span class='ocrx_word' id='word_1_138' title='bbox 277 1635 475 1674; x_wconf 74' lang='lat' dir='ltr'><strong>Stobaeus</strong></span> <span class='ocrx_word' id='word_1_139' title='bbox 507 1635 647 1675; x_wconf 86' lang='lat' dir='ltr'><strong>Floril.</strong></span> <span class='ocrx_word' id='word_1_140' title='bbox 681 1637 748 1685; x_wconf 84' lang='lat'><em>79,</em></span> <span class='ocrx_word' id='word_1_141' title='bbox 785 1637 836 1675; x_wconf 89' lang='lat'><em>18</em></span> <span class='ocrx_word' id='word_1_142' title='bbox 869 1634 1116 1687; x_wconf 78' lang='grc' dir='ltr'><em>Μενάνδρου</em></span> <span class='ocrx_word' id='word_1_143' title='bbox 1149 1634 1196 1673; x_wconf 90' lang='grc' dir='ltr'><em>Α.</em></span> <span class='ocrx_word' id='word_1_144' title='bbox 1282 1637 1317 1673; x_wconf 95' lang='grc'><em>1.</em></span> <span class='ocrx_word' id='word_1_145' title='bbox 1349 1631 1474 1686; x_wconf 79' lang='grc' dir='ltr'><em>μηδὲν</em></span> <span class='ocrx_word' id='word_1_146' title='bbox 1511 1632 1638 1674; x_wconf 82' lang='grc' dir='ltr'><em>ὀδύνα</em></span> <span class='ocrx_word' id='word_1_147' title='bbox 1669 1634 1737 1675; x_wconf 87' lang='grc' dir='ltr'><em>τὸν</em></span> 
     </span>
     <span class='ocr_line' id='line_1_23' title="bbox 159 1692 1737 1748; baseline 0 -13"><span class='ocrx_word' id='word_1_148' title='bbox 159 1694 307 1746; x_wconf 73' lang='lat' dir='ltr'><strong>Bentl]</strong></span> <span class='ocrx_word' id='word_1_149' title='bbox 340 1692 466 1747; x_wconf 81' lang='grc' dir='ltr'><em>μηδὲν</em></span> <span class='ocrx_word' id='word_1_150' title='bbox 497 1693 699 1734; x_wconf 83' lang='grc' dir='ltr'><em>ἀδύνατον</em></span> <span class='ocrx_word' id='word_1_151' title='bbox 730 1695 778 1734; x_wconf 88' lang='grc' dir='ltr'><em>Α.</em></span> <span class='ocrx_word' id='word_1_152' title='bbox 843 1697 880 1734; x_wconf 82' lang='lat'><em>2.</em></span> <span class='ocrx_word' id='word_1_153' title='bbox 913 1692 934 1734; x_wconf 86' lang='grc' dir='ltr'><em>ὅ</em></span> <span class='ocrx_word' id='word_1_154' title='bbox 966 1708 1041 1734; x_wconf 90' lang='lat' dir='ltr'><em>om.</em></span> <span class='ocrx_word' id='word_1_155' title='bbox 1073 1695 1121 1734; x_wconf 93' lang='lat' dir='ltr'><em>A.</em></span> <span class='ocrx_word' id='word_1_156' title='bbox 1171 1692 1352 1747; x_wconf 84' lang='grc' dir='ltr'><em>μέγιστον</em></span> <span class='ocrx_word' id='word_1_157' title='bbox 1384 1693 1533 1745; x_wconf 57' lang='lat' dir='ltr'>Bona]</span> <span class='ocrx_word' id='word_1_158' title='bbox 1577 1692 1737 1748; x_wconf 78' lang='grc' dir='ltr'><em>μέγιστ’.</em></span> 
     </span>
    </p>
   </div>
   <div class='ocr_carea' id='block_1_11' title="bbox 159 1751 1737 1870">
    <p class='ocr_par' dir='ltr' id='par_1_11' title="bbox 159 1751 1737 1870">
     <span class='ocr_line' id='line_1_24' title="bbox 159 1751 1737 1809; baseline -0.001 -14"><span class='ocrx_word' id='word_1_159' title='bbox 159 1752 180 1795; x_wconf 84' lang='grc' dir='ltr'>ὁ</span> <span class='ocrx_word' id='word_1_160' title='bbox 217 1757 397 1795; x_wconf 84' lang='grc' dir='ltr'><em>πλεῖστον</em></span> <span class='ocrx_word' id='word_1_161' title='bbox 440 1753 501 1808; x_wconf 83' lang='grc' dir='ltr'><em>άγ.</em></span> <span class='ocrx_word' id='word_1_162' title='bbox 538 1755 604 1795; x_wconf 82' lang='lat' dir='ltr'><em>vel</em></span> <span class='ocrx_word' id='word_1_163' title='bbox 646 1752 667 1794; x_wconf 87' lang='grc' dir='ltr'>ὀ</span> <span class='ocrx_word' id='word_1_164' title='bbox 704 1751 851 1794; x_wconf 83' lang='grc' dir='ltr'><em>πλεῖστ’</em></span> <span class='ocrx_word' id='word_1_165' title='bbox 894 1753 955 1808; x_wconf 80' lang='grc' dir='ltr'><em>άγ.</em></span> <span class='ocrx_word' id='word_1_166' title='bbox 994 1753 1060 1793; x_wconf 81' lang='grc' dir='ltr'><em>καὶ</em></span> <span class='ocrx_word' id='word_1_167' title='bbox 1093 1755 1211 1794; x_wconf 87' lang='lat' dir='ltr'><strong>Mein.</strong></span> <span class='ocrx_word' id='word_1_168' title='bbox 1244 1754 1355 1794; x_wconf 74' lang='lat' dir='ltr'><strong>Stob.</strong></span> <span class='ocrx_word' id='word_1_169' title='bbox 1387 1754 1448 1793; x_wconf 85' lang='grc' dir='ltr'><em>ΙΙΙ</em></span> <span class='ocrx_word' id='word_1_170' title='bbox 1481 1768 1594 1795; x_wconf 85' lang='lat' dir='ltr'>xvu1.</span> <span class='ocrx_word' id='word_1_171' title='bbox 1652 1751 1737 1809; x_wconf 86' lang='grc' dir='ltr'><em>(καὶ</em></span> 
     </span>
     <span class='ocr_line' id='line_1_25' title="bbox 159 1810 822 1870; baseline -0.002 -15"><span class='ocrx_word' id='word_1_172' title='bbox 159 1810 292 1870; x_wconf 76' lang='lat' dir='ltr'>Grot.)</span> <span class='ocrx_word' id='word_1_173' title='bbox 325 1812 346 1855; x_wconf 87' lang='grc' dir='ltr'><em>ὅ</em></span> <span class='ocrx_word' id='word_1_174' title='bbox 378 1814 578 1867; x_wconf 82' lang='grc' dir='ltr'><em>μάλιστά</em></span> <span class='ocrx_word' id='word_1_175' title='bbox 609 1811 644 1854; x_wconf 88' lang='grc' dir='ltr'><em>σ’</em></span> <span class='ocrx_word' id='word_1_176' title='bbox 680 1813 741 1868; x_wconf 80' lang='grc' dir='ltr'><em>ἀγ.</em></span> <span class='ocrx_word' id='word_1_177' title='bbox 773 1815 822 1854; x_wconf 89' lang='grc' dir='ltr'><em>Κ.</em></span> 
     </span>
    </p>
   </div>
   <div class='ocr_carea' id='block_1_12' title="bbox 281 1931 1736 2215">
    <p class='ocr_par' dir='ltr' id='par_1_12' title="bbox 281 1931 1736 2215">
     <span class='ocr_line' id='line_1_26' title="bbox 908 1931 995 1974; baseline 0 0"><span class='ocrx_word' id='word_1_178' title='bbox 908 1931 995 1974; x_wconf 88' lang='grc'><em>660</em></span> 
     </span>
     <span class='ocr_line' id='line_1_27' title="bbox 376 1999 1380 2059; baseline 0 -13"><span class='ocrx_word' id='word_1_179' title='bbox 376 2003 458 2046; x_wconf 83' lang='grc' dir='ltr'><em>οὐκ</em></span> <span class='ocrx_word' id='word_1_180' title='bbox 490 1999 578 2046; x_wconf 84' lang='grc' dir='ltr'><em>ἔστ’</em></span> <span class='ocrx_word' id='word_1_181' title='bbox 614 2001 799 2059; x_wconf 75' lang='grc' dir='ltr'><em>ἅκουσμ’</em></span> <span class='ocrx_word' id='word_1_182' title='bbox 837 2003 968 2058; x_wconf 78' lang='grc' dir='ltr'><em>ἥδιον</em></span> <span class='ocrx_word' id='word_1_183' title='bbox 1000 2002 1026 2058; x_wconf 77' lang='grc' dir='ltr'><em>ἢ</em></span> <span class='ocrx_word' id='word_1_184' title='bbox 1060 2002 1218 2059; x_wconf 78' lang='grc' dir='ltr'><em>ῥηθεὶς</em></span> <span class='ocrx_word' id='word_1_185' title='bbox 1247 2005 1380 2059; x_wconf 80' lang='grc' dir='ltr'><em>λόγος</em></span> 
     </span>
     <span class='ocr_line' id='line_1_28' title="bbox 374 2075 1323 2132; baseline 0 -14"><span class='ocrx_word' id='word_1_186' title='bbox 374 2075 539 2132; x_wconf 79' lang='grc' dir='ltr'><em>πατρὸς</em></span> <span class='ocrx_word' id='word_1_187' title='bbox 569 2075 680 2132; x_wconf 80' lang='grc' dir='ltr'><em>πρὸς</em></span> <span class='ocrx_word' id='word_1_188' title='bbox 710 2075 812 2118; x_wconf 76' lang='grc' dir='ltr'><em>υἱὸν</em></span> <span class='ocrx_word' id='word_1_189' title='bbox 843 2075 1060 2131; x_wconf 85' lang='grc' dir='ltr'><em>περιέχων</em></span> <span class='ocrx_word' id='word_1_190' title='bbox 1093 2075 1323 2131; x_wconf 83' lang='grc' dir='ltr'><em>ἐγκώμιον.</em></span> 
     </span>
     <span class='ocr_line' id='line_1_29' title="bbox 281 2162 1736 2215; baseline -0.001 -13"><span class='ocrx_word' id='word_1_191' title='bbox 281 2162 478 2202; x_wconf 79' lang='lat' dir='ltr'><strong>Stobaeus</strong></span> <span class='ocrx_word' id='word_1_192' title='bbox 509 2162 648 2202; x_wconf 83' lang='lat' dir='ltr'><strong>Floril.</strong></span> <span class='ocrx_word' id='word_1_193' title='bbox 682 2164 749 2212; x_wconf 71' lang='lat'><em>83,</em></span> <span class='ocrx_word' id='word_1_194' title='bbox 786 2165 805 2201; x_wconf 92' lang='lat'>1</span> <span class='ocrx_word' id='word_1_195' title='bbox 854 2162 1102 2215; x_wconf 88' lang='grc' dir='ltr'><em>Μενάνδρου</em></span> <span class='ocrx_word' id='word_1_196' title='bbox 1135 2164 1180 2202; x_wconf 92' lang='grc' dir='ltr'><em>Α.</em></span> <span class='ocrx_word' id='word_1_197' title='bbox 1224 2183 1273 2189; x_wconf 93' lang='grc'>-</span> <span class='ocrx_word' id='word_1_198' title='bbox 1316 2164 1340 2203; x_wconf 88' lang='lat' dir='ltr'><em>i.</em></span> <span class='ocrx_word' id='word_1_199' title='bbox 1374 2177 1404 2202; x_wconf 82' lang='lat' dir='ltr'><em>e.</em></span> <span class='ocrx_word' id='word_1_200' title='bbox 1444 2176 1561 2213; x_wconf 83' lang='lat' dir='ltr'><strong>quam</strong></span> <span class='ocrx_word' id='word_1_201' title='bbox 1608 2174 1736 2202; x_wconf 85' lang='lat' dir='ltr'><strong>sermo</strong></span> 
     </span>
    </p>
   </div>
   <div class='ocr_carea' id='block_1_13' title="bbox 159 2222 1735 2323">
    <p class='ocr_par' dir='ltr' id='par_1_13' title="bbox 159 2222 1735 2323">
     <span class='ocr_line' id='line_1_30' title="bbox 161 2222 1735 2273; baseline -0.001 -11"><span class='ocrx_word' id='word_1_202' title='bbox 161 2235 292 2262; x_wconf 84' lang='lat' dir='ltr'>coram</span> <span class='ocrx_word' id='word_1_203' title='bbox 317 2222 398 2262; x_wconf 90' lang='lat' dir='ltr'>filio</span> <span class='ocrx_word' id='word_1_204' title='bbox 418 2222 582 2270; x_wconf 63' lang='lat' dir='ltr'><strong>habissus</strong></span> <span class='ocrx_word' id='word_1_205' title='bbox 614 2222 742 2273; x_wconf 76' lang='lat' dir='ltr'>patris</span> <span class='ocrx_word' id='word_1_206' title='bbox 768 2222 908 2262; x_wconf 82' lang='lat' dir='ltr'><strong>laudes</strong></span> <span class='ocrx_word' id='word_1_207' title='bbox 936 2223 1155 2262; x_wconf 76' lang='lat' dir='ltr'>continens.</span> <span class='ocrx_word' id='word_1_208' title='bbox 1206 2235 1345 2262; x_wconf 88' lang='lat' dir='ltr'>moneo</span> <span class='ocrx_word' id='word_1_209' title='bbox 1372 2225 1511 2262; x_wconf 75' lang='lat' dir='ltr'>contra</span> <span class='ocrx_word' id='word_1_210' title='bbox 1531 2223 1735 2262; x_wconf 75' lang='lat' dir='ltr'>Hel-werd.</span> 
     </span>
     <span class='ocr_line' id='line_1_31' title="bbox 159 2282 673 2323; baseline -0.002 0"><span class='ocrx_word' id='word_1_211' title='bbox 159 2283 260 2323; x_wconf 88' lang='lat' dir='ltr'>Nov.</span> <span class='ocrx_word' id='word_1_212' title='bbox 293 2283 381 2322; x_wconf 89' lang='lat' dir='ltr'><strong>add.</strong></span> <span class='ocrx_word' id='word_1_213' title='bbox 414 2282 501 2322; x_wconf 76' lang='lat' dir='ltr'>crit.</span> <span class='ocrx_word' id='word_1_214' title='bbox 534 2284 603 2322; x_wconf 88' lang='lat'><em>41.</em></span> <span class='ocrx_word' id='word_1_215' title='bbox 637 2284 673 2322; x_wconf 83' lang='lat'><em>2.</em></span> 
     </span>
    </p>
   </div>
   <div class='ocr_carea' id='block_1_14' title="bbox 163 2364 1731 2706">
    <p class='ocr_par' dir='ltr' id='par_1_14' title="bbox 163 2364 1731 2706">
     <span class='ocr_line' id='line_1_32' title="bbox 909 2364 993 2407; baseline 0 -1"><span class='ocrx_word' id='word_1_216' title='bbox 909 2364 993 2407; x_wconf 89' lang='lat'><em>661</em></span> 
     </span>
     <span class='ocr_line' id='line_1_33' title="bbox 377 2432 1383 2495; baseline 0 -17"><span class='ocrx_word' id='word_1_217' title='bbox 377 2433 580 2478; x_wconf 86' lang='grc' dir='ltr'><em>οὐδέποτ’</em></span> <span class='ocrx_word' id='word_1_218' title='bbox 619 2432 785 2490; x_wconf 70' lang='grc' dir='ltr'><em>ἀληθὲς</em></span> <span class='ocrx_word' id='word_1_219' title='bbox 817 2432 953 2478; x_wconf 76' lang='grc' dir='ltr'><em>οὐδὲν</em></span> <span class='ocrx_word' id='word_1_220' title='bbox 985 2432 1090 2478; x_wconf 82' lang='grc' dir='ltr'><em>οὔθ’</em></span> <span class='ocrx_word' id='word_1_221' title='bbox 1125 2436 1209 2495; x_wconf 75' lang='grc' dir='ltr'><em>υἱῷ</em></span> <span class='ocrx_word' id='word_1_222' title='bbox 1242 2436 1383 2490; x_wconf 86' lang='grc' dir='ltr'><em>πατὴρ</em></span> 
     </span>
     <span class='ocr_line' id='line_1_34' title="bbox 377 2505 1259 2566; baseline 0.001 -16"><span class='ocrx_word' id='word_1_223' title='bbox 377 2505 502 2551; x_wconf 78' lang='grc' dir='ltr'><em>εἴωθ’</em></span> <span class='ocrx_word' id='word_1_224' title='bbox 539 2508 736 2551; x_wconf 81' lang='grc' dir='ltr'><em>ἀπειλεῖν</em></span> <span class='ocrx_word' id='word_1_225' title='bbox 768 2505 864 2550; x_wconf 79' lang='grc' dir='ltr'><em>οὔτ’</em></span> <span class='ocrx_word' id='word_1_226' title='bbox 900 2508 1015 2564; x_wconf 81' lang='grc' dir='ltr'><em>ἐρῶν</em></span> <span class='ocrx_word' id='word_1_227' title='bbox 1048 2508 1259 2566; x_wconf 82' lang='grc' dir='ltr'><em>ἐρωμένῃ.</em></span> 
     </span>
     <span class='ocr_line' id='line_1_35' title="bbox 283 2589 1731 2650; baseline -0.002 -16"><span class='ocrx_word' id='word_1_228' title='bbox 283 2595 481 2635; x_wconf 68' lang='lat' dir='ltr'><strong>Stobaeus</strong></span> <span class='ocrx_word' id='word_1_229' title='bbox 506 2595 643 2635; x_wconf 87' lang='lat' dir='ltr'><strong>Floril.</strong></span> <span class='ocrx_word' id='word_1_230' title='bbox 664 2597 732 2647; x_wconf 88' lang='lat'><em>83,</em></span> <span class='ocrx_word' id='word_1_231' title='bbox 755 2597 778 2634; x_wconf 84' lang='lat'><strong>2</strong></span> <span class='ocrx_word' id='word_1_232' title='bbox 812 2601 883 2635; x_wconf 84' lang='grc' dir='ltr'><em>τοῦ</em></span> <span class='ocrx_word' id='word_1_233' title='bbox 915 2594 1038 2636; x_wconf 83' lang='grc' dir='ltr'><em>αὐτοῦ</em></span> <span class='ocrx_word' id='word_1_234' title='bbox 1073 2591 1338 2650; x_wconf 80' lang='grc' dir='ltr'><em>(Μενάνδρου</em></span> <span class='ocrx_word' id='word_1_235' title='bbox 1364 2591 1406 2647; x_wconf 90' lang='grc'><em>1)</em></span> <span class='ocrx_word' id='word_1_236' title='bbox 1433 2595 1479 2633; x_wconf 90' lang='lat' dir='ltr'><em>A.</em></span> <span class='ocrx_word' id='word_1_237' title='bbox 1551 2596 1588 2631; x_wconf 85' lang='lat'><em>2.</em></span> <span class='ocrx_word' id='word_1_238' title='bbox 1620 2589 1731 2631; x_wconf 77' lang='grc' dir='ltr'><em>εἴωθ’</em></span> 
     </span>
     <span class='ocr_line' id='line_1_36' title="bbox 163 2654 503 2706; baseline 0.003 -12"><span class='ocrx_word' id='word_1_239' title='bbox 163 2654 312 2706; x_wconf 66' lang='grc' dir='ltr'><em>Βθῐιῒλ]</em></span> <span class='ocrx_word' id='word_1_240' title='bbox 347 2654 503 2695; x_wconf 81' lang='grc' dir='ltr'><em>εἴωθεν.</em></span> 
     </span>
    </p>
   </div>
   <div class='ocr_carea' id='block_1_15' title="bbox 342 2737 1618 2936">
    <p class='ocr_par' dir='ltr' id='par_1_15' title="bbox 342 2737 1618 2936">
     <span class='ocr_line' id='line_1_37' title="bbox 909 2737 995 2779; baseline -0.012 0"><span class='ocrx_word' id='word_1_241' title='bbox 909 2737 995 2779; x_wconf 81' lang='grc'><em>662</em></span> 
     </span>
     <span class='ocr_line' id='line_1_38' title="bbox 344 2807 1409 2865; baseline -0.001 -15"><span class='ocrx_word' id='word_1_242' title='bbox 344 2808 365 2850; x_wconf 85' lang='grc' dir='ltr'>ὁ</span> <span class='ocrx_word' id='word_1_243' title='bbox 398 2808 693 2863; x_wconf 81' lang='grc' dir='ltr'><em>σκληρότατος</em></span> <span class='ocrx_word' id='word_1_244' title='bbox 723 2808 834 2865; x_wconf 79' lang='grc' dir='ltr'><em>πρὸς</em></span> <span class='ocrx_word' id='word_1_245' title='bbox 864 2808 969 2851; x_wconf 86' lang='grc' dir='ltr'><em>υίὸν</em></span> <span class='ocrx_word' id='word_1_246' title='bbox 1001 2807 1050 2850; x_wconf 85' lang='grc' dir='ltr'><em>ἐν</em></span> <span class='ocrx_word' id='word_1_247' title='bbox 1079 2812 1140 2865; x_wconf 79' lang='grc' dir='ltr'><em>τῷ</em></span> <span class='ocrx_word' id='word_1_248' title='bbox 1173 2810 1409 2849; x_wconf 81' lang='grc' dir='ltr'><em>νουθετεῖν</em></span> 
     </span>
     <span class='ocr_line' id='line_1_39' title="bbox 342 2876 1618 2936; baseline -0.002 -16"><span class='ocrx_word' id='word_1_249' title='bbox 342 2885 436 2928; x_wconf 79' lang='grc' dir='ltr'><em>τοῖς</em></span> <span class='ocrx_word' id='word_1_250' title='bbox 466 2876 549 2934; x_wconf 78' lang='grc' dir='ltr'><em>μὲν</em></span> <span class='ocrx_word' id='word_1_251' title='bbox 580 2880 729 2934; x_wconf 78' lang='grc' dir='ltr'><em>λόγοις</em></span> <span class='ocrx_word' id='word_1_252' title='bbox 759 2881 915 2936; x_wconf 82' lang='grc' dir='ltr'><em>πικρός</em></span> <span class='ocrx_word' id='word_1_253' title='bbox 946 2879 1051 2932; x_wconf 83' lang='grc' dir='ltr'><em>ἐστι,</em></span> <span class='ocrx_word' id='word_1_254' title='bbox 1083 2885 1175 2928; x_wconf 81' lang='grc' dir='ltr'><em>τοῖς</em></span> <span class='ocrx_word' id='word_1_255' title='bbox 1208 2876 1248 2919; x_wconf 91' lang='grc' dir='ltr'><em>δ’</em></span> <span class='ocrx_word' id='word_1_256' title='bbox 1286 2879 1432 2933; x_wconf 82' lang='grc' dir='ltr'><em>ἔργοις</em></span> <span class='ocrx_word' id='word_1_257' title='bbox 1463 2878 1618 2932; x_wconf 79' lang='grc' dir='ltr'><em>πατήρ.</em></span> 
     </span>
    </p>
   </div>
   <div class='ocr_carea' id='block_1_16' title="bbox 238 2965 1450 3073">
    <p class='ocr_par' dir='ltr' id='par_1_16' title="bbox 238 2965 1450 3073">
     <span class='ocr_line' id='line_1_40' title="bbox 283 2965 1175 3018; baseline 0 -14"><span class='ocrx_word' id='word_1_258' title='bbox 283 2965 482 3005; x_wconf 73' lang='lat' dir='ltr'><strong>Stobaeus</strong></span> <span class='ocrx_word' id='word_1_259' title='bbox 514 2966 648 3005; x_wconf 83' lang='lat' dir='ltr'>Floril.</span> <span class='ocrx_word' id='word_1_260' title='bbox 684 2968 752 3018; x_wconf 84' lang='lat'><em>83,</em></span> <span class='ocrx_word' id='word_1_261' title='bbox 785 2969 810 3006; x_wconf 85' lang='lat'>4</span> <span class='ocrx_word' id='word_1_262' title='bbox 847 2966 1095 3017; x_wconf 86' lang='grc' dir='ltr'><em>Μενάνδρου</em></span> <span class='ocrx_word' id='word_1_263' title='bbox 1129 2966 1175 3004; x_wconf 90' lang='grc' dir='ltr'><em>Α.</em></span> 
     </span>
     <span class='ocr_line' id='line_1_41' title="bbox 238 3035 1450 3073; baseline 0.001 -9"><span class='ocrx_word' id='word_1_264' title='bbox 238 3038 353 3065; x_wconf 78' lang='lat' dir='ltr'><strong>Comici</strong></span> <span class='ocrx_word' id='word_1_265' title='bbox 372 3040 484 3073; x_wconf 65' lang='lat' dir='ltr'>graeei,</span> <span class='ocrx_word' id='word_1_266' title='bbox 503 3039 549 3067; x_wconf 76' lang='lat' dir='ltr'><em>ed.</em></span> <span class='ocrx_word' id='word_1_267' title='bbox 569 3040 624 3067; x_wconf 71' lang='lat' dir='ltr'><em>Th.</em></span> <span class='ocrx_word' id='word_1_268' title='bbox 644 3040 739 3067; x_wconf 75' lang='lat' dir='ltr'><strong>Kook.</strong></span> <span class='ocrx_word' id='word_1_269' title='bbox 759 3041 816 3067; x_wconf 88' lang='lat'>111.</span> <span class='ocrx_word' id='word_1_270' title='bbox 1408 3035 1450 3066; x_wconf 87' lang='lat'><em>13</em></span> 
     </span>
    </p>
   </div>
  </div>
 </body>
</html>
