2014 3334
752 252 917 287 AAHAA
944 252 1208 288 ΟΠΟΤΕΡΑΣ
1678 250 1766 294 585

923 360 1036 406 1058

477 421 886 477 κυνοφθαλμίζεται

312 507 538 560 Hesychius
569 509 611 547 et
642 507 812 548 Bekker.
846 507 995 548 Anecd.
1029 509 1097 559 48,
1130 509 1197 548 31.
1248 508 1296 548 cf.
1331 510 1427 549 975.

922 623 1036 683 1059

477 682 778 740 κυρτονεφέλη

310 770 578 822 Etymologic.
611 784 694 810 m.
675 772 794 823 548,
826 772 884 811 40
927 769 1058 822 ἑταίρα
1096 769 1222 818 οὕτως
1258 769 1430 811 ἐκαλεῖτο
1470 770 1536 811 διὰ
1573 770 1615 811 τὸ
1646 769 1768 822 μέλαν

183 828 292 902 ἔχειν
329 828 372 870 τὸ
409 828 618 882 ἐφήβαιον.
681 829 742 870 διὸ
780 845 846 870 και
883 829 927 871 ἐν
954 833 1052 878 ταῖς
1089 830 1321 879 συνουσίαις
1357 828 1433 871 οὐκ
1470 829 1767 872 ἀνεκαλύπτετο.

183 881 316 944 Ωρος.
367 891 410 929 at
439 887 733 942 κυσθονεφέλη,
764 892 812 930 ut
836 891 1061 931 coniecerat
1091 891 1327 943 Meinekius,
1358 891 1444 932 cod.
1457 891 1586 942 Voss„
1616 894 1763 944 κυρθο-

191 946 336 1002 νεφέλη
368 950 452 991 cod.
485 950 660 990 Florent.
692 950 840 990 Milleri
871 945 1096 1005 (Melanges
1132 945 1246 1004 199).

827 1067 942 1110 1060
953 1091 1002 1098 -
1018 1067 1131 1110 1065

307 1153 535 1205 Hesychius
579 1152 946 1206 κυσθοκορώνη·
977 1153 1130 1206 νύμφη.
1179 1155 1336 1210 κυσιᾷ·
1369 1156 1575 1210 πασχητιᾷ.
1624 1165 1764 1194 κυσο-

189 1211 438 1264 βάκκαρις·
470 1210 557 1264 ήτοι
581 1212 649 1252 τὸν
679 1211 804 1253 κυσὸν
829 1214 1017 1265 μυρίζων,
1048 1211 1075 1266 ἣ
1094 1216 1147 1270 τῷ
1172 1216 1282 1270 κυσῷ
1307 1212 1577 1265 μυριζόμενος.
1622 1226 1765 1254 κυσο-

188 1271 361 1312 λάκων·
388 1268 634 1325 ’Λρίσταρχός
659 1281 759 1324 φησι
789 1271 858 1313 τὸν
889 1274 1052 1313 Κλεινία
1083 1255 1288 1326 (Κλεινίου
1314 1269 1493 1326 Ruhnk.)
1526 1272 1628 1314 οὕτω
1660 1271 1764 1326 λε’γε-

191 1335 287 1371 σθαι
306 1334 359 1388 τῷ
379 1335 488 1389 κυσῷ
507 1333 782 1380 λακωνίζοντα.
832 1333 1001 1373 Photius
1032 1333 1280 1374 κυσολάκων·
1312 1331 1333 1373 ὅ
1352 1333 1537 1381 Κλεινίας
1559 1329 1764 1387 (Κλεινίου

190 1374 369 1444 Ruhnk.)
420 1390 442 1432 δ
484 1394 538 1449 τῷ
580 1395 690 1449 κυσῷ
732 1392 970 1441 λακωνίζων.
1043 1392 1085 1433 τὸ
1130 1390 1172 1432 δὲ
1215 1396 1297 1441 τοῖς
1344 1393 1544 1441 παιδικοῖς
1593 1397 1766 1446 χρῆσθαι

188 1451 415 1499 λακωνίζειν
446 1433 640 1505 λέγουσιν.
708 1452 898 1508 Μελαίνῃ
927 1448 1087 1509 (Ἑλένῃ
1119 1449 1295 1506 Ruhnk.)
1333 1451 1408 1506 γὰρ
1449 1451 1602 1504 Θησεὺς
1640 1452 1766 1527 οὕτως

188 1508 388 1563 ἐχρήσατο.
438 1513 487 1551 cf.
506 1511 713 1563 Aristoph.
733 1513 782 1551 fr.
803 1513 901 1552 338.
953 1513 1127 1563 Hesych.
1152 1512 1455 1552 κυσονίπται
1496 1512 1653 1565 πόρνοι,
1685 1511 1764 1552 ἀπὸ

187 1575 259 1610 τοῦ
277 1573 693 1622 παρακολουθοῦντος.
725 1571 985 1624 κυσοχήνη”
1018 1567 1123 1620 εἶδος
1143 1572 1302 1624 δεσμοῦ.
1334 1572 1378 1613 οἵ
1393 1570 1435 1612 δὲ
1455 1571 1764 1625 εὐρυπρωκτίαν.

189 1629 232 1670 οἱ
265 1627 308 1670 δὲ
346 1630 487 1682 ξύλον,
524 1629 567 1671 ἐν
605 1623 636 1688 ᾧ
675 1629 973 1684 ἆμαρτάνουσαι
1010 1631 1056 1672 αἱ
1087 1631 1233 1685 πόρναι
1276 1631 1544 1684 ἐδεσμεύοντο.
1595 1633 1764 1673 Photius

189 1689 410 1743 κυσοχήνη·
448 1689 721 1745 εύρυπρωκτία
752 1688 978 1745 (κυσοχίνη·
1011 1690 1147 1745 ἕρυπρ.
1179 1693 1262 1732 cod.
1294 1688 1395 1746 m..¹)

920 1808 1033 1851 1066
1077 1861 1083 1865 ⁶

475 1866 746 1923 κυσολέσχης

307 1953 547 1992 Eustathius
570 1956 742 2002 746,18
776 1952 834 1993 ὅτι
866 1951 909 1992 δὲ
934 1952 1003 1993 τὸν
1033 1954 1190 1994 κύσθον
1217 1952 1283 1994 καὶ
1313 1954 1438 1995 κύσον
1470 1951 1615 2009 (κῦσον
1636 1956 1763 1995 Hero-

189 2012 294 2051 dian.
315 2013 333 2051 I
355 2008 548 2067 206,12)
581 2011 728 2066 ε’λεγον,
760 2013 879 2064 δηλοῖ
901 2029 968 2053 και
993 2011 1014 2053 ὅ
1039 2012 1323 2066 κυσολὲσχης,
1316 2012 1362 2054 ὁν
1387 2012 1439 2054 ἄν
1464 2029 1521 2063 τις
1553 2016 1763 2066 διασαφῶν

188 2071 465 2125 κιναιδολόγον
490 2070 580 2125 ἐρεῖ,
604 2072 831 2141 κοινότερον
852 2071 894 2112 δὲ
913 2071 1039 2122 ἄλλως
1058 2073 1388 2128 αἰσχρορρήμονα.
1438 2075 1576 2114 fictum
1603 2076 1764 2116 videtur

191 2131 241 2170 ad
273 2132 500 2183 analogiam
531 2133 704 2173 nominis
736 2131 960 2186 ἀδολέσχης.

921 2250 1033 2293 1067

475 2309 767 2364 λακατάρατοι

310 2383 478 2422 Photius
512 2385 608 2432 203,
643 2386 667 2423 5
714 2383 756 2423 οἱ
790 2381 892 2437 ἄγαν
928 2385 1148 2437 κατάρατοι.
1197 2384 1264 2425 καὶ
1301 2386 1588 2438 λακαταπύγων
1620 2381 1762 2439 (Arist.

189 2441 288 2480 Aeh.
321 2438 425 2494 664)
458 2440 479 2482 ὅ
510 2458 612 2496 αγαν
642 2443 891 2497 καταπύγων.
954 2445 1059 2484 idem
1092 2447 1277 2497 204,15
1322 2445 1631 2496 λακαταράτους·
1671 2444 1763 2492 τοὺς

190 2497 293 2554 ἄγαν
322 2501 574 2554 καταράτους.
624 2504 709 2543 cod.
740 2504 888 2555 ubique
921 2506 1030 2544 λακκ.

922 2619 1034 2664 1068

475 2678 787 2735 λακιδαίμονος

308 2759 556 2814 ψοφοῦντος,
581 2762 783 2817 ἠχοῦντος.
818 2767 1052 2818 Hesychius.
1103 2763 1286 2807 ‘ioculari
1306 2767 1446 2807 comici
1467 2771 1607 2819 poetae
1628 2769 1760 2809 nescio

190 2822 304 2862 cuius
336 2823 505 2862 audacia
534 2824 675 2865 fictum
703 2822 889 2865 vidotur’.
947 2827 999 2865 Μ.
1020 2826 1211 2866 Schmidt.
1271 2827 1461 2868 nimirum
1493 2828 1543 2868 ad
1575 2828 1761 2868 similitu·

192 2881 667 2982 ἀξωὲῃῦΐῗακεδαίμονος
703 2898 728 2925 a
757 2899 853 2926 voce
891 2885 1013 2934 λακίς.
1074 2886 1286 2936 explicatio
1318 2886 1510 2939 Hesychii
1539 2901 1636 2928 num
1667 2901 1764 2930 vera

193 2953 227 2980 sl
305 2956 330 2981 u
359 2956 373 2981 1
393 2955 427 2983 0.
