2014 3334
279 239 366 281 596
628 248 631 253 ¹
931 242 1193 275 ΑΔΕΣΠΟΤΑ

1009 348 1122 391 1138

568 405 745 449 σέλινον

401 492 580 531 Photius.
633 494 680 531 cf.
716 495 839 532 1134.
891 493 1064 544 Hesych.
1096 490 1267 532 σέλινον·
1299 492 1340 532 τὸ
1371 496 1609 546 γυναικεῖον.

1010 608 1122 650 1139

565 667 771 723 σισάριον

400 753 544 792 Pollux
571 755 609 803 5,
644 755 740 793 101.
797 754 845 793 cf.
875 755 1000 792 1115.
1056 754 1172 792 Phot.
1204 752 1399 805 σισάριον·
1432 758 1603 805 χρυσοῦν
1634 754 1850 807 κοσμάριον

279 812 425 868 σισάρῳ
458 811 607 864 ὅμοιον.
640 813 811 863 Hesych.
853 812 1047 863 σισάριον·
1079 812 1296 864 κοσμάριον
1321 818 1494 865 χρυσοῦν
1525 817 1766 865 γυναικεῖον,
1797 811 1851 861 ὥς

278 869 514 911 ἁλυσείδιον.

1008 954 1029 994 1
1038 953 1122 994 140
1632 969 1653 979 x

565 1012 831 1068 σισύμβριον

400 1097 545 1135 Pollux
579 1099 617 1147 5,
652 1100 748 1137 101.
810 1099 858 1137 cf.
897 1099 1020 1137 1115.

1013 1215 1032 1256 1
1045 1214 1123 1255 141

565 1275 814 1327 σισυφίζειν

396 1358 568 1397 Bekker.
600 1359 749 1398 Anecd.
784 1361 856 1411 64,
897 1362 920 1399 6
972 1358 1322 1412 πανουργεύεσθαι
1372 1356 1438 1397 καὶ
1488 1358 1737 1398 δολιεύεσθαι
1786 1357 1851 1398 καὶ

281 1417 421 1465 δολίως
452 1432 487 1456 τι
517 1417 710 1469 πράττειν.

1013 1499 1128 1541 1142

571 1558 821 1612 σιφνιάζειν

398 1643 566 1682 Photius
606 1645 709 1693 515,
750 1645 773 1682 6
813 1646 854 1682 et
893 1644 1073 1694 Append.
1114 1656 1224 1693 prov.
1263 1645 1309 1693 4,
1349 1645 1402 1683 73
1450 1642 1492 1682 τὸ
1542 1642 1735 1682 ἅπτεσθαι
1784 1648 1852 1694 τῆς

279 1706 409 1754 πυγῆς
435 1702 624 1758 δακτύλῳ.
667 1702 890 1753 Hesychius
916 1702 1152 1753 σιφνιάζειν·
1177 1702 1529 1749 καταδακτυλίζειν.
1574 1699 1850 1754 ὃιαβέβληνται

279 1760 354 1814 γὰρ
386 1760 428 1800 οἰ
454 1761 620 1812 Σίφνιοι
651 1759 703 1809 ὡς
733 1762 931 1809 παιδικοῖς
962 1761 1163 1814 χρώμενοι.
1214 1761 1419 1812 σιφνιάσαι
1450 1755 1525 1801 οὗν
1555 1760 1597 1800 τὸ
1629 1761 1851 1812 σκιμαλίσαι

280 1816 423 1873 (ΑΥἰεὺ.
443 1822 539 1860 Aah.
561 1816 679 1874 444).
710 1822 881 1860 Bekker.
902 1822 1048 1860 Anecd.
1069 1823 1138 1871 48,
1161 1823 1214 1861 23
1236 1821 1594 1868 καταδακτυλίζειν·
1620 1819 1662 1859 τὸ
1682 1819 1852 1874 ἀσελγῶς

279 1882 332 1935 τῷ
365 1880 542 1935 δακτύλῳ
580 1885 649 1932 τῆς
685 1886 755 1920 τοῦ
792 1878 911 1928 πέλας
952 1878 1067 1933 ἕδρας
1098 1879 1304 1920 ἅπτεσθαι.
1359 1885 1472 1920 τοῦτο
1510 1878 1576 1919 καὶ
1617 1880 1851 1931 σκιμαλίζειν

282 1939 324 1978 οἵ
355 1935 518 1979 Ἀττικοὶ
555 1938 746 1992 λέγουσιν.
802 1942 900 1980 haec
938 1943 1140 1991 postrema
1171 1940 1358 1979 videnfiur
1396 1941 1446 1978 ad
1476 1940 1599 1978 Arist.
1634 1941 1703 1990 Eq.
1739 1941 1847 1979 1381

281 1999 494 2049 pertinere.
546 1999 767 2050 σιφνιάζειν
798 2000 879 2040 alia
910 2000 1199 2051 significatione
1226 2000 1429 2050 Aristoph.
1456 2000 1503 2038 fr.
1531 2001 1628 2038 912.

1010 2116 1031 2158 1
1040 2116 1122 2158 143

566 2177 874 2231 σκαιεμβατεῖν

403 2262 568 2300 photius
587 2260 642 2300 τὸ
673 2267 819 2309 σκαιῶς
849 2260 916 2301 καὶ
941 2260 1159 2314 ἀρρύθμως
1189 2259 1390 2313 ἐμβαίνειν
1416 2257 1668 2313 ὀρχούμενον.
1716 2272 1850 2301 σκαιο·

283 2320 417 2372 βατεῖν
449 2321 634 2360 Eusta'nh.
668 2323 781 2361 1469
815 2322 901 2361 init.
934 2324 975 2359 et
1007 2321 1116 2360 Suid.

1008 2437 1030 2479 1
1039 2436 1124 2479 144

568 2495 762 2552 σκαφέας

401 2582 697 2634 Harpocration
719 2585 814 2630 127,
838 2583 890 2621 15
924 2584 965 2621 et
983 2582 1150 2621 Photius
1171 2583 1269 2632 263,
1294 2582 1344 2619 18
1378 2581 1573 2631 μετοίκιον
1592 2610 1602 2619 .
1623 2610 1632 2619 .
1653 2610 1662 2619 .
1682 2579 1849 2620 ἐκάλουν

284 2639 326 2680 δὲ
364 2642 407 2680 οἷ
438 2640 604 2693 κωμικοὶ
641 2640 815 2692 σκαφέας
854 2640 947 2688 τοὺς
985 2641 1207 2692 μετοίκους,
1247 2638 1330 2679 ἐπεὶ
1368 2638 1410 2678 ἐν
1452 2643 1535 2687 ταῖς
1570 2643 1747 2691 πομπαῖς
1782 2638 1850 2686 τὰς

283 2701 438 2751 σκάφας
470 2699 649 2752 ἐκόμιζον
682 2696 802 2740 οὗτοι.

1011 2780 1124 2822 1145

568 2841 846 2885 σκινδακίσαι

402 2915 570 2954 Photius
621 2913 662 2953 τὸ
706 2914 859 2966 νύκτωρ
903 2912 1173 2965 ε’παναστῆναί
1211 2928 1286 2952 τινι
1330 2910 1509 2965 ἀσελγῶς.
1568 2913 1672 2966 idem
1716 2912 1848 2951 o‘m'v-
