2014 3334
216 246 303 289 382
606 247 609 252 ¹
825 247 1090 282 ΚΡΩΒΤΛΟΣ
1117 268 1160 274 -

215 359 395 398 tudinem
421 356 469 396 fi:
493 361 529 397 6.
553 362 589 397 7.
621 359 820 397 referebat
846 359 962 397 Mein.
988 381 1032 386 —
1058 373 1138 398 non
1163 360 1368 411 intellego,
1393 373 1442 399 ne
1467 363 1558 410 post
1584 360 1783 412 Schweig-

217 418 401 457 haeuseri
433 418 591 469 quidem
623 419 938 468 explicationem.

975 499 1028 541 10

844 570 923 612 τὸν
954 574 1207 613 πλακοῦντα
1237 572 1432 626 κόμμιδι,

431 640 485 682 οὐ
514 639 658 695 μέλιτι
691 640 924 696 διεκόσμει.

1644 558 1665 571 ae

336 727 506 765 Bekker.
537 727 687 765 Aneod.
729 728 840 767 1208
889 727 951 766 δεῖ
996 727 1204 780 γινώσκειν
1247 727 1304 768 ὅτι
1352 734 1422 768 τοῦ
1470 728 1591 780 κόμμι
1640 727 1786 781 εὑρέθη

216 785 322 838 παρὰ
353 785 559 842 Κρωβύλῳ
593 781 667 841 (sic
690 787 804 825 Mein.
837 800 908 836 pro
939 783 1154 843 Κρυβόλῳ)
1187 785 1212 839 ἡ
1246 787 1379 839 δοτικὴ
1405 785 1572 840 ’κόμμιδι
1603 786 1656 836 ὡς
1681 787 1787 840 παρὰ

217 852 285 898 τῆς
324 844 515 897 κόμμιδος
551 851 724 898 γενικῆς·
763 844 838 897 ἔχει
876 843 918 885 δὲ
957 846 1081 894 οὕτως
1111 850 1188 886 κτλ.
1244 848 1415 886 Bekker,
1447 849 1596 887 Anecd.
1633 850 1728 898 104,
1762 850 1783 887 1

217 905 396 957 κόμμιδι·
428 902 453 956 ’ἡ
476 905 622 956 δοτική.
652 902 867 958 εΗρόδοτος
888 904 1053 958 δευτέρῳ
1075 903 1133 958 (2,
1155 906 1243 960 86).
1276 908 1324 946 cf.
1337 908 1550 947 Herodian.
1571 908 1610 946 II
1633 909 1729 959 767,
1749 910 1787 947 9.

218 966 325 1016 apud
355 965 607 1004 Herodotum
637 966 755 1005 hodie
789 966 978 1005 scribitur
1009 964 1268 1019 ὑποχρίοντας
1299 969 1351 1023 τῷ
1383 966 1514 1018 κόμμι.

975 1084 1027 1125 11

1414 1155 1714 1172 ῚὶῚὶῚὶ

218 1221 388 1289 σμοῦσαι
411 1219 635 1268 γυναῖκες.
669 1246 678 1254 .
712 1215 969 1268 .Κρώβυλος
1002 1215 1088 1256 δὲε
1070 1233 1090 1256 ο
1116 1217 1287 1269 κωμικός
1319 1229 1418 1268 φησι
1441 1223 1511 1256 τοῦ
1547 1211 1786 1257 Φιλιππίδου

217 1275 285 1314 τὸν
316 1275 442 1327 νόμον
475 1278 575 1314 εἶναι
606 1274 674 1314 τὸν
704 1274 792 1327 περὶ
822 1276 971 1315 τούτων
1002 1292 1134 1328 κειμετ
1138 1292 1194 1316 ον
1238 1279 1498 1326 Philippidem
1529 1278 1627 1316 dicit
1651 1277 1788 1327 Hype-

218 1336 315 1374 ridis
348 1336 389 1374 in
415 1336 734 1374 administianda
764 1337 970 1386 republica
999 1338 1285 1388 adversalium,
1318 1351 1435 1388 quem
1456 1337 1653 1388 Orobylus
1685 1349 1787 1374 mor-

217 1398 333 1434 tuum
367 1386 749 1435 commemoraverat
779 1396 910 1435 iudice
945 1397 1142 1436 Meinekio
1174 1397 1194 1435 I
1225 1398 1323 1436 490.
1353 1399 1388 1436 1.

886 1593 1110 1642 AAQN

792 1689 962 1728 Meinek.
994 1689 1015 1727 I
1047 1690 1147 1729 492.
1174 1692 1213 1730 3.

883 1768 1122 1802 ΔΙΑΘΗΚΑῙ

431 1919 521 1955 τῶν
552 1913 635 1969 γὰρ
668 1908 759 1968 μετ’
795 1911 986 1968 ἐμαυτὸν
1018 1913 1190 1963 εἰκόνος
1219 1911 1293 1955 καὶ
1325 1913 1563 1968 μνημάτων

432 1983 500 2026 ἀεὶ
530 1981 827 2040 καταφρονῶν
860 1986 944 2035 ζῶν
976 1985 1092 2039 ἔχειν
1123 2000 1165 2026 τι
1197 1985 1425 2040 βούλομαι.

339 2072 537 2110 Sssobaeus
575 2072 713 2110 Floril.
749 2073 849 2120 123,
884 2072 907 2109 5
952 2070 1126 2118 Λάωνος
1169 2070 1210 2110 ἐκ
1250 2074 1471 2123 Διαθηκῶν
1508 2071 1555 2110 Α.
1624 2070 1789 2110 εἰκόνων

218 2131 336 2169 Mein.
357 2131 416 2169 ed.
436 2131 527 2169 mai.
545 2153 594 2157 —
613 2132 831 2170 contemnil:
851 2131 1067 2169 simulacra
1087 2134 1126 2169 et
1145 2133 1404 2170 monumenta
1423 2133 1671 2170 mortuorum
1692 2143 1788 2181 prae

218 2191 496 2241 voluptaffibus
528 2191 646 2231 vitae.

759 2270 964 2302 AAHAOT
989 2270 1246 2303 ΔΡΑΜΑΤΟΣ

988 2343 1014 2384 2

434 2414 633 2456 Βοιωτὸν
664 2414 806 2470 ἄνδρα
838 2412 1006 2469 στέργε,
1037 2414 1120 2468 τὴν
1151 2414 1371 2456 Βοιωτίαν

433 2485 490 2541 μὴ
525 2483 676 2540 φεῦγ’·
715 2484 737 2527 ὁ
769 2482 850 2540 μὲν
881 2486 965 2541 γὰρ
996 2486 1199 2542 χρηστός,
1229 2485 1255 2540 ἡ
1290 2483 1334 2527 δ’
1371 2484 1590 2541 ἐφίμερος.

341 2570 644 2622 [Dicaearchus]
681 2574 717 2620 1,
749 2574 803 2610 22
837 2572 880 2610 in
911 2571 1152 2610 O.Mucller.
1174 2571 1316 2622 Geogr.
1350 2572 1442 2610 min.
1476 2572 1495 2609 Ι
1531 2573 1613 2610 104
1646 2570 1788 2623 γράφει

221 2628 384 2685 (Acium)
423 2630 597 2670 ἐπαινῶν
635 2629 781 2678 αὐτοὺς
817 2629 884 2669 καὶ
915 2629 964 2670 οὗ
1001 2628 1123 2683 λέγων
1160 2628 1232 2680 τὴν
1270 2629 1474 2681 ἀλήθειαν.
1536 2629 1670 2682 μοιχὸς
1712 2629 1786 2682 γὰρ

221 2689 342 2738 ἁλοὺς
372 2689 539 2741 ἀφείθη,
570 2695 711 2742 μικροῦ
739 2689 935 2742 διαφόρου
961 2688 1029 2728 τὸν
1054 2688 1295 2740 ἀδικηθέντα
1327 2689 1581 2743 ἐξαγοράσας·
1613 2688 1787 2728 Βοιωτὸν

220 2753 297 2789 κτλ.
347 2749 531 2802 ἐφίμερος
564 2748 717 2800 Steph]
750 2748 958 2802 ἐφήμερος.
1001 2750 1194 2788 extremis
1225 2750 1358 2789 verbis
1390 2748 1543 2801 (μοιχὸς
1567 2743 1665 2802 κτλ.)
1709 2762 1787 2787 non

221 2810 351 2860 ipsum
374 2810 563 2858 Laonem,
597 2810 665 2848 sed
697 2811 925 2848 adulherum
951 2822 1068 2859 quem
1098 2809 1139 2847 in
1172 2809 1310 2847 fabula
1341 2809 1544 2848 induxelit
1573 2808 1788 2858 significari

221 2872 355 2907 monet,
384 2869 501 2908 Mein.
534 2870 553 2907 I
586 2871 683 2909 492.
717 2871 756 2908 3.
805 2869 989 2908 Pherecr.
1013 2869 1096 2908 160
1127 2865 1252 2920 ηνπερ
1283 2874 1437 2923 φρονῇς
1467 2863 1526 2919 εὖ,
1563 2871 1685 2919 φεῦγε
1715 2865 1788 2917 τὴν

221 2928 425 2968 Βοιωτίαν.
1180 2956 1182 2961 ,
