2014 3334
544 211 958 246 ΑΜΦῙΣΒΗἜΗΣΙΜΑ
982 213 1068 247 ΚΑΙ
1090 212 1482 248 ΨΕΤΔΕΠΙΓΡΑΦΑ
1712 213 1800 255 295

982 345 1039 389 23

436 406 694 462 συντύχημα

340 492 539 545 συντυχία.
595 491 721 541 οὕτως
754 488 1061 546 Ἀπολλόδωρος.
1119 493 1300 533 Photius.
1351 491 1535 533 ἀπόλλων
1575 494 1658 534 eod.
1698 507 1797 534 corr.

219 554 384 594 Porson.

540 645 955 679 ΑΜΦΙΣΒΗΤΗΣΙΜΑ
980 646 1063 679 KAI
1087 644 1480 678 ΨΕΤΔΕΠΙΓΡΑΦΑ

978 718 1037 760 24
1253 718 1256 722 ’

334 805 443 852 Quos
475 804 673 846 Stobaeus
704 805 843 845 Floril.
879 807 975 854 105,
1010 806 1063 845 51
1099 805 1278 845 servavit
1308 805 1501 844 tredecim
1534 817 1675 845 versus
1706 819 1794 858 τρα-

213 863 327 919 γικὸν
352 863 574 906 ἐπεισόδιον
599 866 822 905 inscribens
842 860 910 919 (fr.
925 865 1059 917 adesp.
1079 867 1163 904 462
1186 859 1268 919 N),
1295 878 1361 906 eos
1384 866 1577 905 Arsenius
1594 861 1795 918 (Apostol.

216 926 282 977 15,
316 926 369 966 95
381 920 423 980 a)
456 921 758 978 Ἀπολλοδώρου
798 938 885 965 esse
924 925 1028 965 unde
1066 926 1306 976 compererit
1346 938 1427 965 non
1458 926 1637 976 adparet.
1688 926 1797 977 apud

213 985 432 1026 stobaeum
456 986 606 1025 lemma
631 986 744 1026 deest
768 986 810 1025 in
836 985 967 1027 Trino.
999 987 1040 1025 et
1071 986 1144 1025 ecl.
1168 987 1222 1026 49
1250 985 1487 1036 Apollodori
1519 989 1582 1025 est
1613 980 1680 1038 (fr.
1706 981 1793 1038 16).

212 1046 383 1086 fortasse
416 1046 611 1086 Arsenius
652 1046 786 1086 codiee
830 1046 1038 1098 utebatur,
1081 1046 1123 1085 in
1160 1059 1239 1097 quo
1272 1046 1342 1086 ecl.
1376 1047 1433 1085 50
1472 1045 1629 1086 deesset
1660 1047 1701 1085 et
1732 1047 1786 1086 51

211 1105 400 1146 lemmate
431 1108 598 1147 careret.
646 1119 727 1147 non
759 1119 845 1147 esse
876 1106 1018 1146 comici
1049 1108 1218 1146 constat.

971 1222 1029 1266 25

328 1309 560 1361 Etymolog.
592 1309 693 1350 Gud.
728 1311 826 1361 342
859 1311 913 1350 35
959 1309 1104 1362 κράδη·
1144 1307 1169 1361 ἡ
1197 1314 1326 1362 συκῆ.
1347 1302 1520 1362 ..Ὦρος
1550 1311 1603 1365 τῷ
1639 1310 1789 1362 Θηριπ-

208 1368 306 1425 πίδῃ
332 1367 410 1409 ἔστι
434 1367 563 1422 πατὴρ
588 1369 759 1422 κύμινον
784 1368 851 1410 καὶ
875 1368 1001 1422 μόνον
1027 1366 1110 1410 οὔτ’
1141 1367 1348 1422 ἀρηχεύων
1378 1368 1472 1417 τοὺς
1502 1368 1679 1417 θαλλοὺς
1709 1375 1789 1409 τῶν

206 1429 379 1482 κραδῶν.
411 1430 656 1470 Ritschelius
679 1431 733 1470 De
747 1429 894 1470 Orione
913 1444 950 1481 p.
968 1432 1021 1470 39
1037 1429 1183 1483 κράδῃ·
1209 1426 1234 1481 ἡ
1256 1435 1409 1482 συκῆ..
1430 1422 1574 1481 .Ὦ.ρος
1601 1425 1788 1470 Ἀπολλό-

206 1489 336 1543 δωρος
361 1487 404 1530 ἐν
428 1491 482 1546 τῷ
505 1489 753 1546 Θηριππίδῃ·
797 1488 903 1530 ἔστιν
928 1487 1057 1543 πατὴρ
1083 1489 1254 1542 κύμινον
1280 1483 1403 1545 (αὖον
1429 1485 1598 1544 ἐσθίων)
1628 1484 1633 1543 Ι
1661 1488 1788 1541 μόνον

203 1547 254 1590 ου
298 1547 514 1603 ταριχεύων
557 1563 597 1590 τε
639 1548 816 1598 θαλλοὺς
859 1555 937 1590 τῶν
979 1550 1150 1603 κραδῶν.
1206 1550 1432 1590 Meinekius
1470 1546 1572 1603 (IIII
1608 1551 1706 1590 457.
1740 1547 1786 1603 8)

205 1610 380 1650 solutam
410 1622 498 1650 esse
529 1611 752 1651 orationem
790 1623 954 1650 censens
985 1612 1039 1667 τῷ
1075 1610 1120 1650 Θ.
1169 1608 1249 1650 ἔστι
1285 1608 1414 1663 πατὴρ
1451 1609 1622 1661 κύμινον
1658 1609 1787 1662 πρίων

205 1664 290 1724 (vel
308 1665 638 1725 κυμινοπρίστης)
664 1669 731 1710 καὶ
756 1669 883 1722 μόνον
909 1669 958 1711 οὐ
977 1685 1009 1710 τ.
1034 1669 1128 1718 τοὺς
1146 1674 1191 1710 θ.
1216 1675 1293 1709 τῶν
1314 1685 1372 1722 κρ.
1365 1699 1388 1721 .,
1414 1670 1674 1720 Alciphronis
1699 1683 1785 1709 esse

203 1729 444 1781 suspicatur.
506 1731 556 1771 ef.
598 1731 722 1770 etiam
758 1731 808 1771 H.
847 1731 983 1771 Iacobi
1015 1730 1051 1769 V
1089 1730 1519 1771 occx11.Mein.1111
1562 1732 1659 1769 641.
1721 1743 1786 1770 res

203 1803 368 1840 prorsus
399 1790 554 1830 ineerta
585 1794 656 1830 est.

968 1871 1024 1913 26

263 1953 348 2008 ἐγὼ
380 1954 465 2011 γὰρ
493 1950 641 2010 (ἔγωγ’
677 1953 734 1997 ἂν
762 1953 897 2011 Mein.)
925 1953 980 1997 οὐ
1005 1954 1083 1996 τὸν
1116 1957 1312 1997 πλοῦτον
1345 1955 1484 2010 ἴδοιμι
1511 1954 1616 2004 ὅσος
1649 1953 1782 2009 ἐστίν,

266 2024 361 2069 ἀλλ’
398 2026 519 2078 ὅστις
551 2026 689 2070 αὐτὸν
719 2025 936 2081 κέκτηται,
968 2027 1010 2068 εἰ
1037 2025 1278 2083 ὑπέρτερός
1309 2025 1430 2068 ἐστιν
1461 2023 1525 2069 ὧν
1556 2027 1655 2082 ἔχει.

325 2112 522 2153 Stobaeus
554 2114 692 2154 Floril.
727 2116 794 2165 26,
828 2115 853 2154 3
885 2118 956 2154 τοῦ
989 2111 1113 2153 αὐτοῦ
1146 2108 1462 2167 (Ἀπολλοδώρου
1485 2109 1530 2166 2)
1562 2112 1612 2152 Α.
1661 2114 1783 2164 Apol-

196 2172 335 2213 lodoro
372 2174 522 2225 comico
553 2174 777 2214 tribuentes
804 2173 969 2214 Grotius
1001 2176 1041 2213 et
1066 2174 1270 2214 Iacobsius
1302 2168 1431 2228 (Lech.
1462 2173 1572 2213 Stob.
1594 2167 1669 2226 62)
1701 2173 1774 2212 tri·

196 2234 345 2273 metros
363 2234 576 2274 restituere
596 2234 731 2274 eonati
750 2236 855 2285 sunt,
874 2234 1091 2274 infeliciter
1108 2235 1292 2285 uterque.
1330 2234 1415 2273 ood.
1430 2233 1599 2272 Vindob.
1621 2233 1769 2272 lemma

195 2297 266 2332 τοῦ
310 2291 434 2333 αὐτοῦ
476 2294 646 2334 omittit:
694 2294 871 2334 solutam
913 2307 1000 2334 esse
1043 2293 1264 2333 orationem
1307 2293 1530 2332 Meinekius
1567 2293 1770 2332 intellexit

198 2351 272 2391 llII
303 2353 402 2394 456.
453 2353 563 2394 Stob.
596 2355 616 2393 I
646 2367 758 2394 xxw.

962 2433 1019 2477 27

314 2520 548 2560 Athenaeus
589 2524 661 2573 11,
698 2523 820 2562 4826
865 2520 1000 2573 κύμβα
1036 2519 1228 2573 ποτήριον
1262 2516 1559 2572 Ἀπολλόδωρος
1596 2520 1774 2570 Παφίοις

198 2573 247 2633 (π
278 2578 399 2630 φίους
424 2575 490 2633 A).
518 2581 583 2620 in
612 2582 676 2621 his
707 2595 757 2621 ne
790 2581 879 2633 quis
913 2581 1151 2632 Apollodori
1183 2580 1325 2620 comici
1356 2581 1629 2631 fragmentum
1663 2580 1776 2619 fabu-

196 2639 338 2690 laeque
377 2640 538 2691 ignotae
576 2641 784 2692 hucusque
822 2653 968 2682 nomen
1006 2641 1239 2680 delitescere
1279 2639 1479 2691 opinetur,
1525 2640 1624 2679 conf.
1660 2641 1779 2680 483a

192 2693 488 2752 Ἀπολλόδωρος
519 2695 558 2739 δ’
601 2699 650 2740 ἐν
687 2703 746 2757 τῷ
779 2699 895 2754 Περὶ
932 2699 1262 2752 ἐτυμολογιῶν
1294 2699 1484 2749 Παφίους
1513 2697 1556 2738 τὸ
1587 2697 1777 2751 ποτήριον

198 2761 333 2798 καλεῖν
364 2758 524 2811 κύμβαν
557 2755 707 2814 (λέγει).
