2014 3334
241 243 294 275 IV
834 244 838 246 ’
897 239 1164 272 PRAEFATIO

243 353 445 404 reliquum
477 353 563 391 erat
593 351 671 390 nisi
695 353 742 389 ut
761 351 1035 389 Meinekianae
1061 351 1244 390 editionis
1270 351 1507 401 repetendae
1533 350 1741 389 consilium
1773 348 1815 386 in

243 415 359 451 tanta
396 425 512 452 verae
551 411 772 460 scripturae
809 410 1060 461 ignoratione
1098 411 1211 450 novis
1254 411 1435 450 codicum
1472 410 1659 450 subsidiis
1691 408 1814 447 desti-

245 474 357 511 tutus
388 484 552 521 prorsus
584 470 790 509 abicerem.

362 532 481 582 longe
514 530 594 569 alia
619 543 738 581 quam
770 529 1109 568 monostichorum
1140 530 1244 569 ratio
1276 543 1363 568 meo
1389 530 1550 579 quidem
1574 528 1722 567 iudicio
1753 529 1816 567 est

251 590 569 641 Comparationis
601 602 703 639 quae
741 589 888 627 dicitur
918 588 1125 627 Menandri
1157 591 1198 627 et
1228 589 1489 628 Philistionis.
1536 589 1584 626 de
1617 601 1696 639 qua
1727 600 1813 626 cum

244 663 373 702 neque
399 649 548 689 Cobeto
574 662 702 699 neque
729 648 1003 687 Studemundo
1030 648 1137 687 omni
1168 662 1215 687 ex
1239 651 1352 698 parte
1379 648 1582 687 adsentiar
1609 648 1694 697 ipse
1721 646 1815 698 quid

246 710 417 749 iudicem
443 722 563 760 quam
588 708 821 747 brevissime
853 708 941 746 fieri
966 708 1116 757 poterit
1141 721 1335 758 exponere
1361 720 1440 747 non
1473 707 1647 746 alienum
1679 719 1703 745 a
1726 719 1815 756 pro-

243 770 375 819 posito
407 769 618 809 videbitur.

366 827 571 867 Choricius
593 827 771 866 Gazaeus
790 827 831 865 in
858 826 1054 878 Apologia
1075 827 1287 866 mimorum
1311 829 1376 876 18,
1393 829 1416 864 2
1438 821 1565 879 (edita
1586 839 1610 864 a
1630 825 1670 864 C.
1687 825 1820 865 Graux

247 889 383 927 Revue
415 887 462 926 de
495 887 633 937 philol.
664 880 797 940 1877)
828 900 864 936 p.
888 887 972 924 244
1005 884 1104 936 φασὶ
1134 884 1201 925 τὸν
1233 884 1425 938 εὑρηκότα
1456 886 1587 937 inquit
1617 883 1690 935 τὴν
1721 882 1820 936 ὑπὲρ

246 942 295 997 ἧς
325 945 566 1000 ἀγωνίζομαι
596 943 759 997 τέχνην.
782 943 904 985 ..καὶ
934 944 1003 984 τὸν
1033 945 1157 984 παῖδα
1191 944 1259 984 τὸν
1290 944 1535 992 Διοπεύθους
1567 940 1612 998 (i.
1644 958 1676 984 e.
1707 942 1819 983 Μέν-

246 1002 433 1060 ανδρον),
470 1002 677 1056 ἡλικιώτας
714 1001 746 1043 τ’
783 1002 903 1056 ἄμφω
940 1003 1007 1043 καὶ
1044 1005 1186 1055 φίλους
1223 1004 1245 1044 ὅ
1275 1020 1311 1044 τι
1348 1000 1498 1055 μάλιστ’
1539 999 1665 1043 εἶναι.
1693 1035 1702 1044 .
1729 1001 1820 1043 ,καὶ

244 1065 405 1119 γνώμας
436 1063 648 1117 ἐμμέτρους
685 1063 866 1116 ἀλλήλοις
896 1062 1156 1115 ἀντιτιθέναι,
1194 1063 1260 1103 καὶ
1290 1063 1343 1116 μὴ
1383 1064 1539 1116 χείρονα
1572 1063 1819 1116 Μενάνδρου

246 1125 358 1174 δόξαι
386 1123 454 1164 τὸν
486 1122 617 1176 ἕτερον
649 1121 821 1176 (ἑταῖρον
847 1122 1011 1174 Graux).
1061 1125 1228 1174 adparet
1259 1125 1458 1164 conlectas
1490 1123 1709 1163 sententias
1740 1136 1820 1162 me-

245 1186 368 1224 tricas
401 1185 648 1224 aemulorum
667 1187 877 1234 poetarum
902 1184 1009 1223 inter
1035 1196 1076 1223 se
1102 1184 1217 1234 quasi
1248 1183 1564 1223 concertantium
1596 1183 1822 1234 significari,

248 1248 290 1284 et
326 1245 499 1284 alterum
542 1244 666 1283 fuisse
697 1244 974 1282 Menandrum.
1041 1243 1248 1294 quaeritur
1291 1243 1381 1293 quis
1424 1243 1548 1282 fuerit
1590 1243 1659 1281 ille
1702 1255 1821 1292 quem

248 1304 454 1344 Choricius
486 1305 527 1342 et
551 1304 801 1343 inventorem
825 1303 1039 1342 mimorum
1064 1303 1163 1342 dicit
1181 1323 1236 1330 ——
1258 1304 1355 1342 haec
1387 1302 1492 1341 enim
1524 1304 1586 1341 est
1612 1315 1676 1341 ars
1702 1315 1822 1352 quam

248 1364 426 1403 defendit
460 1384 511 1390 -
546 1365 588 1402 et
618 1363 826 1402 Menandri
859 1363 1068 1414 aequalem
1106 1364 1147 1401 et
1182 1363 1363 1402 amicum.
1424 1362 1705 1401 Philistionem
1736 1374 1821 1401 esse

248 1424 469 1463 arbitratur
496 1422 794 1462 Studemundus
831 1423 874 1460 in
906 1422 1080 1462 editione
1107 1421 1425 1473 Comparationis
1458 1421 1689 1460 doctissima
1716 1416 1822 1475 (Ind.

247 1483 413 1522 Vratisl.
445 1484 541 1522 aest.
577 1484 688 1522 1887
722 1496 759 1532 p.
795 1479 888 1534 17):
928 1495 1017 1521 eum
1050 1482 1155 1520 enim
1188 1495 1211 1520 a
1237 1481 1487 1521 Cassiodorio
1521 1494 1677 1531 quoque
1708 1481 1822 1519 mimi

247 1543 496 1583 inventorem
534 1542 612 1580 dici
650 1538 769 1594 (conl.
802 1542 925 1580 etiam
961 1541 1137 1592 Apollin.
1171 1541 1303 1581 Sidon.
1337 1542 1408 1591 Ep.
1443 1543 1481 1591 2,
1516 1543 1536 1579 1
1571 1554 1609 1591 p.
1644 1542 1725 1580 211
1761 1541 1822 1579 ed.

248 1596 405 1655 Baret.)
436 1604 476 1640 et
501 1602 543 1640 in
563 1600 882 1652 Comparationis
902 1601 1108 1640 Parisinae
1134 1601 1254 1640 titulo
1281 1614 1371 1640 cum
1390 1600 1608 1639 Menandro
1633 1600 1823 1651 coniungi

247 1659 313 1715 (cf.
335 1663 457 1701 etiam
476 1674 514 1701 v.
536 1663 560 1700 8
593 1659 855 1714 Μένανδρος.
876 1690 884 1700 .
906 1659 1026 1712 ,ἔχων
1051 1659 1187 1713 ἀγῶνα
1211 1659 1310 1711 πρὸς
1338 1659 1575 1699 Φιλιστίωνα
1598 1654 1708 1713 νῦν).
1755 1659 1824 1699 sed

247 1735 338 1761 cum
374 1721 559 1760 Philistio
598 1721 777 1772 aequalis
822 1723 863 1760 et
906 1721 1055 1759 amicus
1092 1721 1302 1759 Menandri
1343 1720 1484 1759 haberi
1521 1733 1600 1759 non
1644 1719 1822 1769 potuerit

247 1782 326 1821 nisi
357 1781 406 1820 ab
438 1780 599 1819 homine
623 1793 789 1831 prorsus
821 1781 993 1831 inperito
1024 1783 1065 1819 et
1088 1780 1332 1830 inlitterato,
1364 1779 1571 1819 Choricius
1598 1781 1744 1829 autem,
1775 1781 1823 1818 ut

249 1841 399 1892 scripta
429 1840 515 1879 eius
546 1841 760 1891 testantur,
794 1843 834 1879 et
858 1840 1088 1879 litterarum
1114 1853 1348 1891 graecarum
1372 1852 1587 1890 rerumque
1616 1841 1823 1890 gestarum

249 1900 374 1940 fuerit
403 1899 671 1950 peritissimus
704 1903 744 1939 et
776 1900 1015 1950 scriptorum
1047 1899 1294 1948 Atticorum,
1332 1899 1515 1950 inprimis
1553 1900 1689 1938 autem
1712 1899 1821 1938 Men-

250 1961 366 1999 andri
398 1959 624 2011 cognitione
656 1957 723 2012 (cf.
744 1973 846 2010 quae
878 1959 929 1998 ad
948 1959 1156 1999 Δύσκολον
1183 1960 1427 1999 adnotantur
1450 1958 1570 1997 huius
1589 1959 1667 1998 vol.
1687 1972 1726 2009 p.
1747 1954 1823 2011 37)

250 2020 358 2059 haud
383 2019 640 2059 mediocriter
663 2019 843 2058 imbutus
876 2032 922 2058 ac
947 2021 1158 2069 praeterea
1183 2018 1380 2059 scribendi
1400 2030 1545 2069 genere
1570 2030 1642 2068 pro
1661 2018 1823 2058 illorum

249 2083 478 2130 temporum
507 2079 663 2118 ratione
691 2079 789 2118 satis
814 2092 914 2129 puro
941 2081 982 2117 et
1007 2079 1183 2130 eleganti
1207 2078 1394 2129 insignis:
1426 2077 1525 2116 mihi
1557 2077 1718 2128 quidem
1737 2077 1824 2117 fieri

251 2139 410 2179 omnino
441 2151 522 2177 non
552 2150 668 2188 posse
699 2138 860 2178 videtur
889 2140 936 2176 ut
966 2141 1049 2177 tam
1077 2138 1184 2177 foedi
1216 2137 1362 2177 erroris
1390 2150 1480 2177 cum
1513 2137 1649 2188 aliqua
1679 2138 1822 2187 proba—

250 2199 409 2238 bilitate
442 2198 708 2237 insimuletur.
769 2198 905 2248 itaque
937 2197 1025 2247 ipsa
1049 2198 1108 2235 rei
1139 2200 1286 2237 natura
1317 2210 1362 2236 ac
1376 2197 1541 2236 ⁴ratione
1574 2197 1626 2236 ad
1651 2197 1822 2236 celeber-

249 2258 399 2297 rimum
439 2257 647 2296 Menandri
691 2258 901 2308 aequalem
943 2259 985 2296 et
1029 2258 1231 2296 aemulum
1273 2257 1491 2296 deferimur
1530 2256 1822 2296 Philemonem:

251 2331 368 2369 quem
412 2317 570 2356 etiamsi
611 2317 724 2355 mimi
766 2317 1015 2357 inventorem
1065 2316 1189 2356 fuisse
1232 2319 1393 2366 praeter
1437 2315 1665 2362 Choricium
1707 2329 1823 2355 nemo

250 2377 388 2416 tradat
418 2398 473 2403 -—
505 2376 660 2416 invenit
691 2376 799 2415 enim
837 2376 879 2414 in
911 2375 1049 2415 Sicilia
1081 2376 1281 2427 Sophron,
1311 2376 1519 2426 Euripidis
1556 2376 1733 2426 aequalis
1765 2398 1823 2403 —

250 2439 397 2486 tamen,
430 2436 617 2487 quoniam
647 2436 717 2480 ubi
750 2438 790 2474 et
822 2436 1018 2486 quomodo
1050 2436 1152 2475 illud
1182 2436 1411 2486 scriptionis
1436 2448 1563 2486 genus
1588 2435 1630 2473 in
1656 2434 1824 2475 Graecia

251 2497 456 2535 excultum
482 2496 534 2535 sit
559 2508 724 2546 prorsus
749 2495 995 2547 ignoramus,
1015 2495 1290 2535 Philemonem
1315 2495 1447 2534 mimis
1474 2507 1632 2546 quoque
1665 2507 1821 2546 compo-

250 2555 390 2595 nendis
435 2568 595 2605 operam
639 2554 795 2594 dedisse
838 2568 968 2606 neque
1012 2555 1306 2595 adfirmaverim
1346 2557 1496 2593 temere
1538 2567 1667 2605 neque
1706 2567 1822 2605 prae-

251 2616 377 2654 fracte
397 2615 639 2666 negaverim.
676 2615 781 2664 quod
801 2615 835 2654 si
848 2614 955 2663 fecit,
975 2615 1093 2653 facile
1112 2615 1365 2667 intellegitur
1378 2627 1502 2665 quare
1522 2614 1556 2652 is
1570 2613 1640 2665 qui
1651 2614 1823 2654 Athenis

251 2675 405 2725 primus
442 2674 609 2713 mimum
646 2675 871 2724 composuit
900 2675 1085 2714 inventor
1122 2675 1209 2727 eius
1245 2686 1331 2714 esse
1364 2674 1533 2713 dicatur.
1595 2674 1664 2712 sed
1694 2674 1823 2713 multo

213 2728 219 2735 ⁸
251 2734 338 2774 veri
369 2734 538 2773 similior
570 2733 714 2773 Gallici
744 2733 966 2785 Apologiae
1003 2733 1167 2773 editoris
1202 2734 1431 2773 coniectura
1460 2733 1621 2773 videtur
1653 2729 1709 2786 (p.
1738 2735 1823 2772 244

252 2807 291 2833 n.
322 2806 424 2834 xv111
458 2789 519 2846 1),
566 2806 647 2832 non
689 2795 797 2832 recte
847 2793 919 2831 illa
961 2806 1048 2832 meo
1098 2794 1258 2844 quidem
1301 2793 1446 2832 iudicio
1485 2805 1509 2831 a
1547 2791 1822 2832 Studemundo

254 2849 309 2906 (p.
333 2847 406 2906 17)
439 2852 597 2892 reiecta.
646 2855 804 2892 constat
824 2852 997 2892 Choricii
1030 2855 1162 2892 aetate
1187 2865 1334 2893 novam
1359 2852 1603 2892 comoediam
1632 2865 1720 2890 eam
1745 2852 1820 2891 dici

255 2913 417 2951 solitam
449 2925 533 2951 esse
565 2913 678 2951 cuius
711 2913 921 2952 Philemon
952 2915 993 2952 et
1023 2913 1241 2952 Menander
1271 2913 1471 2963 principes
1503 2913 1679 2950 fuerunt.
1723 2925 1824 2963 quae
