2014 3334
256 241 341 284 458
657 253 660 257 ’
902 244 1164 279 ΑΔΕΣΠΟΤΑ

251 350 468 405 Ἰταλιώτης
500 349 576 408 (sic
597 354 733 394 Cobet.
754 355 897 394 Mnem.
919 355 1017 394 VIII
1046 358 1098 396 22
1133 370 1204 407 pro
1227 352 1481 411 Ἰταλιώδης)·
1516 355 1536 396 6
1568 355 1722 405 ἀλαζὼν
1746 357 1824 398 ἀπὸ

255 419 333 452 τῶν
364 415 679 466 Πυθαγορικῶν,
709 411 736 465 ’ἢ
768 412 874 461 (add.
895 410 1008 468 Cob.)
1043 414 1108 454 διὰ
1139 413 1211 466 τὴν
1241 415 1462 468 Σύβαριν,
1470 414 1491 456 6
1523 416 1675 469 λάγνος.
1719 418 1824 461 idem

251 470 485 523 Ἰταλιώτης·
511 473 802 526 Πυθαγόρειος.
841 472 926 514 ἐκεῖ
937 473 1011 527 γὰρ
1033 472 1240 542 διέτριβον.
1259 472 1595 527 -Ἰταλιώτην,
1585 491 1609 516 1.
1623 489 1656 515 e.
1676 477 1823 528 Pytha-

255 546 433 584 goieum,
467 535 508 571 et
539 530 710 580 ἀλαζόνα
740 547 812 584 pro
845 534 1076 586 synonymis
1107 535 1252 584 posuit.

1001 650 1086 692 276

538 732 657 787 ἥμην
688 731 802 787 ποτ’,
833 733 950 788 ἥμην
981 739 1070 775 τῶν
1101 733 1395 789 σφριγώντων
1427 733 1475 775 ἐν
1506 735 1666 788 λόγοις.

374 818 640 869 Etymologio.
672 833 724 860 m.
755 820 854 868 430,
888 821 912 858 8
945 820 1028 859 cod.
1050 819 1163 860 Voss.
1196 833 1259 870 ap.
1292 819 1417 860 Gaisf.
1448 818 1490 858 τὸ
1521 817 1629 870 ήμην
1660 818 1723 859 ἐπὶ
1753 825 1824 860 τοῦ

255 875 435 929 ὑπῆρχον
467 876 747 931 ἀπηγόρευται,
787 877 936 931 λέγεται
975 876 1016 918 δὲ
1040 873 1110 951 ,ἦν
1167 884 1334 931 χρῶνται
1375 876 1418 917 δέ
1448 893 1549 926 τινες
1579 878 1703 934 τούτῳ
1734 885 1824 918 τῶν

254 935 518 990 νεωτέρων,
551 933 638 977 οἷον
669 940 746 977 κτλ.
801 932 900 989 ημεν
931 951 1003 988 pro
1034 935 1143 990 ήμην
1174 939 1319 977 Naber.
1339 939 1483 977 Mnem.
1503 951 1591 977 nov.
1601 938 1700 977 VIII
1721 940 1824 978 434:

254 997 388 1046 piavis
420 997 526 1036 enim
557 997 759 1037 codicibus
786 997 995 1047 deceptum
1022 998 1146 1037 fuisse
1172 998 1493 1050 grammaticum
1532 997 1580 1036 do
1606 997 1824 1048 inperfecto

253 1053 361 1107 ἤμην
393 1057 441 1096 of.
469 1057 624 1097 Veitch.
657 1055 724 1095 Gr.
755 1052 883 1097 verb.²
916 1059 1011 1097 200.

993 1173 1078 1215 277

538 1253 688 1305 οὐδεὶς
720 1255 923 1311 δυσώνης
954 1257 1146 1312 χρηστὸν
1178 1254 1347 1306 ὀψωνεῖ
1373 1254 1514 1311 κρεάς.

371 1341 551 1392 Photius,
578 1341 735 1393 Suidas,
754 1341 936 1392 Append.
957 1355 1067 1392 prov.
1088 1343 1125 1391 4,
1149 1342 1201 1381 35
1224 1337 1313 1394 (ubi
1333 1342 1381 1381 cf.
1402 1337 1620 1396 Leutsch.)
1641 1342 1822 1392 Apostol.

255 1403 327 1451 13,
368 1402 436 1440 30.
489 1422 537 1427 ——
590 1402 778 1441 Eustath.
817 1403 920 1450 455,
959 1403 1016 1441 40
1058 1397 1163 1454 (Ael.
1201 1395 1337 1453 Dion.)
1388 1400 1722 1453 συμπαράκεινται
1758 1400 1823 1441 καὶ

254 1458 379 1512 ἕτεραι
409 1459 692 1511 κεφαλαιώδεις
722 1461 929 1512 παροιμίαι
960 1455 1102 1500 αὗται.
1155 1458 1249 1499 .καὶ
1281 1458 1411 1507 οὐδεις
1442 1462 1518 1499 κτλ.
1551 1461 1651 1501 Poll.
1675 1463 1713 1509 3,
1738 1463 1818 1500 126

253 1517 274 1558 6
313 1518 495 1570 δυσώνης
536 1518 610 1559 οὐκ
648 1515 739 1559 οἶδα
776 1517 846 1571 μὲν
885 1520 920 1559 εἰ
948 1534 1054 1570 παρα
1092 1535 1186 1570 τινι,
1225 1518 1267 1558 ἐν
1306 1516 1347 1558 δὲ
1384 1519 1586 1574 παροιμίᾳ.
1649 1521 1718 1559 sed
1749 1521 1822 1559 hoo

252 1579 384 1629 ipsum
403 1580 660 1629 proverbium
680 1592 726 1618 ex
746 1580 950 1619 comoedia
968 1579 1127 1619 videtur
1147 1579 1324 1617 fluxisse:
1354 1591 1448 1617 nam
1467 1579 1642 1618 Pollucis
1662 1579 1821 1630 quidem

254 1638 455 1678 dubitatio
488 1652 534 1677 eo
566 1639 800 1690 infringitur
833 1639 938 1691 quod
969 1639 1053 1689 ipso
1073 1638 1184 1678 verbi
1212 1638 1406 1677 δυσωνεῖν
1438 1639 1658 1688 exemplum
1693 1639 1823 1678 adfert

254 1710 300 1736 ex
332 1698 498 1737 Platone
531 1698 680 1737 comico
713 1693 849 1752 (224).

989 1791 1074 1833 278

538 1873 620 1915 οὐκ
651 1872 707 1915 ἂν
739 1874 897 1916 δύναιο
929 1871 1086 1930 γαστρὶ
1116 1856 1338 1927 πενθῆσαι
1369 1873 1539 1928 νεκρόν.

372 1960 552 1999 Photius.
583 1961 624 1998 in
650 1973 741 1999 eum
765 1960 833 2011 qui
858 1962 1029 1999 ciborum
1048 1957 1278 2000 abstinentia
1297 1961 1502 1999 mortuum
1521 1959 1659 2010 lugere
1685 1960 1817 1999 vellet.

252 2019 396 2069 'petivit
433 2019 606 2059 comicus
644 2019 883 2060 sententiam
915 2033 962 2059 ex
999 2020 1113 2059 Hom.
1146 2019 1191 2058 Il.
1227 2020 1293 2069 19,
1327 2020 1410 2057 225
1445 2014 1628 2071 (Nabar.)
1670 2017 1823 2070 γαστέρι

254 2074 292 2117 δ’
328 2076 377 2118 οὔ
409 2092 493 2126 πως
524 2077 602 2118 ἔστι
633 2077 753 2118 νέκυν
783 2082 985 2130 πενθῆσαι
1011 2075 1201 2130 Ἀχαιούς.

992 2206 1077 2248 279

535 2291 687 2345 γραφή
718 2305 763 2331 τε
795 2287 868 2332 καὶ
900 2290 1117 2338 Λευκαϊος
1148 2287 1202 2330 οὐ
1233 2287 1394 2330 ταύτὸν
1427 2285 1593 2344 (λέγει).

371 2375 552 2427 Append.
585 2389 694 2426 prov.
730 2379 767 2425 1,
800 2378 854 2416 83
894 2378 934 2415 et
973 2375 1114 2415 Suidas
1159 2372 1220 2413 ἐπὶ
1261 2379 1338 2413 τῶν
1375 2372 1544 2425 ἀνόμοια
1585 2373 1820 2426 γραφόντων

253 2431 467 2490 (hactenus
500 2431 703 2489 Suidas).
778 2466 787 2475 .
820 2434 877 2474 ὅτι
909 2433 996 2487 οὐχὶ
1027 2432 1126 2485 αὕτη
1162 2433 1281 2484 φύσις
1311 2438 1468 2505 γραφῆς
1499 2431 1565 2472 καὶ
1595 2432 1718 2473 αὐτοῦ
1749 2438 1819 2472 τοῦ

251 2493 507 2547 γραφομένου
546 2494 733 2546 σώματος.
795 2495 946 2534 incerto
992 2494 1140 2534 comico
1179 2493 1321 2532 tribuit
1357 2489 1457 2545 λέγει
1493 2492 1641 2531 addens
1683 2493 1818 2532 Cobet

253 2555 396 2594 Mnem.
429 2568 518 2595 nov.
550 2556 586 2593 V
620 2556 718 2594 222.

991 2633 1078 2676 280

538 2715 612 2759 καὶ
643 2721 921 2774 φθειριῶσαν
953 2716 1012 2767 ὡς
1042 2716 1091 2758 τὸ
1123 2714 1228 2771 πρὶν
1259 2712 1571 2768 Καλλισθένης

376 2803 519 2843 Suidas
550 2801 842 2854 Καλλισθένης·
886 2800 1044 2855 φέρεται
1068 2800 1181 2854 λόγος
1200 2799 1253 2848 ὡς
1273 2799 1293 2840 6
1313 2798 1584 2850 Καλλισθένης
1602 2798 1680 2839 ὑπὸ
1700 2803 1818 2850 φθει-

253 2867 334 2914 ρῶν
367 2861 644 2914 ὑπερβλύσεως
675 2861 741 2902 καὶ
773 2861 992 2914 ἐκβράσεως
1022 2859 1089 2901 τὸν
1115 2860 1205 2912 βίον
1236 2858 1500 2912 καταστρέφει.
1544 2858 1609 2898 καὶ
1633 2862 1823 2911 μαρτυρεῖ

253 2919 274 2961 6
307 2921 448 2973 ἴαμβος
480 2917 595 2969 οὗτος
625 2925 702 2961 κτλ.
763 2920 868 2974 περὶ
904 2927 988 2973 τῆς
1026 2921 1238 2974 ἰατρικῆς
1278 2918 1442 2971 τέχνης
1472 2916 1609 2971 λέγων,
1640 2915 1692 2965 ὡς
1723 2916 1817 2969 ἠμέ-
