2014 3334
715 251 919 286 ΛΔΗΛῼΝ
944 252 1206 288 ΔΡΑΜΑΤΩΝ
1661 254 1746 296 207

284 362 526 404 Eustathius
563 364 688 413 1166,
723 365 776 402 52
823 363 1006 416 χιτώνιον
1044 363 1111 404 καὶ
1149 365 1380 418 χιτωνάριον
1417 365 1558 406 λεπτὸν
1595 365 1747 420 ἔνδυμα

163 425 392 476 γυναικεῖον
423 420 643 470 πολυτελές.
706 420 950 477 Μένανδρος
980 427 1058 465 κτλ.
1119 422 1238 478 ἡτέρα
1269 425 1419 476 Bona]
1453 423 1479 478 ἡ
1511 425 1653 481 ἑταίρα.
1685 431 1745 468 λε-

163 480 338 535 λουμένη
369 488 503 535 παρῆν
535 480 645 536 ἑτέρα
675 483 823 523 Naber.
860 485 1004 524 Mnem.
1037 498 1127 526 nov.
1162 486 1263 525 VIII
1296 488 1396 526 425.

915 626 1000 670 728

450 740 751 751 .....
816 708 898 752 οὐκ
930 709 1175 767 ἐλευθέρου
1207 709 1361 767 φέρειν

450 781 663 836 νενόμικα
693 786 1006 824 κοινωνοῦσαν
1036 781 1208 837 ἡδονὴν
1239 782 1379 840 ὕβρει.

285 867 483 908 Stobaeus
509 867 647 908 Floril.
674 869 744 919 89,
771 870 796 919 6
824 873 894 909 τοῦ
930 866 1055 909 αὐτοῦ
1090 865 1357 923 (Μενάνδρου
1393 866 1440 924 5)
1466 871 1513 910 Α.
1546 862 1594 923 με
1628 872 1744 911 Vind.

893 988 1001 1053 '729

449 1126 748 1136 .....
812 1092 912 1150 οὐχὶ
943 1095 1025 1150 τὴν
1057 1094 1198 1151 αὐτὴν
1229 1096 1317 1151 ἔχει

0 1152 7 1251 ξ
450 1165 656 1208 διάνοιαν
689 1166 826 1209 αἰτῶν
860 1161 923 1217 εἷς
955 1165 1138 1218 ἕκαστος
1168 1166 1243 1210 καὶ
1276 1168 1437 1223 λαβών.

280 1252 476 1293 Stobaeus
502 1253 586 1292 Eol.
614 1255 652 1303 2,
678 1255 748 1305 46,
775 1255 800 1293 8
822 1253 1027 1294 Wachsm.
1054 1254 1317 1308 Μενάνδρου.
1383 1258 1418 1294 1.
1438 1253 1514 1307 ἔχει
1545 1257 1607 1294 est
1638 1256 1679 1294 in
1698 1255 1742 1295 L.

914 1395 1001 1439 730

447 1510 890 1522 .......
899 1537 906 1544 1
955 1478 1009 1522 οὐ
1041 1482 1270 1523 λυποῦντα
1303 1481 1374 1522 δεῖ

446 1549 687 1607 παιδάριον
719 1550 908 1608 ὀρθοῦν,
940 1550 1051 1594 ἀλλὰ
1082 1549 1156 1595 καὶ
1187 1552 1405 1595 πείθοντά
1436 1567 1489 1595 τι.

283 1649 480 1689 Stobaeus
513 1650 654 1690 Floril.
688 1652 756 1704 83,
792 1653 843 1690 12
877 1655 949 1691 τοῦ
981 1648 1105 1690 αὐτοῦ
1138 1645 1406 1705 (Μενάνδρου
1442 1654 1496 1691 10
1526 1654 1566 1690 et
1594 1647 1667 1704 11)
1693 1652 1742 1693 A.

165 1710 203 1747 1.
233 1708 339 1760 μάλα
370 1709 436 1749 δεῖ
461 1709 546 1750 ΑΒ.
595 1708 651 1761 μὰ
682 1710 761 1750 Δία
793 1710 860 1750 δεῖ
885 1707 921 1750 σ’
956 1709 1017 1750 ἀεὶ
1048 1711 1168 1750 Mein.
1201 1712 1261 1751 ed.
1294 1712 1385 1750 mai.
1436 1713 1606 1751 fortasse
1637 1711 1742 1763 μάλα

161 1768 439 1821 dittographia
459 1772 522 1809 est
546 1770 656 1810 vocis
676 1768 775 1810 ἄλλά
799 1771 841 1810 in
867 1785 903 1812 v.
927 1773 962 1810 2.
1021 1771 1182 1812 Terent.
1201 1771 1372 1822 Adelph.
1397 1774 1433 1823 1,
1457 1774 1491 1821 1,
1513 1773 1568 1811 32
1589 1773 1742 1821 puddre

160 1831 195 1868 et
225 1830 454 1869 liberalitate
490 1831 632 1870 liberos
660 1831 665 1878 Ι
692 1831 855 1871 retine're
891 1833 1017 1871 satius
1053 1831 1134 1871 e'sse
1165 1833 1275 1871 credo
1313 1833 1429 1880 quam
1460 1835 1572 1871 metu.
1634 1833 1740 1871 unde

161 1888 213 1928 ad
242 1888 440 1939 Adelphos
469 1890 742 1942 fragmentum
773 1891 975 1931 referebat
1006 1891 1231 1931 Meinekius
1268 1892 1438 1943 incerta,
1476 1894 1524 1931 ut
1554 1891 1639 1942 ipse
1673 1892 1741 1944 ait,

161 1949 402 1989 coniectura.

912 2057 994 2099 731

376 2138 603 2195 ἄνθρωπε,
635 2137 795 2196 πέρυσι
825 2132 997 2196 πτωχὸς
1027 2137 1148 2196 ἦσθα
1180 2139 1251 2184 καὶ
1283 2142 1452 2196 νεκρός,

375 2208 491 2253 νυνὶ
513 2208 561 2253 δὲ
593 2214 808 2263 πλουτεῖς.

281 2298 518 2338 Eustathius
560 2300 693 2350 1833,
731 2301 785 2339 58
829 2298 898 2338 τὸν
941 2299 1096 2352 πτωχὸν
1139 2299 1302 2347 ἀστείως
1346 2302 1471 2355 νεκρῷ
1518 2299 1672 2339 εἴκασεν
1716 2297 1738 2339 ὁ

161 2354 404 2410 Μένανδρος
435 2356 558 2397 εἰπών
588 2361 665 2398 κτλ.
730 2361 768 2399 2.
800 2357 892 2399 νυνὶ
923 2359 1053 2411 Grot]
1089 2365 1176 2400 νῦν.

911 2501 996 2544 732

375 2582 545 2637 κομψὸς
576 2584 844 2639 στρατιώτης
876 2582 974 2627 οὐδ’
1011 2583 1066 2627 ἂν
1099 2585 1140 2626 εἰ
1167 2584 1350 2626 πλάττοι
1381 2584 1487 2634 θεὸς

377 2651 526 2704 οὐδεὶς
555 2651 718 2708 γένοιτ’
754 2656 820 2698 ἄν.

282 2751 482 2792 Stobaeus
501 2753 638 2792 Floril.
661 2755 728 2803 53,
750 2756 774 2794 6
810 2754 1059 2806 Μενάνδρου
1078 2755 1126 2792 A.
1189 2752 1239 2792 ἂν
1265 2753 1301 2792 εἰ
1317 2751 1491 2803 πλάττοι]
1513 2750 1564 2791 ἂν
1589 2752 1736 2809 πλάττῃ

162 2811 210 2849 A.
249 2808 319 2850 ἐὰν
343 2810 489 2867 πλάττῃ
510 2811 635 2852 Gaisf.
680 2814 750 2852 sed
775 2814 874 2853 illud
902 2814 1056 2853 melius.
1120 2815 1157 2852 2.
1190 2811 1328 2859 οὐθεὶς
1353 2813 1520 2851 codices.
1576 2813 1737 2852 videtur

163 2870 319 2922 mulier,
350 2873 398 2910 ut
429 2872 533 2922 apud
566 2872 789 2913 Lucianum
822 2874 925 2912 Dial.
960 2875 1117 2912 meretr.
1154 2874 1220 2923 13,
1253 2875 1291 2910 4.
1324 2874 1363 2923 5,
1395 2872 1535 2911 militis
1567 2872 1735 2911 inmani-

161 2931 287 2970 tatem
319 2931 552 2972 abominari.
