2014 3334
749 238 1225 275 ΕΓΚΑΛΤΠΤΟΜΕΝΟΣ
1685 239 1770 283 ‘297

401 333 628 392 τεταγμέν’
667 335 807 387 εὐθύς
839 335 935 380 ἐστί
961 352 1038 393 μοι
1068 338 1180 394 πρὸς
1210 338 1290 380 τὸν
1320 340 1442 394 βίον·

275 412 278 416 ’
337 420 381 452 230
402 406 514 466 ἕτερ’
551 406 644 451 ἐστὶ
674 415 768 459 τοῖς
799 407 933 466 ἐρῶσι
965 407 1039 452 καὶ
1069 417 1163 460 τοῖς
1195 412 1466 467 φιλοσόφοις

401 478 475 524 καὶ
505 486 599 531 τοῖς
629 480 852 532 τελώναις.
915 481 1145 539 μειράκιον
1177 481 1406 539 ἐρωμένην

402 552 505 608 ἔχον
535 551 745 611 πατρῴαν
778 552 938 596 οὐσίαν
968 555 1211 597 κατεσθίει·

401 624 545 682 τούτῳ
576 623 810 680 παρέθηκα
842 626 1003 680 σηπίας
1034 623 1108 668 καὶ
1138 626 1352 678 τευθίδας

400 695 473 740 καὶ
504 702 595 738 τῶν
625 698 848 753 πετραίων
881 697 1055 753 ἰχθύων
1086 704 1176 740 τῶν
1207 699 1440 753 ποικίλων,

337 779 382 812 35
403 768 720 825 ἐμβαμματίοις
751 771 1025 826 γλαφυροῖσι
1056 769 1409 826 κεχορηγημένα·

403 839 428 883 ὁ
459 841 545 897 γὰρ
577 842 780 892 τοιοῦτός
811 840 932 884 ἐστιν
965 841 1020 884 οὐ
1053 842 1346 898 δειπνητικός,

401 912 514 970 πρὸς
543 918 604 971 τῷ
637 903 789 969 φιλεῖν
821 910 870 957 δὲ
900 914 983 969 τὴν
1016 914 1223 957 διάνοιάν
1255 912 1342 957 ἐστ’
1379 915 1504 970 ἔχων.

402 990 462 1043 τῷ
497 986 733 1044 φιλοσόφῳ
765 984 1000 1042 παρέθηκα
1031 988 1180 1041 κωλῆν
1211 985 1238 1041 ἣ
1271 987 1432 1037 πόδας·

404 1055 640 1112 ἀδηφάγον
671 1058 721 1101 τὸ
755 1059 867 1116 ζῷον
897 1059 961 1109 εἰς
991 1049 1247 1114 ὑπερβολὴν

338 1139 384 1171 40
405 1129 538 1172 ἔστιν.
599 1129 768 1186 τελώνῃ
800 1133 1012 1184 γλαῦκον,
1047 1131 1245 1186 ἔγχελυν,
1279 1130 1470 1186 σπάρον·

405 1201 513 1244 ὅταν
545 1201 677 1257 ἐγγὺς
707 1196 736 1259 ῂ
767 1218 827 1261 τῳ
861 1200 902 1245 δ’
938 1202 965 1258 ἡ
998 1204 1148 1259 σορός,
1180 1202 1327 1259 ἀρτύω
1361 1208 1510 1258 φακῆν

404 1271 478 1316 καὶ
509 1274 559 1316 τὸ
591 1275 880 1330 περίδειπνον
911 1276 992 1318 τοῦ
1023 1276 1127 1330 βίου
1160 1275 1363 1331 λαμπρὸν
1394 1282 1520 1317 ποιῶ.

406 1345 459 1388 τὰ
490 1352 580 1388 τῶν
611 1347 837 1403 γερόντων
869 1348 1063 1403 στόματα
1096 1346 1321 1403 διαφορὰν
1352 1347 1455 1402 ἔχει,

404 1418 666 1474 νωθρότερα
696 1421 845 1476 πολλῷ
880 1416 920 1461 δ’
957 1416 1078 1462 ἐστὶν
1111 1435 1137 1474 η
1169 1419 1223 1478 τὰ
1254 1425 1344 1460 τῶν
1375 1417 1504 1460 νέων.

340 1499 384 1530 45
407 1490 560 1532 σίναπι
591 1491 869 1546 παρατίθημι
899 1490 1089 1544 τούτοις,
1121 1488 1194 1532 καὶ
1227 1497 1340 1533 ποιῶ

404 1562 569 1616 χυλοὺς
601 1559 840 1617 ἐχομένους
873 1561 1155 1618 δριμύτητος,
1186 1561 1268 1616 τὴν
1300 1561 1441 1616 φύσιν

405 1632 481 1675 ἵνα
513 1634 733 1689 διεγείρας
763 1641 998 1688 πνευματῶ
1030 1633 1110 1675 τὸν
1141 1632 1259 1689 ἀέρα.

371 1750 374 1752 ,
408 1704 519 1746 ι’δὼν
549 1705 599 1747 τὸ
631 1706 873 1760 πρόσωπον
904 1703 1100 1761 γνώσομ’
1138 1700 1192 1747 οὗ
1226 1706 1345 1760 ζητεῖ
1373 1712 1535 1760 φαγεῖν

407 1774 590 1827 εκαστος
619 1775 759 1832 ὑμῶν.

313 1863 546 1902 Athenaeus
581 1865 619 1915 9,
652 1865 770 1904 403e
814 1863 854 1903 τί
879 1867 1061 1903 τοιοῦτον
1102 1861 1259 1916 ἐξεῦρεν
1291 1863 1312 1904 ὁ
1344 1864 1452 1917 παρὰ
1479 1862 1689 1922 Ἀνθίππῳ
1721 1868 1775 1921 τῷ

192 1925 352 1979 κωμικῷ
384 1922 613 1976 μάγειρος
642 1917 705 1977 (ὂς
724 1924 812 1962 add.
835 1922 1077 1976 Schweigh.)
1100 1920 1145 1963 ἐν
1175 1926 1230 1979 τῷ
1257 1921 1610 1982 Ἐγκαλυπτομένῳ
1642 1925 1774 1965 τοιάδε

193 1980 404 2036 ὠγκώσατο
437 1978 660 2037 (ὠγκήσατο
686 1977 744 2037 A)
775 1985 854 2022 κτλ.
960 1985 1029 2023 ,8
1061 1984 1302 2024 Eustathius
1339 1987 1465 2036 1257,
1499 1987 1554 2025 34
1589 1985 1773 2041 κυμίνῳ

192 2041 260 2083 καὶ
303 2040 401 2090 ὄξει
443 2057 512 2082 και
555 2043 727 2099 σιλφίῳ
771 2057 838 2082 και
880 2041 1122 2100 κοριάννῳ
1166 2041 1233 2082 καὶ
1272 2048 1353 2092 τοῖς
1395 2043 1609 2095 τοιούτοις,
1652 2042 1679 2084 ἀ
1723 2044 1772 2096 δὴ

193 2100 438 2155 ἀρτύματα
468 2101 660 2154 Κρόνου
691 2102 896 2150 παίζονται
927 2098 1040 2142 εἶναι.
1101 2117 1138 2143 v.
1167 2105 1284 2143 31-
1301 2106 1354 2144 37
1383 2105 1624 2144 Eustathius
1648 2106 1774 2154 1585,

195 2165 247 2202 61
295 2162 417 2214 δηλοῖ
458 2160 565 2214 παρὰ
603 2158 809 2219 Ἀθηναίῳ
853 2162 1038 2216 μάγειρος
1085 2161 1387 2216 ἔμβαμμάτια
1436 2162 1660 2217 καταλέγων
1709 2163 1775 2203 καὶ

194 2221 394 2275 ἰχθύδια
424 2220 796 2262 κατασκευασθέντα
822 2223 1050 2280 μειρακίῳ
1082 2221 1326 2276 ἐρωμένην
1358 2223 1525 2276 ε’.χοντι
1575 2222 1674 2275 φησὶ
1699 2223 1774 2277 γὰρ

193 2280 361 2334 ἐκεῖνος,
398 2279 452 2330 ὡς
489 2279 510 2321 ὁ
548 2287 769 2330 τοιοῦτος
805 2281 895 2330 νέος
932 2281 1058 2323 ἐστὶν
1096 2282 1151 2323 οὐ
1190 2283 1518 2335 δειπνητικός,
1559 2283 1675 2336 πρὸς
1715 2286 1774 2340 τῷ

195 2345 355 2393 φιλεῖν
387 2339 435 2381 δὲ
466 2356 551 2393 την
583 2341 811 2383 διάνοιάν
843 2341 931 2382 ἐστ’
968 2341 1098 2395 ἐ’.χων

316 2404 352 2442 3.
380 2400 586 2442 ἐδίδασκεν
605 2403 654 2442 Α.
731 2405 768 2442 6.
794 2406 922 2442 θυὶαν
955 2397 1060 2458 (sine
1092 2399 1278 2457 accentu)
1311 2404 1358 2443 A.
1432 2406 1470 2443 9.
1502 2402 1638 2456 ἐχρῆτο
1671 2404 1773 2442 Her-

196 2462 315 2501 werd.
335 2460 428 2500 Obs.
448 2462 535 2500 crit.
571 2461 675 2512 101]
708 2460 855 2514 ἐχρᾶτο.
899 2459 1013 2502 πάντ’
1049 2461 1215 2513 ἀφεῖλον
1246 2464 1368 2503 Dobr.
1394 2464 1562 2503 Advers.
1594 2464 1632 2502 II
1667 2461 1772 2513 323]

195 2520 325 2560 πάντα
356 2521 484 2571 φίλων
515 2536 558 2560 το
592 2523 639 2561 Α.
703 2523 769 2562 10.
802 2521 994 2570 τοιούτοις
1026 2523 1115 2562 add.
1139 2523 1274 2562 Dindf.
1339 2526 1406 2562 11.
1438 2522 1545 2562 ἔλεόν
1576 2537 1615 2562 τε
1647 2523 1774 2573 Toup.

199 2582 265 2621 13.
298 2578 513 2620 ἐπόθουν
538 2579 605 2632 Κ.]
637 2579 816 2622 ἐποίουν.
880 2585 946 2622 14.
978 2588 1126 2631 πρῶτοι
1154 2581 1202 2633 O]
1235 2588 1392 2635 πρῶτον
1420 2583 1469 2622 A.
1534 2584 1600 2621 16.
1633 2580 1774 2622 ἀνεκά-

195 2643 330 2693 θηραν
344 2638 392 2690 O]
413 2637 672 2692 ἀνεκάθαραν
687 2641 736 2680 Α.
790 2644 854 2682 18.
875 2644 919 2681 Β.
939 2639 1029 2693 μάλ’
1053 2642 1208 2681 Kaibel.
1259 2645 1326 2682 24.
1347 2642 1481 2695 χερσί
1497 2638 1531 2693 μ’
1549 2641 1615 2692 K]
1633 2640 1773 2694 χερσὶν.

197 2702 265 2740 25.
297 2698 343 2739 τὰ
370 2700 458 2738 add.
481 2700 650 2740 Casaub.
714 2699 782 2742 26.
814 2699 941 2742 οὐθὲν
963 2704 1008 2741 A.
1041 2701 1249 2753 Διοδώρου
1270 2702 1528 2741 ΜοίῐιΕΧοιό,
1549 2702 1646 2752 phil.
1666 2702 1706 2740 ΙΙ.
1728 2701 1771 2751 9]

197 2759 457 2812 χονδρευουσι
472 2759 522 2798 Α.
564 2761 802 2801 τασπενδιου
823 2763 872 2802 Α.
917 2758 1142 2813 διαφέροντ’
1174 2757 1283 2800 Ἁσπ.
1316 2762 1476 2801 sublato
1501 2765 1650 2812 puncto
1682 2765 1775 2812 post

196 2817 336 2871 τέχνην
373 2819 490 2858 Mein.
530 2819 573 2858 in
609 2820 705 2859 Ath.
786 2824 853 2862 27.
893 2821 1040 2876 βούλῃ,
1072 2818 1114 2859 σὲ
1146 2821 1360 2872 Tyrwhitt.
1394 2821 1520 2871 Toup.
1552 2821 1634 2859 IIII
1667 2820 1772 2871 449]

197 2877 400 2930 βούλησθε
431 2875 480 2917 A.
568 2881 635 2919 28.
667 2877 744 2919 ἀεί·
783 2880 970 2932 βρώματα
1001 2879 1067 2930 Κ.]
1107 2878 1167 2919 ἀεὶ
1205 2878 1404 2932 βρώματα.
1485 2882 1552 2920 32.
1585 2894 1774 2936 πατρῳαν

199 2936 343 2989 Toup]
363 2936 436 2989 τὴν
461 2951 648 2994 πατρῳαν
665 2941 710 2979 A.
773 2942 840 2980 38.
861 2943 995 2991 κωλῆν
1015 2937 1041 2991 ἢ
1062 2938 1234 2990 KaibeL]
1256 2937 1418 2979 κωλέαν.
1450 2940 1500 2979 of.
1515 2940 1718 2991 Euphron.
1735 2942 1773 2978 3.
