2014 3334
721 262 1032 304 ΔΑΜΟΞΕΝΟΤ
1081 264 1369 300 ΣΤΝΤΡΟΦΟΙ
1737 261 1824 306 349

235 383 404 434 χωροῦν.
501 381 537 419 1.
587 376 674 430 ἥξει
715 379 834 418 Mein.
878 378 996 419 Anal.
1042 378 1135 418 Ath.
1160 379 1279 418 1216.
1375 379 1412 417 3.
1462 378 1604 431 χωρεῖν
1654 375 1821 427 Coraes]

235 454 289 492 χω
317 443 404 479 οῦν.

292 454 314 493 Q
355 500 406 539 cf.
438 499 593 551 Epinic.
628 500 664 538 2.
696 520 755 526 ——
789 500 829 538 4.
861 497 988 538 Aleon
1020 499 1165 538 artifex
1196 498 1455 538 clarissimus.
1488 497 1602 538 Ovid.
1632 498 1728 538 Met.
1758 499 1823 547 13,

236 561 320 600 683
334 572 391 612 sq.
423 556 634 613 προῦπιεν,
648 560 815 599 donavit.
842 559 1261 610 cf.Stephan.com.1.
1320 559 1358 598 5.
1379 557 1822 610 Steph.Byz.K151pska·

237 618 435 672 φρούριον
473 617 754 672 τετειχισμένον
791 617 834 658 ἐν
867 615 1055 674 Ἀρκαδίᾳ
1095 617 1174 658 ὑπὸ
1214 616 1458 658 Μαντινέων
1488 650 1495 658 .
1530 650 1538 657 .
1568 617 1646 658 ἔστι
1677 616 1743 657 καὶ
1774 619 1823 656 Κ.

233 678 371 727 πόλις
406 675 599 735 Θρᾴκης
628 679 798 731 πλησίον
829 683 900 719 τοῦ
921 676 1076 731 Ἕβρου
1107 683 1301 730 ποταμοῦ.
1351 679 1400 718 cf.
1427 679 1530 718 Plin.
1557 679 1607 718 N.
1626 679 1665 718 h.
1687 680 1725 730 4,
1754 679 1823 717 43.

233 740 281 779 de
312 739 471 785 Actaeo,
512 753 633 790 quem
669 740 842 791 adparet
871 740 937 779 hic
973 752 1054 778 non
1085 740 1222 779 vivum
1262 739 1584 789 commemorari,
1623 739 1671 779 cf.
1704 738 1823 777 Anti-

233 799 352 851 phan.
374 801 458 840 303
492 802 534 839 et
565 800 768 840 Heraclid.
789 799 953 841 com.11
973 801 1072 839 435.
1123 800 1281 838 Mein.I
1308 801 1407 839 485.
1438 821 1487 827 —
1525 799 1823 850 conloquuntur

234 859 350 900 miles
381 860 584 912 gloriosus
617 862 658 899 et
688 860 837 911 puella.
888 872 1072 899 scaenam
1094 860 1319 899 Trumdenti
1341 861 1378 908 2,
1406 860 1430 898 6
1465 859 1639 899 contulit
1659 858 1705 899 O.
1728 859 1821 898 Rib-

233 920 344 960 beck.
374 920 486 960 Alaz.
519 921 586 960 81.
763 920 767 923 ⁷

885 1012 1173 1047 ΣΤΝΤΡΟΦΟΙ

1010 1086 1038 1128 2

366 1173 385 1211 Ι
914 1165 918 1169 ’
945 1167 1215 1227 Ἐπικούρου
1247 1169 1301 1213 δέ
1328 1185 1381 1226 με

448 1241 558 1300 ὁρᾷς
588 1241 798 1298 μαθητὴν
829 1242 939 1286 ὄντα
968 1247 1050 1285 τοῦ
1081 1247 1245 1297 σοφοῦ,
1277 1240 1381 1298 παρ’
1418 1235 1453 1300 ᾧ

447 1313 497 1356 ἐν
530 1312 603 1357 δύ’
639 1315 784 1358 ἔτεσιν
814 1312 888 1358 καὶ
920 1312 1057 1370 μησὶν
1089 1314 1171 1371 οὐχ
1204 1314 1326 1365 ὅλοις
1358 1313 1464 1358 δέκα

445 1383 625 1428 τάλαντ’
661 1384 748 1441 ἐγώ
781 1396 852 1429 σοι
883 1386 1202 1430 κατεπύκνωσα
1232 1384 1429 1443 τέτταρα.

408 1468 428 1500 5
449 1460 500 1500 Β.
531 1463 664 1501 τοῦτο
697 1454 747 1501 δὲ
777 1459 825 1500 τί
852 1457 992 1510 ἐστιν;
1026 1456 1124 1501 εἰπέ
1153 1474 1240 1515 μοι.
1297 1462 1351 1501 A.
1382 1459 1618 1514 καθήγισα.

325 1532 388 1584 111
448 1530 658 1587 μάγειρος
687 1526 745 1585 ἧν
776 1529 993 1586 κάκεῖνος,
1026 1527 1060 1573 ὦ
1092 1536 1148 1586 γῆ
1181 1529 1255 1574 καὶ
1286 1532 1400 1574 θεοί.

446 1604 495 1646 Β.
526 1609 655 1653 ποῖος
686 1601 914 1659 μάγειρος;
958 1605 1013 1645 A.
1045 1602 1072 1658 ἡ
1105 1603 1242 1658 φύσις
1272 1603 1416 1658 πάσης
1446 1602 1603 1660 τέχνης

446 1673 691 1732 ἀρχέγονόν
723 1672 828 1718 ἐστ’.
878 1677 928 1717 Β.
962 1673 1221 1732 ἀρχέγονον,
1256 1672 1479 1732 ὦλιτήριες

446 1750 502 1789 Α.
534 1746 617 1790 οὐκ
648 1747 770 1790 ἔστιν
802 1743 937 1790 οὐδὲν
968 1752 1050 1790 τοῦ
1081 1754 1238 1791 πονεῖν
1270 1748 1546 1805 σοφώτερον,

383 1831 426 1862 10
445 1825 535 1862 πᾶν
567 1818 743 1876 εὐχερές
773 1835 819 1863 τε
850 1826 1031 1876 πρᾶγμα
1062 1826 1143 1863 τοῦ
1175 1821 1315 1876 λόγου
1345 1821 1506 1877 τριβὴν

445 1892 592 1947 ἔχοντι
622 1891 804 1934 τούτου·
836 1892 979 1934 πολλὰ
1008 1892 1095 1949 γὰρ
1127 1891 1438 1948 συμβάλλεται.

448 1963 604 2020 διόπερ
636 1953 851 2020 μάγειρον
882 1963 989 2007 ὅταν
1021 1964 1121 2020 ἴδῃς
1151 1963 1442 2021 ἀγράμματον

446 2035 505 2090 μὴ
537 2036 824 2092 Δημόκριτόν
854 2050 901 2078 τε
931 2035 1076 2079 πάντα
1108 2037 1452 2092 διανεγνωκότα,

446 2110 616 2163 μᾶλλον
649 2104 698 2150 δὲ
728 2105 968 2164 κατέχοντα
1004 2107 1240 2164 [καταγέλα
1272 2109 1331 2160 ὡς
1361 2110 1514 2164 κενοῦ]

383 2191 425 2222 15
445 2177 519 2223 καὶ
549 2180 629 2223 τὸν
657 2177 924 2237 Ἐπικούρου
955 2182 1138 2236 κανόνα,
1172 2176 1404 2237 μινθώσας
1435 2182 1544 2235 ἄφες

446 2251 505 2302 ὡς’
536 2250 584 2295 ἐκ
615 2252 855 2309 διατριβῆς.
915 2258 1048 2296 τοῦτο
1081 2254 1154 2296 δεῖ
1180 2254 1266 2310 γὰρ
1298 2252 1482 2308 εἰδέναι,

445 2322 528 2366 τίν’
566 2325 654 2380 ἔχει
687 2324 913 2382 διαφορὰν
945 2332 1137 2381 πρῶτον,
1171 2323 1205 2368 ὦ
1237 2325 1434 2381 βέλτιστε
1467 2326 1538 2380 σύ,

444 2396 713 2450 γλαυκίσκος
744 2394 794 2439 ἐν
824 2403 1008 2453 χειμῶνι
1039 2395 1112 2440 καὶ
1143 2395 1285 2454 θέρει,
1316 2397 1451 2441 πάλιν

445 2474 573 2518 ποῖος
603 2465 704 2524 περὶ
736 2468 870 2512 δύσιν
902 2469 1126 2520 Πλειάδος
1156 2468 1412 2513 συνειδέναι

382 2550 428 2582 20
449 2539 580 2595 ἰχθὺς
610 2538 696 2583 ὑπὸ
727 2540 894 2596 τροπάς
924 2536 963 2583 τ’
999 2540 1092 2584 ἐστὶ
1123 2541 1465 2599 χρησιμώτατος.

447 2611 497 2654 αἱ
524 2611 763 2668 μεταβολαὶ
793 2613 879 2670 γὰρ
911 2613 962 2656 αἵ
987 2629 1034 2657 τε
1065 2615 1262 2669 κινήσεις
1292 2614 1430 2657 κακὸν

445 2683 659 2739 ἠλίβατόν
690 2682 778 2728 ἐστ’
815 2684 1075 2743 ἀνθρώποις
1105 2685 1389 2742 ἀλλοιώματα

448 2755 496 2798 ἐν
527 2762 622 2806 ταῖς
651 2763 839 2813 τροφαῖς
868 2752 1064 2813 ποιοῦσι,
1096 2759 1360 2813 μανθάνεις;
1393 2758 1444 2801 τὸ
1477 2755 1526 2801 δὲ

447 2824 625 2883 ληφθὲν
654 2828 758 2871 καθ’
794 2829 917 2886 ὥραν
949 2829 1197 2873 ἀποδίδωσι
1228 2830 1310 2885 τὴν
1340 2829 1482 2887 χάριν.

382 2910 427 2943 25
447 2901 514 2950 τίς
543 2902 890 2957 παρακολουθεῖ*ρ
909 2899 949 2944 δ’
987 2901 1118 2953 αὐτά;
1151 2907 1394 2958 τοιγαροῦν
1425 2903 1612 2958 στρόφοι

446 2969 519 3015 καὶ
550 2971 795 3029 πνευμάτια
826 2975 1040 3031 γινόμενα
1070 2974 1151 3017 τὸν
1181 2972 1453 3030 κεκλημένον
