2014 3334
270 247 356 290 514
921 250 1184 284 ΑΔΕΣΠΟΤΑ

268 364 327 458 ἒξ]
348 356 551 458 Ἀρτέμᾏδὸι.
601 355 688 400 οἷον
719 362 797 399 κτλ.
847 360 1015 408 ναστούς
1047 360 1251 414 Sylburg.]
1283 361 1466 413 μαστούς.
1516 363 1564 401 cf.
1584 361 1753 402 Philem.
1774 363 1842 402 67.

331 433 453 459 erecr.
546 450 553 458 .

949 501 1047 544 586.
1080 501 1164 544 587

554 582 852 639 συνεπίνομέν
882 599 928 626 τε
959 582 1034 627 καὶ
1065 586 1494 641 συνεκοτταβίζομεν.

552 662 642 698 τῶν
672 656 917 710 κοτταβίων
947 656 1001 698 τὰ
1031 656 1173 698 πολλὰ
1204 655 1390 713 ἡμέτερα
1420 654 1488 710 ἦν.

387 743 648 792 Etymologic.
682 757 733 781 m.
766 744 871 790 533,
906 744 959 782 13
1003 742 1212 794 κοτταβίζω
1245 739 1298 794 (v.
1335 740 1377 791 1)
1420 743 1491 782 καί
1518 739 1574 795 (v.
1608 739 1666 797 2).
1704 757 1839 783 κοττα-
1919 750 1924 751 ’

270 801 391 852 βίζειν
422 799 464 840 τὸ
502 803 554 856 τῷ
593 801 769 857 κοττάβῳ
802 802 978 854 χρῆσθαί
1013 813 1136 851 φασιν
1163 799 1343 852 Ἀττικοί,
1384 801 1471 854 οὐχὶ
1501 801 1543 841 τὸ
1575 801 1682 854 ἐμεῖν
1713 801 1841 853 ὥσπερ

269 860 426 900 οἱνῦν.
487 875 524 900 v.
561 864 579 900 1
617 860 790 900 Cramer.
823 862 972 900 Anecd.
1004 862 1094 900 Par.
1126 862 1146 900 Ι
1179 863 1282 912 272,
1315 864 1368 901 29
1410 862 1648 913 κοτταβίζειν
1690 862 1841 909 παίζειν

268 920 324 967 εἰς
355 923 499 971 χαλκᾶς
529 920 696 972 φιάλας,
727 921 796 959 καί
824 932 949 971 φησιν
981 918 1001 959 ὅ
1033 919 1255 971 κωμικός·
1301 919 1563 972 συνεπίνομέν
1593 936 1631 960 τε
1662 919 1842 971 ἀλλήλοις
1878 965 1881 968 ,

268 978 335 1018 καὶ
367 991 496 1019 συνεκ.
560 982 598 1020 2.
629 981 845 1032 κοτταβιῶν
865 981 929 1019 Et.
950 979 1053 1019 Gud.
1108 982 1277 1020 fortasse
1309 986 1388 1019 τῶν
1418 980 1654 1033 κοτταβείων
1684 977 1836 1032 ἡμέτερ’

269 1033 322 1090 ἦν
355 1038 400 1078 τὰ
431 1039 605 1079 πλείονα.
656 1053 900 1091 quamquam
926 1040 973 1078 de
1007 1040 1156 1079 comica
1187 1041 1305 1079 huius
1336 1053 1472 1080 versus
1504 1041 1656 1092 origine
1683 1041 1842 1079 dubitat

267 1098 501 1138 Meinekius.

1013 1181 1099 1223 588

554 1259 683 1306 αὗται
714 1264 798 1318 γὰρ
831 1262 1131 1319 ἐπιθυμοῦσιν
1162 1262 1331 1318 ὑγιείας
1361 1270 1522 1319 τυχεῖν.

389 1349 656 1400 Etymologic.
687 1364 739 1389 m.
774 1353 870 1399 774,
904 1352 958 1390 36
993 1350 1077 1390 cod.
1105 1350 1216 1389 Sorb.
1250 1345 1305 1403 (p.
1334 1352 1446 1390 2168
1481 1345 1624 1403 Gaisf.)
1655 1348 1697 1389 τὸ
1728 1348 1840 1403 ὑγεία

270 1409 586 1461 τετρασυλλάβως
620 1405 786 1462 (ὑγίεια)
819 1407 872 1456 ὡς
903 1408 969 1448 καὶ
1000 1408 1043 1448 ἐν
1074 1414 1118 1464 τῇ
1150 1409 1339 1464 κωμῳδία
1363 1412 1440 1448 κτλ.
1499 1409 1672 1448 Cramer.
1691 1410 1839 1449 Anecd.

272 1468 342 1508 Ox.
369 1469 430 1507 ΙΙΙ
464 1471 562 1520 251,
597 1471 650 1508 14
684 1465 849 1522 (Herod.
882 1469 1017 1509 Herm.
1051 1466 1156 1519 307)
1189 1467 1316 1521 ὑγίεια
1341 1468 1677 1521 ,τετρασυλλάβως
1709 1468 1840 1520 μόνως

267 1526 343 1580 γὰρ
380 1527 504 1575 οὕτως
537 1527 579 1568 οἱ
605 1527 760 1580 ἀρχαῖοι
790 1527 1009 1580 εἰρήκασιν·
1041 1525 1094 1575 ὡς
1124 1526 1167 1567 ἐν
1199 1533 1243 1582 τῇ
1275 1528 1463 1583 κωμῳδία
1493 1531 1570 1567 κτλ.
1603 1550 1657 1555 -—-
1690 1526 1837 1580 τυχεῖν]

270 1590 415 1639 φαγεῖν
446 1588 579 1638 Etym.
615 1588 728 1627 Sorb.
789 1587 1006 1627 Herodian.
1037 1587 1077 1626 II
1111 1589 1214 1638 595,
1249 1589 1301 1627 25
1346 1586 1387 1626 τὸ
1431 1586 1543 1640 ὑγεία
1582 1587 1840 1640 τρισύλλαβον

270 1644 358 1686 οὔτε
393 1645 435 1685 ἐν
466 1652 511 1701 τῇ
549 1647 736 1703 κωμῳδίᾳ
774 1644 862 1686 οὔτε
901 1645 943 1686 ἐν
974 1652 1019 1702 τῇ
1056 1647 1252 1702 τραγῳδίᾳ
1283 1646 1452 1699 εὕρηται.
1502 1644 1569 1685 καὶ
1607 1646 1648 1686 οἱ
1681 1646 1840 1700 ῥήτορες

271 1703 314 1745 δὲ
345 1706 663 1759 τετρασυλλάβως
693 1705 975 1760 προφέρουσιν.
1026 1708 1073 1746 cf.
1105 1707 1267 1746 Por-son.
1298 1707 1435 1756 Eurip.
1468 1705 1597 1747 Oresss.
1630 1709 1725 1746 229.

1012 1835 1099 1878 589

555 1919 807 1969 δεινότατος
838 1917 1090 1973 ἀπομάκτης
1119 1934 1165 1960 τε
1197 1918 1401 1973 μεγάλων
1432 1925 1678 1973 συμφορῶν

389 2005 683 2055 Harpocration
704 2008 771 2053 28,
795 2007 847 2044 13
881 2035 890 2043 .
917 2035 925 2043 .
953 2036 960 2044 .
992 2006 1206 2056 Σοφοκλῆς
1237 2003 1279 2043 ἐν
1311 2003 1575 2055 Αἰχμαλώτισι
1606 1999 1672 2056 (fr.
1694 2005 1743 2042 31
1768 1998 1837 2056 N.)

269 2063 334 2103 καὶ
372 2064 491 2103 πάλιν
523 2068 598 2104 κτλ.
642 2087 691 2092 —-
734 2064 948 2104 δεινότατοι
978 2064 1103 2103 BOF.
1134 2078 1209 2103 om.
1241 2065 1287 2102 N.
1339 2062 1606 2114 ἀπομάκτητες
1637 2077 1720 2115 μεγ.
1754 2062 1838 2102 BC.

274 2125 441 2175 Hesych.
474 2123 719 2175 ἀπομάκτης·
760 2122 1063 2176 περικαθαρτής.
1111 2136 1191 2162 non
1221 2123 1426 2173 Sophoclis
1458 2136 1547 2162 eum
1574 2135 1688 2174 quem
1718 2135 1840 2172 supra

270 2184 552 2234 exscripsimus
578 2197 750 2235 versum,
777 2185 845 2223 sed
872 2184 1011 2222 comici
1036 2186 1177 2234 poetae
1204 2195 1288 2222 esse
1313 2182 1598 2230 animadvertit
1621 2182 1838 2220 Nauckius.

1006 2299 1094 2342 590

556 2381 684 2439 ἀργοὶ
715 2383 940 2438 κάθηνταί
966 2397 1042 2438 μοι
1072 2388 1278 2436 γυναῖκες
1308 2379 1518 2436 τέτταρες.

389 2470 627 2519 Harpocrat.
660 2470 744 2508 cod.
774 2470 893 2507 Marc.
927 2469 1095 2507 Bekker.
1128 2470 1196 2515 36,
1231 2470 1284 2506 14
1317 2466 1435 2519 ἀργὸς
1467 2466 1532 2506 ἐπί
1559 2481 1598 2506 τε
1629 2465 1836 2519 ἀρσενικοῦ

269 2528 335 2568 καὶ
366 2531 550 2580 θηλυκοῦ
582 2526 759 2575 ἀττικῶς·
798 2526 864 2567 καὶ
899 2525 919 2567 ὅ
950 2526 1120 2579 κωμικός
1151 2529 1227 2565 κτλ.
1278 2527 1326 2567 cf.
1358 2527 1491 2577 Epicr.
1524 2528 1561 2578 3,
1595 2528 1632 2566 5.
1681 2527 1836 2566 Alexid.

274 2591 369 2639 185,
390 2591 428 2628 3.
479 2584 648 2627 ‘lenonis
674 2590 746 2626 aut
770 2588 883 2626 lenae
909 2586 1032 2627 verba
1058 2599 1141 2626 esse
1167 2582 1382 2626 videntur&
1413 2587 1617 2625 Herwerd.
1637 2585 1728 2625 Obs.
1749 2586 1836 2625 crit.

272 2651 367 2687 117.
400 2651 443 2687 ab
475 2647 614 2698 quidni
645 2659 786 2697 servas⁴
811 2647 1093 2698 intellegamus
1126 2648 1235 2685 certo
1268 2646 1378 2696 operi
1410 2645 1656 2685 destinatas?

1010 2762 1094 2804 591

554 2843 702 2896 οὐδεὶς
731 2845 815 2901 γὰρ
847 2842 984 2899 οἶδεν,
1017 2843 1065 2887 ἑν
1095 2842 1195 2902 Κέῳ
1226 2845 1292 2895 τίς
1322 2842 1472 2901 ἡμέρα.

388 2914 613 2983 Hesychius
645 2930 687 2971 ἐν
708 2929 798 2987 Κέῳ
823 2931 879 2979 τίς
903 2928 1047 2993 ἡμέρας
1077 2931 1268 2984 παροιμία
1300 2929 1363 2970 ἐπὶ
1391 2936 1470 2970 τῶν
1496 2928 1570 2970 οὑκ
1600 2927 1833 2983 εὑγνώστων
