2014 3334
239 238 329 281 400
599 222 601 226 ’
889 242 1153 277 ΑΔΕΣΠΟΤΑ

237 351 416 402 δηλοῦσι,
446 351 620 404 βροντᾶν
646 349 717 404 μὲν
743 351 864 392 αὐτὸν
892 351 956 392 καὶ
981 352 1213 406 ἀστράπτειν
1239 354 1300 395 ὅτε
1326 356 1585 410 δημηγοροίη,
1612 356 1746 399 δεινὸν
1771 356 1813 400 δὲ

237 410 431 462 κεραυνὸν
463 411 507 451 ἐν
537 411 692 468 γλώσσῃ
725 411 861 465 φέρειν
893 413 1097 466 λεγόντων.
1155 414 1287 455 δεινὸν
1318 415 1416 464 Διὸς
1447 417 1644 470 κεραυνὸν
1674 418 1812 459 Heim-

237 473 364 511 soeth.
395 472 481 511 Iud.
513 472 640 512 Bonn.
675 475 786 513 1867
822 476 920 513 aest.
950 487 1016 514 xx.
1067 475 1117 514 cf.
1150 477 1219 514 49.

999 603 1049 644 11

521 692 872 741 γερονταγωγῶν
902 685 1284 743 κάναμισθαρνεῖν
1316 688 1471 738 διδούς

356 771 597 810 Plutarchus
621 772 720 811 Mor.
749 773 868 811 807b
911 771 1053 824 τραχὺς
1084 769 1141 811 ὢν
1174 768 1348 827 (Κλέων)
1380 772 1480 828 πρὸς
1509 773 1602 822 τοὺς
1633 773 1813 824 ἐπιεικεῖς

237 828 303 868 καὶ
334 829 474 882 βαρύς,
506 825 628 878 αὖθις
658 829 830 882 ὑπέβαλε
867 835 948 878 τοῖς
978 834 1139 879 πολλοῖς
1168 831 1267 884 πρὸς
1298 833 1411 885 χάριν
1442 832 1584 874 ἑαυτὸν
1613 838 1691 874 κτλ.
1746 834 1814 875 καὶ

237 888 278 928 τὸ
311 889 560 941 φαυλότατον
597 889 662 929 καὶ
693 890 736 929 τὸ
773 896 923 930 νοσοῦν
954 891 1118 942 μάλιστα
1154 897 1225 931 τοῦ
1257 891 1387 943 δήμου
1425 894 1813 947 προσεταιριζόμενος

236 947 298 988 ε’πὶ
331 948 423 996 τοὺς
454 948 647 1001 ἀρίστους.
709 954 750 989 et
781 951 866 990 Nic.
896 954 919 990 2
959 950 1066 1002 ἴσχυε
1097 948 1170 1002 μὲν
1201 950 1274 1005 γὰρ
1307 950 1327 991 ὃ
1352 951 1492 992 Κλέων
1531 952 1628 1007 μέγα
1652 957 1730 994 κτλ.
1760 977 1808 983 -

237 1007 574 1061 ἆναμισθαρνεῑν,
624 1012 793 1050 mercede
841 1012 1050 1061 tamquam
1097 1012 1295 1050 medicina
1345 1017 1499 1062 accepta
1543 1016 1811 1054 convalescere.

236 1069 403 1119 parodia
435 1072 496 1108 est
527 1069 646 1121 Soph.
678 1071 726 1109 fr.
760 1072 859 1118 442,
893 1073 916 1110 2
949 1070 998 1109 N.
1053 1077 1331 1124 γερονταγωγῶ
1370 1071 1650 1112 κᾶναπαιδεύω
1681 1073 1812 1114 πάλιν.

238 1130 286 1167 cf.
311 1129 436 1168 Arist.
462 1130 534 1180 Eq.
564 1132 674 1170 1099
709 1132 750 1169 et
779 1130 935 1170 Nauck.
965 1144 1003 1180 p.
1034 1133 1129 1170 190.
1178 1144 1318 1171 versus
1351 1133 1384 1171 si
1410 1146 1491 1171 non
1517 1133 1812 1186 Aristophanis,

237 1191 280 1227 at
311 1191 418 1228 certe
451 1190 596 1229 aetatis
629 1191 692 1229 est
722 1189 1054 1240 Aristophaneae.

898 1319 962 1360 12.
999 1318 1063 1360 13.
1099 1318 1154 1360 14

525 1399 673 1451 οὐδεὶς
702 1402 895 1456 κομήτης
926 1401 1046 1451 ὅστις
1077 1401 1132 1443 οὐ
1161 1403 1400 1456 ψηνίζεται.

524 1471 672 1522 οὐδεὶς
703 1474 895 1528 κομήτης
927 1472 1047 1523 ὅστις
1079 1472 1133 1515 οὐ
1164 1475 1354 1530 βινητιᾷ.

524 1541 672 1594 οὐδεὶς
702 1545 894 1599 κομήτης
925 1543 1044 1594 ὅστις
1076 1543 1131 1586 οὐ
1161 1546 1426 1600 περαίνεται.

357 1645 393 1670 v.
417 1633 438 1669 1
474 1630 665 1681 Synesius
685 1631 814 1681 Epist.
837 1632 932 1681 104,
954 1632 1072 1670 2443.
1093 1626 1196 1683 (702
1217 1627 1428 1685 Heroher.)
1460 1631 1574 1671 τοῦτό
1593 1647 1637 1685 γε
1654 1633 1812 1681 πάντως

238 1685 360 1730 οἶσθα
377 1689 419 1729 τὸ
439 1693 514 1729 κτλ.
571 1691 620 1729 ef.
642 1690 786 1730 Calvit.
807 1692 861 1730 85
873 1691 909 1729 d.
970 1704 1006 1729 v.
1034 1692 1057 1729 2
1091 1691 1236 1729 Macar.
1267 1692 1305 1742 6,
1328 1692 1393 1730 74.
1454 1706 1492 1731 v.
1519 1694 1543 1731 3
1576 1693 1745 1733 Phobius
1771 1697 1813 1733 ef,

239 1749 384 1790 Suidas
417 1748 550 1796 οὐδεὶς
579 1765 627 1798 κ.,
660 1750 840 1800 Apostol.
869 1752 934 1797 13,
963 1752 1031 1800 31,
1069 1750 1140 1789 ubi
1172 1750 1334 1789 additur
1371 1748 1526 1803 λέγουσι
1567 1750 1812 1805 ἀψηνίζεται,

239 1807 335 1861 ἄλλη
368 1811 489 1865 βηνιᾷ
521 1809 758 1862 (ψηνίζεται,
790 1807 901 1849 ἄλλοι
925 1810 1082 1865 βινητιᾷ
1102 1806 1322 1862 Leutseh.).
1346 1831 1395 1837 —-
1418 1811 1555 1862 Eurip.
1577 1812 1668 1852 Tro.
1699 1814 1807 1853 1051

240 1869 315 1909 οὐκ
340 1866 414 1909 ἔστ’
445 1868 620 1921 ἐραστής,
646 1868 749 1917 ὅστις
773 1868 848 1909 οὐκ
873 1867 934 1909 ἀεὶ
959 1872 1074 1920 φιλεῖ.
1125 1871 1173 1908 of.
1193 1870 1330 1908 Herm.
1349 1870 1444 1909 XXI
1464 1873 1548 1911 379
1563 1885 1602 1912 n.
1624 1873 1810 1913 18—20.

239 1930 389 1968 similes
421 1930 642 1968 sententiae
673 1930 716 1968 in
747 1930 916 1981 antiqua
947 1929 1152 1969 comoedia
1177 1930 1286 1968 haud
1316 1943 1443 1969 rarae.
1473 1930 1600 1971 Arish.
1619 1932 1692 1983 Eq.
1712 1934 1811 1973 878.

239 1990 344 2028 Eeel.
379 1992 474 2028 112.

998 2071 1052 2112 15

523 2154 888 2203 κεκολλόπευκας·
918 2159 1160 2210 τοιγαροῦν
1192 2153 1336 2210 ῥήτωρ
1369 2154 1471 2196 ἔσει.

359 2240 555 2279 Stobaeus
587 2240 670 2279 Eel.
703 2242 748 2292 2,
781 2242 826 2290 3,
860 2240 918 2279 3b
963 2240 1239 2278 Waohsmuth.
1279 2240 1490 2279 coniuncta
1526 2253 1616 2279 eum
1651 2241 1808 2281 Platon.
1879 2253 1881 2257 ’

239 2312 336 2339 com.
355 2301 451 2352 186,
466 2301 504 2339 5.
555 2300 758 2350 separavit
772 2300 821 2338 ab
835 2300 910 2339 hoe
930 2301 971 2338 et
983 2300 1135 2339 incerto
1148 2301 1290 2350 poetae
1309 2299 1455 2338 tribuit
1468 2299 1809 2341 Wachsmuthius.

997 2428 1052 2470 16

526 2511 635 2553 ἄνευ
667 2508 716 2553 δὲ
747 2511 923 2568 μητρός,
956 2507 990 2552 ὦ
1021 2507 1216 2567 κάθαρμ’
1252 2510 1496 2567 Εὐριπίδη;

361 2597 491 2637 Schol.
522 2597 656 2647 Eurip.
689 2596 819 2637 Orest.
851 2598 938 2636 554
970 2593 1027 2648 (p.
1062 2599 1159 2647 159,
1193 2590 1245 2637 15
1279 2594 1417 2651 Dind.)
1455 2595 1552 2637 ἄνευ
1591 2595 1633 2637 δὲ
1663 2597 1808 2650 πατρός

239 2652 396 2709 (τέκνον
415 2656 490 2697 οὐκ
509 2657 568 2708 εἴη
587 2653 675 2696 ποτ’
698 2654 780 2709 siv)-
806 2654 956 2709 λέγεταί
971 2671 1028 2704 τις
1044 2655 1166 2696 αὐτοῦ
1187 2656 1365 2704 εἰπόντος
1382 2662 1498 2696 τοῦτο
1518 2655 1714 2709 εἰρηκέναι
1732 2661 1806 2697 κτλ.

241 2730 289 2755 ex
321 2718 527 2756 comoedia
556 2717 763 2755 Ranarum
791 2730 872 2756 non
903 2716 1089 2756 dissimili
1120 2719 1362 2767 excerptum.
1411 2718 1459 2755 cf.
1480 2717 1662 2756 Menand.
1683 2720 1808 2757 1085.

1000 2845 1050 2886 17

526 2925 669 2976 ὀκνεῖς
700 2929 868 2977 λαλεῖνς
903 2926 1018 2969 οὕτω
1052 2924 1211 2981 σφόδρ’
1248 2923 1290 2968 εἶ
1317 2927 1645 2981 τηθαλλαδοῦςς
