2014 3334
632 266 1046 301 ΘΕΟΦΟΡΟΎΜΕΝΗ
1096 266 1329 300 ΘΕΤΤΑΛΗ
1710 265 1768 309 65

179 380 266 432 ipse
310 378 432 420 ἔδωκε
473 381 526 435 τῷ
569 377 683 418 παιδὶ
726 379 952 432 περισοβεῖν
990 376 1033 418 ἕν
1076 378 1208 436 κύκλῳ
1252 379 1449 427 κελεύσας.
1502 382 1543 419 et
1575 381 1613 430 4,
1650 381 1768 419 1300

178 440 406 493 περισοβεῖν
448 438 599 480 ἐκέλευε
639 442 721 487 τοῖς
758 439 908 478 παισίν.
959 440 1007 478 ef.
1041 439 1230 490 Amphid.
1268 442 1333 480 18.
1386 454 1435 479 an
1472 439 1593 479 πάλιν
1631 437 1684 487 ὡς
1725 439 1767 479 τὸ

177 505 337 554 πρῶτον
366 500 473 540 xvh?

929 592 1016 635 225

818 675 842 719 ὁ
873 678 1083 719 πλεῖστον
1114 681 1228 718 νοῦν
1260 676 1374 731 ἔχων

397 748 554 804 μάντις
584 747 621 790 τ’
660 749 840 805 ἄριστός
872 748 964 791 ἐστι
997 749 1251 804 σύμβουλός
1281 746 1329 790 θ’
1368 748 1468 804 ἅμα.

304 836 502 875 stobaeus
522 836 661 876 Floril.
685 838 723 887 3,
752 838 775 876 6
822 835 1071 888 Μενάνδρου
1102 833 1421 892 Θεοφορουμένῳ
1448 836 1496 875 Α.
1549 839 1587 876 2.
1618 833 1651 875 τ’
1682 838 1770 876 add.

183 896 332 936 Salvin.
353 918 412 922 —-
431 896 498 935 hio
517 910 675 948 quoque
695 896 913 936 Menander
933 896 1170 947 Euripidem
1190 896 1375 935 imitatur
1395 898 1443 936 fr.
1460 898 1543 936 963
1565 897 1615 937 N.
1635 897 1772 948 μάντις

182 952 218 995 δ’
262 953 419 1009 ἄριστος
463 955 566 1004 ὅστις
608 956 930 1004 εἰκάζειψκαλῶς.
993 956 1074 996 Cic.
1107 957 1166 995 De
1199 956 1278 996 div.
1312 958 1356 1004 2,
1390 958 1435 1007 5,
1470 959 1524 996 12
1571 959 1662 996 bene
1706 960 1773 1006 qui

181 1018 348 1064 coniciet,
379 1018 506 1057 vatem
536 1018 638 1056 hane
661 1018 860 1066 perhibeto
891 1017 1089 1066 eptimam.
1140 1017 1279 1067 Eurip.
1311 1016 1402 1055 Hel.
1438 1019 1522 1056 757
1555 1016 1694 1070 γνώμη
1729 1012 1767 1056 δ’

181 1074 317 1129 ἀρίστη
350 1076 488 1128 μάντις
521 1071 690 1131 (Mein).

937 1170 1025 1212 226

398 1252 542 1309 μέσως
573 1253 759 1310 μεθύων
789 1253 872 1309 τὴν
905 1255 1171 1311 Θηρίκλειον
1203 1254 1405 1296 ἔσπασεν.

302 1341 536 1380 Athenaeus
559 1343 626 1393 11,
640 1342 767 1397 47271)
799 1343 989 1393 θηλυκῶς
1010 1338 1052 1380 δὲ
1071 1338 1144 1391 τὴν
1168 1340 1402 1392 Θηρίκλειον
1422 1334 1505 1380 εἶπε
1526 1339 1771 1394 Μένανδρος

183 1399 226 1440 ἐν
262 1399 574 1456 Θεοφορουμένῃ
605 1403 684 1440 κτλ.
746 1399 819 1452 τὴν
851 1401 943 1441 add.
977 1401 1200 1453 Schweigb.
1232 1403 1361 1440 reete:
1394 1414 1488 1440 nam
1520 1402 1576 1440 sie
1609 1402 1772 1440 demum

183 1461 448 1500 Menandrum
474 1461 666 1501 feminino
691 1475 838 1513 genere
863 1474 984 1501 usum
1010 1474 1095 1501 esse
1117 1462 1296 1511 adparet..
1341 1461 1575 1513 θηρικλείαν
1595 1462 1715 1502 Mein.
1737 1462 1773 1499 V

187 1523 284 1562 103.
334 1522 384 1561 ef.
403 1522 452 1560 fr.
474 1523 572 1562 324.
605 1519 732 1573 μέσως
764 1523 1000 1572 corruptum
1031 1522 1204 1562 videssur.
1229 1521 1323 1560 fort.
1356 1519 1544 1572 μεστὴν.

939 1651 1024 1693 227

474 1733 559 1776 ἀπὸ
592 1739 791 1790 μηχανῆς
821 1735 930 1785 θεὸς
961 1733 1195 1790 ἐπεφάνης.

306 1818 370 1860 ἐπὶ
400 1825 478 1860 τῶν
511 1820 820 1873 ἀπροσδοκήτως
852 1818 912 1861 ἐπ’
949 1818 1119 1876 ὠφελείᾳ
1145 1819 1211 1860 καὶ
1237 1821 1409 1876 σωτηρία
1435 1819 1722 1873 φαινομένων.

187 1877 430 1932 Μένανδρος
477 1880 803 1938 Θεοφορουμένῃ.
872 1882 1004 1922 801101.
1043 1883 1147 1920 Pla‘n.
1186 1884 1271 1923 394
1310 1882 1438 1921 Bekk.
1502 1883 1551 1921 cf.
1592 1882 1770 1921 Creu'ser.

188 1940 339 2040 Pfloiiin.
372 1941 431 1980 De
452 1942 640 1992 pulchrit.
667 1957 706 1994 p.
728 1943 826 1982 534.
858 1943 1031 1982 fortasse
1064 1940 1142 1981 ἀπὸ
1170 1946 1348 1994 μηχανῆς
1374 1940 1471 1990 θεὸς
1499 1939 1504 1994 Ι
1532 1939 1629 1993 ἡμῖν
1661 1941 1773 1992 ε’πεφ.

189 2012 209 2040 c
287 2015 308 2039 1·
353 2003 452 2041 278.

942 2095 1029 2137 228

477 2167 685 2223 δεύτερος
715 2169 856 2217 πλοῦς

307 2253 500 2306 παροιμία
531 2252 597 2294 ἐπὶ
626 2260 704 2294 τῶν
744 2253 934 2305 ἀσφαλῶς
963 2268 1000 2292 τι
1030 2252 1297 2305 πραττόντων,
1328 2252 1507 2306 παρόσον
1539 2253 1581 2293 οἱ
1610 2254 1775 2326 διαμαρ-

189 2312 319 2361 τόντες
366 2312 466 2358 κατὰ
509 2312 583 2354 τὸν
632 2313 824 2367 πρότερον
874 2317 1004 2353 πλοῦν
1055 2312 1243 2364 ἀσφαλῶς
1294 2313 1657 2365 παρασκευάζονται
1708 2312 1775 2352 τὸν

190 2372 434 2426 δεύτερον..
455 2372 788 2427 .Μένανὸρος..
808 2372 1166 2430 ,Θεοφορουμένῃ
1230 2374 1361 2447 Schqol.
1393 2374 1495 2412 Plan
1530 2376 1612 2413 381
1649 2374 1776 2412 Bekk.

191 2433 360 2473 Aristot.
401 2435 492 2474 Eth.
523 2435 679 2474 Nicom.
713 2437 751 2485 2,
779 2404 818 2474 ..9
843 2433 1020 2485 (1109a
1051 2429 1128 2487 34)
1160 2432 1243 2473 ἐπεὶ
1269 2448 1345 2473 ουν
1377 2439 1447 2473 τοῦ
1486 2432 1606 2484 μέσου
1645 2436 1775 2484 τυχεῖν

190 2489 321 2547 άκρως
352 2493 536 2545 χαλεπόν,
568 2493 667 2534 κατὰ
691 2492 760 2534 τὸν
787 2494 987 2548 δεύτερον,
1019 2494 1132 2544 φασί,
1163 2497 1293 2533 πλοῦν
1328 2492 1374 2532 τὰ
1405 2492 1583 2545 ἐλάχιστα
1609 2491 1776 2544 ληπτέον

190 2557 269 2592 τῶν
306 2559 454 2593 κακῶν.
507 2555 555 2594 cf.
588 2554 707 2594 Polit.
741 2557 780 2606 3,
816 2557 867 2594 13
902 2549 1080 2609 (1284b
1117 2549 1202 2607 19).
1267 2553 1377 2593 Suid.
1416 2552 1597 2606 δεύτερος
1633 2556 1776 2599 πλοῦς·

192 2611 254 2652 ὅτε
297 2611 508 2666 ἀποτυχών
550 2629 608 2661 τις
652 2612 792 2668 οὐρίου
837 2613 989 2661 κώπαις
1032 2617 1131 2653 πλεῖ.
1193 2615 1242 2653 ef.
1280 2614 1327 2652 fr.
1362 2615 1444 2652 241
1489 2616 1530 2651 et
1568 2613 1775 2651 Heindorf.

192 2672 298 2712 Plat.
329 2673 478 2714 Phaed.
511 2676 565 2714 99
579 2675 618 2714 b.

871 2777 1105 2826 ΘΕΤΤΑΛΗ

313 2853 469 2892 Plinius
500 2853 549 2892 N.
581 2854 620 2892 h.
653 2855 723 2904 30,
757 2855 794 2893 6.
829 2857 852 2894 7
894 2866 964 2892 nee
1000 2854 1206 2901 quisquam
1243 2853 1341 2890 dixit
1373 2883 1380 2890 .
1414 2882 1423 2890 .
1458 2881 1466 2889 .
1504 2853 1659 2899 qnando
1691 2847 1776 2904 (ars

194 2907 371 2967 magica)
391 2915 594 2952 transisset
611 2914 664 2952 ad
692 2914 953 2953 Thessalas
977 2915 1151 2951 matres
1179 2941 1188 2950 .
1209 2943 1217 2950 .
1239 2941 1248 2950 .
1274 2913 1396 2950 miror
1422 2913 1594 2959 equidem
1611 2910 1777 2950 Achillis

187 2974 348 3021 populis
372 2974 529 3022 famam
561 2975 643 3013 eius
674 2975 716 3013 in
747 2977 899 3013 tantam
930 2973 1164 3015 adhaesisse,
1196 2974 1239 3009 ut
1264 2972 1529 3010 Menander
1560 2983 1730 3019 qaoque.
1748 3003 1752 3009 .
1768 3000 1778 3009 .

267 3044 383 3071 Comici
402 3047 515 3079 graeci,
535 3047 581 3074 ed.
603 3047 657 3073 Th.
677 3047 774 3073 Kock.
794 3047 853 3073 111.
