2014 3334
248 243 334 287 754
747 245 1094 279 SUPPLEMENTA
1118 245 1226 280 voL.
1253 246 1308 279 111

247 352 394 412 (λέοντι
419 351 479 409 Ο.)
513 354 745 408 δορκάδες
787 355 956 408 μάχην
1006 354 1070 395 ε’πὶ
1108 361 1187 396 τῶν
1229 355 1327 409 πρὸς
1362 357 1558 411 κρείττους
1595 357 1812 412 ἐριζόντων.

246 416 479 466 Diogenian.
505 415 624 454 Vind.
658 416 696 467 5,
729 417 795 455 57.
847 415 955 454 Suid.
991 416 1134 455 Macar.
1169 419 1207 467 7,
1238 418 1307 456 40.

300 535 315 573 l
367 476 465 515 302.
509 487 663 513 meeum
702 475 918 526 consentit,
955 476 1002 513 ut
1039 476 1138 514 mihi
1174 489 1247 526 per
1276 448 1434 516 litteras
1473 478 1731 530 significavit,
1762 479 1813 519 H.

247 536 297 574 Di
318 534 433 574 osius.

369 595 465 633 314
510 594 689 644 ineptam
732 606 818 634 esse
857 594 1021 633 Zenobii
1063 595 1437 646 interpretationem
1479 597 1567 636 iure
1604 599 1739 661 monet
1770 597 1815 638 O.

248 654 414 693 Crusius
449 655 501 693 65
535 668 572 693 n.
608 655 644 693 1.

369 714 466 753 386.
513 712 712 765 δίμορφον
750 708 929 753 ‘Socrati
965 715 1018 770 τῷ
1055 714 1285 766 σειληνώδει
1328 717 1468 766 aptum
1507 720 1569 757 est
1611 717 1816 767 epitheton

249 787 328 824 quo
362 773 566 823 Centauri,
599 773 802 825 Gigantes,
835 773 1014 813 Bacchus
1044 773 1337 827 ταυρόμορφος,
1369 775 1450 814 alia
1473 778 1654 816 monstra
1685 777 1817 816 ornari

250 834 390 873 solent.
424 832 612 872 versiculi
645 833 701 871 ad*
721 832 914 871 Meletum
945 834 1144 872 referendi
1177 838 1271 874 sunt
1303 848 1326 874 a
1351 836 1510 874 comicis
1537 836 1674 875 erebro
1699 836 1815 876 casti-

249 888 417 944 gatum'.
468 891 512 931 O.
546 891 712 932 Crusius
744 891 861 930 Anal.
893 893 980 932 erit.
1017 894 1112 933 152.
1160 907 1210 933 ne
1249 895 1310 934 his
1348 895 1508 946 quidem
1545 895 1817 947 fragmentum

250 952 347 991 satis
380 952 632 990 inlustratur.
683 954 860 991 ceterum
891 953 939 991 cf.
972 953 1104 1004 adesp.
1140 955 1205 993 85.

370 1012 467 1051 548.
511 1011 680 1051 Photius
714 1013 781 1059 98,
813 1014 833 1050 1
869 1009 969 1059 τινὲς
1001 1009 1044 1051 δὲ
1075 1007 1200 1061 οὕτως
1231 1011 1304 1064 τὴν
1335 1013 1549 1065 παροιμίαν
1581 1014 1696 1065 φασί·
1739 1013 1818 1054 θύ-

249 1072 352 1126 ραζε,
382 1067 517 1124 κῆρες·
550 1066 678 1110 οὐκέτ’
715 1066 810 1123 (οὐκ
841 1069 900 1110 ἔνι
932 1067 1035 1125 eod.)
1071 1068 1347 1125 Ἀνθεστηρια·
1389 1071 1442 1121 ὡς
1472 1072 1571 1113 κατὰ
1600 1071 1673 1124 τὴν
1702 1072 1819 1114 πόλιν

249 1135 330 1180 τοῖς
363 1127 655 1182 Ἀνθεστηρίοις
697 1135 776 1169 τῶν
818 1136 962 1183 ψυχῶν
1003 1130 1326 1185 περιερχομένων.
1385 1146 1486 1184 quae
1529 1133 1627 1172 mihi
1657 1134 1818 1184 quidem

250 1191 460 1243 perinepta
488 1190 649 1231 videtur
673 1191 869 1230 narratio:
902 1204 995 1230 nam
1019 1205 1237 1244 numquam
1259 1194 1363 1244 quod
1391 1193 1513 1232 sciam
1539 1194 1645 1244 apud
1662 1193 1820 1233 Atticos

249 1253 501 1291 mortuorum
533 1250 746 1289 simulacra
776 1255 893 1304 κῆρες
925 1251 1121 1291 dicuntur.

372 1311 468 1350 563.
514 1309 748 1357 Quintilian.
783 1312 821 1358 5,
858 1312 923 1361 10,
957 1313 1008 1350 21
1056 1313 1203 1360 confine
1235 1316 1288 1352 est
1317 1311 1530 1366 παροιμίας
1557 1324 1679 1362 genus
1709 1313 1821 1358 abad,

250 1372 350 1420 quod
388 1373 441 1410 est
471 1371 573 1409 velut
611 1371 756 1418 fabella
787 1371 937 1410 brevior
968 1374 1002 1410 et
1023 1383 1100 1420 per
1131 1373 1356 1421 alleqoriam
1387 1374 1594 1421 accipitur:
1633 1367 1725 1411 ‘non
1754 1384 1821 1411 ηο-

250 1426 388 1470 strum'
421 1431 545 1479 inquit
576 1425 699 1480 ‘orma
733 1431 798 1469 bos
830 1426 1003 1470 clitellas’
1039 1425 1111 1485 (sc.
1147 1427 1313 1484 videns).
1365 1430 1407 1471 O.
1436 1431 1602 1471 Crusius
1636 1433 1690 1472 75
1716 1444 1753 1470 n.
1781 1422 1818 1471 3.

372 1492 468 1530 579.
513 1487 554 1528 τὸ
586 1487 812 1541 ἀδιάφορον
845 1491 938 1528 ante
970 1503 1033 1529 me
1065 1491 1146 1529 iam
1177 1491 1410 1531 Meinekius.
1462 1493 1593 1531 exstat
1623 1492 1822 1543 fragmen-

252 1553 340 1588 tum
371 1550 494 1588 etiam
525 1549 631 1599 apud
663 1549 881 1588 Zenobium
912 1549 1063 1588 Milleri
1096 1552 1133 1602 2,
1171 1554 1194 1590 9
1226 1565 1262 1601 p.
1298 1553 1394 1591 360.

373 1610 470 1648 591.
516 1609 563 1648 cf.
598 1608 721 1648 etiam
752 1608 902 1659 Diphil.
936 1611 1002 1649 53.

375 1669 471 1708 603.
516 1669 773 1719 proverbium
805 1671 936 1708 exstat
967 1669 1091 1709 etiam
1122 1670 1228 1720 apud
1254 1670 1398 1710 Zenob.
1419 1670 1562 1710 Miller.
1586 1672 1623 1722 1,
1644 1672 1698 1710 36
1723 1675 1822 1711 extr.

374 1789 471 1828 653.
514 1788 562 1826 of.
595 1787 718 1826 etiam
749 1788 854 1826 Plat.
884 1787 1031 1827 Phaed.
1067 1789 1162 1828 900.
1213 1788 1291 1828 Cio.
1324 1789 1382 1827 De
1414 1791 1496 1828 nat.
1517 1789 1552 1829 d.
1581 1791 1619 1840 3,
1655 1791 1720 1841 10,
1753 1791 1823 1829 24.

254 1849 356 1886 Plin.
382 1848 431 1888 N.
457 1849 494 1886 h.
530 1850 571 1898 2,
603 1849 700 1886 219.
750 1847 986 1899 Diogenian.
1022 1849 1058 1896 3,
1092 1849 1159 1887 39.
1193 1850 1232 1898 4,
1261 1850 1327 1887 72.
1377 1849 1560 1888 Bursian.
1594 1849 1737 1900 Geogr.
1764 1862 1822 1900 gr.

253 1908 295 1947 H
326 1909 411 1948 396
445 1921 536 1947 (νοω
565 1920 604 1946 n.
643 1910 675 1946 1.

376 1968 472 2007 656.
517 1968 591 2006 hoc
627 1968 898 2018 fragmentum
942 1967 1075 2006 nescio
1113 1980 1164 2006 an
1207 1967 1355 2007 rectius
1398 1968 1625 2008 comoediae
1662 1968 1823 2008 Atticae

253 2027 438 2080 reliquiis
471 2027 680 2066 eximatur.

376 2088 472 2126 694.
517 2083 637 2125 οὐδὲν
675 2084 714 2133 ἐξ
752 2084 1006 2138 ἁμαξουργοῦ
1044 2085 1164 2139 λέγεις
1203 2087 1316 2126 scrib.
1357 2089 1492 2126 censet
1524 2087 1646 2128 Cohn.
1678 2088 1821 2128 Paroe-

255 2147 394 2198 miogr.
427 2160 464 2196 p.
500 2147 552 2185 79
586 2159 623 2184 n.
659 2147 725 2184 74.
775 2159 856 2185 non
886 2146 1101 2185 adsentior.

377 2207 462 2245 720
495 2207 627 2244 exstat
659 2206 782 2244 etiam
813 2206 921 2255 apud
952 2206 1095 2245 Zenob.
1129 2206 1226 2245 Mill.
1262 2208 1299 2255 3,
1335 2207 1413 2245 141
1450 2221 1486 2257 p.
1521 2208 1619 2246 374.

380 2268 464 2306 750
497 2267 831 2304 commemoratur
863 2265 981 2304 etiam
1017 2279 1040 2304 a
1070 2266 1244 2309 ,Zenobio
1276 2266 1374 2305 Mill.
1403 2268 1441 2316 3,
1478 2267 1558 2306 156
1591 2281 1628 2317 p.
1651 2268 1747 2306 375.

377 2384 594 2435 Adespotis
626 2384 807 2423 addenda
839 2387 932 2424 sunt

985 2487 1104 2542 352a

378 2575 612 2614 Athenaeus
648 2579 684 2627 1,
717 2577 773 2615 30
816 2575 885 2623 τίς
927 2572 1013 2627 γὰρ
1044 2573 1097 2613 τὰ
1135 2574 1262 2614 οἴκοι
1303 2577 1452 2613 ποθεῖ
1484 2573 1630 2630 τούτῳ
1671 2573 1826 2622 ξυνὼν

259 2633 662 2686 ἀναπεπταμένην
698 2633 856 2687 ἔχοντι
892 2638 991 2681 τοῖς
1022 2634 1184 2688 φίλοις
1219 2631 1303 2684 τὴν
1335 2633 1514 2681 οἰκίαν;
1555 2630 1734 2673 ‘fuerunt
1763 2648 1826 2674 eo-

259 2696 352 2735 mioi
383 2699 525 2746 poetae
556 2690 724 2735 versus'.
775 2695 928 2734 Kaibel.

378 2756 550 2794 fortasse

474 2812 521 2852 τὰ
552 2811 624 2864 μὲν
654 2812 728 2886 γὰρ
760 2812 863 2853 σι’κοι
892 2813 948 2860 τίς
978 2816 1107 2852 ποθεῖ
1130 2813 1254 2868 τούτῳ
1286 2811 1418 2860 ξυνὼν

475 2870 806 2924 ἀναπεπταμένην
831 2871 957 2924 ε’χοντι
981 2876 1062 2920 τοῖς
1087 2871 1210 2912 αὑτοῦ
1229 2854 1319 2926 (vel
1343 2877 1441 2911 πᾶσι
1465 2865 1564 2924 τοῖς)
1590 2869 1721 2920 φίλοις

476 2931 548 2983 τὴν
579 2931 728 2980 οἶκίαν;
1795 2924 1800 2930 ’
