2014 3334
496 253 872 288 ΨΕΤΔΗΡΑΚΑΗΣ
898 273 944 279 -
971 252 1175 287 ΑΔΗΛΩΝ
1201 252 1466 287 ΔΡΑΜΑΤΩΝ
1687 250 1767 292 151

841 360 1119 395 ΨΟΦΟΔΕΗΣ

311 439 538 492 Hesychius
581 436 810 489 ψοφοδεής·
854 435 992 488 δειλός,
1034 436 1274 490 κενόφοβος,
1315 435 1336 477 ὁ
1373 435 1440 477 καὶ
1483 436 1576 485 τοὺς
1606 435 1772 487 ψόφους

189 497 257 539 καὶ
280 498 329 539 τὰ
348 497 525 552 ἐλάχιστα
549 497 817 551 φοβούμενος.
849 497 1039 537 similiter
1059 496 1214 538 Suidas.
1247 499 1295 536 cf.
1318 498 1421 536 Plat.
1442 497 1612 536 Phaedr.
1639 499 1723 537 257
1735 497 1770 536 (1.

62 543 63 546 Ἴ
104 572 108 573 ’
189 559 353 600 Luoian.
375 560 453 600 Pro
472 559 592 610 imag.
617 561 654 599 7.
698 558 868 605 Quintil.
890 559 956 606 10,
981 559 1019 608 1,
1044 558 1100 597 7O
1133 552 1278 612 (exsor.
1311 558 1386 597 sub
1418 557 1481 596 tit.
1498 552 1772 610 Ἐπικλήρου).

932 673 1019 718 526

404 759 620 815 ἐπίσημον
651 755 735 802 οὗν
766 759 848 814 τὴν
880 756 1030 802 ἀσπίδ’
1068 759 1130 809 εἰς
1161 758 1244 813 τὴν
1275 764 1356 801 τοῦ
1390 759 1501 808 Διὸς
1549 746 1551 749 .

330 852 341 862 x
403 832 539 875 στοὰν
571 830 812 887 ἀνέθηκαν.

304 919 539 959 Boissonad.
573 918 722 959 Anecd.
755 919 818 961 III
851 920 938 959 240
977 916 1084 970 παρὰ
1117 918 1351 974 Μενάνδρῳ
1385 947 1423 957 ..
1444 947 1453 956 .
1485 916 1529 957 ἐν
1568 918 1774 968 Ψοφοὸεεῐ

184 982 262 1020 κτλ.
311 980 458 1019 Herod.
492 980 550 1019 De
583 980 726 1019 soloec.
749 980 847 1029 308,
882 981 905 1019 7
939 978 1093 1018 Nauck.
1115 974 1227 1032 (Lex.
1250 976 1452 1031 Vindob.).
1487 979 1535 1017 cf.
1557 978 1651 1017 ibid.
1671 980 1769 1028 292,

190 1043 253 1080 10.
318 1033 411 1091 οὖν]
445 1033 497 1079 αὖ
530 1041 615 1080 cod.
647 1039 740 1078 Bar.
775 1040 877 1079 Mus.
911 1038 982 1079 Ox.
1015 1039 1055 1078 II
1091 1041 1196 1087 113,
1235 1039 1304 1077 ubi
1345 1052 1421 1078 om.
1452 1043 1535 1077 τοῦ.
1586 1035 1769 1089 ἀνέθηκα

120 1116 131 1130 ·
187 1101 332 1140 Naber.
352 1099 497 1139 Mnem.
523 1112 614 1139 nov.
635 1099 735 1138 VIII
761 1101 860 1139 421.
893 1113 939 1139 ae
971 1099 1112 1151 quidni
1143 1097 1372 1150 ἀνέθηκενῖ)
1404 1098 1627 1149 significari
1659 1098 1767 1138 vide-

184 1162 252 1199 tur
281 1160 462 1211 porticus
494 1160 604 1200 Iovis
635 1160 864 1199 Eleutherii.
921 1160 970 1199 cf.
999 1161 1128 1200 1008.
1159 1159 1355 1210 Harpoor.
1389 1160 1458 1210 43,
1493 1160 1561 1198 19.
1596 1161 1663 1207 70,
1699 1160 1766 1199 13.

183 1220 281 1260 Xen.
314 1219 457 1260 Oecon.
493 1221 530 1270 7,
566 1222 603 1260 1.
647 1220 833 1259 Bursian.
866 1219 1013 1272 Geogr.
1044 1233 1103 1272 gr.
1136 1220 1156 1258 I
1189 1221 1288 1259 282.

729 1358 736 1369 ⁷
927 1330 1014 1380 527

470 1397 575 1448 ὄνος
606 1396 746 1453 λύρας

302 1480 547 1536 Μένανδρος
590 1483 806 1535 Ψοφοδεεῖ.
867 1481 894 1535 ἡ
927 1479 964 1524 δ’
1006 1482 1077 1535 ὅλη
1115 1483 1308 1537 παροιμία
1351 1481 1444 1530 ὄνος
1485 1482 1606 1533 λύρας
1644 1480 1766 1534 ἤκουε

181 1541 249 1583 καὶ
292 1543 505 1598 σάλπιγγος
542 1538 601 1592 ὗς.
669 1545 839 1584 Photius
877 1546 918 1585 et
950 1544 1114 1596 Suidas,
1156 1544 1225 1595 qui
1257 1541 1282 1595 ἡ
1316 1539 1353 1582 δ’
1389 1542 1459 1595 ὅλη
1492 1557 1568 1582 om.
1619 1566 1668 1570 -—
1716 1545 1764 1583 ef.

183 1604 370 1644 Leutsoh;
403 1605 548 1644 Philol.
580 1604 643 1643 III
676 1606 773 1645 567.

925 1697 1013 1740 528

468 1759 658 1809 Νοῦθος

303 1844 443 1899 κύριον
469 1845 686 1897 Ψοφοδεεῖ.
724 1845 940 1884 Herodian.
961 1845 1001 1883 II
1026 1846 1123 1896 947,
1145 1846 1213 1894 26,
1235 1857 1282 1883 ex
1302 1845 1456 1884 emend.
1477 1845 1762 1884 Schneidewin.

183 1904 228 1944 G.
248 1919 286 1957 g.
310 1908 341 1943 A
378 1907 491 1945 1842
513 1920 550 1958 p.
573 1907 671 1946 525.
723 1906 807 1945 cod.
827 1908 983 1953 νοῦθος
1015 1903 1174 1956 κύριον·
1204 1903 1342 1955 ψόφος
1369 1903 1411 1944 ἐν
1439 1902 1561 1944 οὔδει.
1602 1901 1764 1956 ἡσίοὸος

181 1963 224 2004 ἕν
255 1965 380 2022 τρίτῳ.
412 1966 482 2010 sed
514 1966 641 2005 Lehrs
672 1965 828 2019 κύριον,
860 1963 926 2004 καὶ
956 1963 1108 2016 ψόφος,
1139 1962 1192 2016 ἣν
1225 1959 1333 2004 οἶδεν
1353 1961 1538 2012 Ἡσίοδος
1565 1963 1607 2004 ἐν
1633 1965 1762 2021 τρίτῳ·

180 2028 336 2073 νοῢθος
373 2023 416 2065 δὲ
446 2025 585 2066 ποδῶν
621 2024 855 2074 ὑπόδουπος
887 2022 1037 2079 ὀρώρει.
1093 2025 1231 2075 itaque
1263 2026 1338 2064 hoc
1370 2025 1530 2075 quidem
1563 2026 1761 2076 fragmen-

180 2087 268 2124 tum
299 2086 390 2136 plus
422 2099 543 2137 quam
575 2086 720 2126 dubiae
753 2088 815 2125 est
846 2086 950 2125 fidei.

931 2202 1018 2245 529

469 2261 703 2313 Πάνακτος

311 2381 320 2389 .
342 2381 350 2388 .
372 2347 609 2403 ,ἀρρενικῶς
638 2347 883 2402 Μένανδρος
916 2347 959 2389 ἐν
998 2348 1213 2399 Ψοφοδεεῖ.
1257 2349 1553 2399 Harpocration
1576 2350 1671 2400 144,
1695 2351 1760 2388 23.

28 2387 29 2390 Ἴ
111 2419 113 2422 ⁴
189 2409 399 2461 Ψοφοὸεεῖ
410 2408 563 2460 Vales]
583 2409 823 2462 ψηφώσεσιν
840 2411 888 2449 Α.
919 2408 1159 2461 ψηφώδεσσι
1179 2409 1221 2448 O.
1252 2407 1493 2460 ψηφώδεσιν
1512 2409 1558 2448 Β.
1591 2409 1761 2448 Photius

18 2468 25 2473 ”
97 2487 100 2489 ·
181 2472 223 2509 et
254 2470 398 2509 Suidas
429 2469 667 2518 Πάνακτος.
689 2501 697 2510 .
719 2501 727 2509 .
745 2467 990 2522 Μένανδρος
1027 2467 1253 2523 ἀρσενικῶς.
1316 2470 1363 2508 of.
1396 2469 1582 2508 Bursian.
1616 2468 1761 2520 Geogr.

180 2543 240 2581 gr.
272 2530 291 2569 1
324 2531 423 2570 250.
458 2532 494 2569 1.
529 2531 626 2570 332.

724 2645 932 2680 ΑΔΗΛΩΝ
955 2644 1217 2679 ΔΡΑΜΑΤΩΝ

930 2731 1018 2774 530

396 2813 504 2856 ὅταν
535 2812 576 2856 δ’
613 2813 858 2871 ἀγρυπνεῖν
889 2818 1014 2871 εἴπῃς
1045 2824 1137 2856 τισε
1180 2845 1428 2854 .....

395 2886 477 2941 τὴν
508 2886 654 2929 αἰτίαν
684 2887 846 2941 γνώσει
877 2895 1135 2942 περιπατεισ
1176 2919 1183 2925 .
1235 2918 1242 2925 .
1295 2917 1303 2925 .

396 2958 602 3013 εἰσῆλθες
632 2958 792 3013 εὐθύς,
825 2957 881 3001 ἂν
911 2957 1099 3012 κοπιάση
1143 2991 1150 2998 .
1203 2991 1209 2998 .
