2014 3334
234 224 322 266 406
347 246 349 249 .
610 235 613 239 ’
889 225 1149 258 ΑΔΕΣΠΟΤΑ

988 356 1046 398 40

444 440 732 495 βουκολήσεις
763 440 815 482 τὰ
847 437 947 495 περὶ
978 440 1057 481 τὸν
1089 441 1213 494 βοῦν.

351 527 548 566 Zenobius
567 526 715 565 Milleri
735 527 762 564 4
792 520 1016 580 (Melanges
1050 520 1155 580 384)
1187 526 1300 578 βουκ.
1331 524 1377 565 τὰ
1409 524 1473 565 ἐπὶ
1501 524 1569 575 τὸν
1601 527 1716 578 βοῦν,
1747 524 1802 575 ὡς

232 585 296 626 ἐπὶ
325 584 367 626 τὸ
398 588 579 625 πλεῖστον
606 585 647 625 οἰ
669 582 985 637 ὀστρακιζόμενοι
1011 580 1174 639 (ἐξοστρ.
1194 586 1259 625 vel
1289 583 1639 660 ἐξωστρακισμένοι
1661 581 1802 641 Mein.)

232 646 465 698 μεθίσταντο
511 645 566 692 εἰς
597 644 768 698 Λύγιναν
813 640 889 699 (sic
919 645 1062 683 Miller.
1106 658 1179 695 pro
1200 641 1430 698 ’Ἀργιναν),
1474 644 1576 684 ἔνθα
1614 639 1667 698 ἦν
1703 647 1803 697 βοῦς

232 709 354 758 χαλκῆ
397 702 664 758 παμμεγέθης.
708 726 767 732 -
809 702 899 757 περὶ
935 705 1053 744 Mein.
1084 704 1220 744 Herm.
1259 705 1321 744 III
1358 706 1455 744 457.
1517 703 1602 756 τὸν]
1644 703 1730 756 τὴν
1753 705 1802 744 Κ.

233 762 340 805 mox
372 765 605 805 ostracismo
643 764 684 803 in
710 764 907 803 -exsilium
943 765 1084 815 pulsus
1122 760 1214 804 eris'
1219 793 1228 803 .
1290 777 1473 804 scaenam
1514 777 1599 804 esse
1633 765 1804 804 similem

231 825 356 864 Arist.
390 825 461 875 Eq.
497 825 727 864 284—302
761 824 917 863 monuit
950 823 1184 863 Meinekius.
1248 825 1368 863 boves
1409 837 1552 863 aeneas
1590 824 1674 864 deis
1710 836 1804 863 con—

233 887 409 924 secratas
429 884 535 924 idem
555 886 839 924 commemorat
857 884 900 922 in
919 896 1020 935 arce,
1040 884 1082 922 in
1094 884 1244 923 Lemno
1264 884 1397 923 insula
1417 879 1556 936 (Soph.
1571 884 1618 923 fr.
1636 885 1718 924 703
1732 878 1803 938 N.)

234 948 274 983 et
305 944 347 983 in
379 944 481 984 ostio
515 943 694 994 Bospori.

993 1025 1047 1066 41

661 1106 892 1164 ἐξυβρίσας
923 1111 1183 1163 πειθαρχεῖν
1214 1106 1360 1150 οὐκέτι
1390 1110 1545 1165 τολμᾷ,

413 1179 523 1222 ἀλλὰ
555 1179 708 1222 δάκνει
739 1179 821 1234 τὴν
852 1180 1052 1234 Εὔβοιαν
1083 1177 1156 1221 καὶ
1186 1185 1281 1229 ταῖς
1311 1180 1466 1234 νήσοις
1497 1178 1698 1237 ἐπιπηδᾷ.

354 1266 598 1305 Plutarchus
624 1266 767 1305 Pericl.
795 1268 818 1305 7
852 1261 925 1316 ὑφ’
960 1261 1008 1316 ἧς
1040 1261 1305 1320 (ἐλευθερίας)
1338 1264 1466 1318 ὥσπερ
1498 1265 1622 1306 ἵππον
1653 1264 1805 1318 ἐξυβρί-

215 1337 358 1372 ,σαντα
386 1324 454 1364 τὸν
487 1325 615 1377 δῆμον
648 1325 689 1365 οἵ
715 1324 1010 1382 κωμῳδιοποιοὶ
1040 1323 1197 1379 λέγουσι
1226 1329 1456 1378 πειθαρχεῖν
1487 1323 1616 1365 οὐκέτι
1646 1328 1807 1378 τολμᾶν,
1874 1371 1878 1374 ,

234 1384 330 1425 ἀλλὰ
375 1384 535 1424 δάκνειν
579 1383 651 1436 τὴν
689 1383 872 1437 Εὔβοιαν
909 1383 975 1424 καὶ
1011 1388 1095 1433 ταῖς
1130 1384 1268 1437 νήσοις
1305 1384 1514 1437 ἐπιπηδᾶν.
1595 1388 1631 1425 2.
1671 1384 1807 1425 δάκνει

235 1443 305 1496 μὲν
338 1444 384 1483 Gr.
415 1445 550 1484 Herm.
614 1444 798 1492 δακνάζει
828 1446 947 1484 Μ9111.
985 1458 1076 1484 011111
1108 1445 1293 1484 Teleclid.
1320 1447 1389 1484 42.
1416 1447 1485 1484 44.
1510 1446 1565 1485 47
1599 1445 1807 1496 coniungit

234 1505 381 1554 Bergk.
413 1504 460 1543 R.
492 1517 524 1543 c.
560 1505 644 1544 Att.
678 1507 775 1544 330.
799 1508 834 1544 1.
893 1526 938 1531 —
995 1507 1032 1544 1.
1064 1506 1236 1544 fortasse
1269 1504 1397 1557 ὥσπερ
1430 1501 1466 1543 δ’
1501 1503 1621 1552 ἵππος
1652 1504 1806 1561 φάτνῃ

237 1563 442 1617 ἐξυβρίσας
472 1566 564 1615 κτλ.,
594 1567 642 1603 ut
673 1562 903 1618 εὐπραγίαις
934 1563 1149 1617 ἐξυβρίζειν
1182 1565 1360 1616 Thucyd.
1391 1567 1425 1613 1,
1454 1566 1521 1604 84.

992 1692 1050 1734 42

1022 1778 1071 1816 Π
1097 1781 1189 1817 οἴτο
1274 1807 1284 1817 .
1347 1808 1356 1817 .

297 1847 678 1902 Βελλεροφόντην,
712 1845 735 1888 ὁ
768 1843 816 1888 δε
843 1847 1054 1901 Πήγασος
1068 1791 1141 1900 ρῆν
1173 1791 1253 1897 ἐΞ’
1243 1807 1474 1902 Ἀρκαδίας
1506 1846 1749 1904 ἐπίκουρος.

355 1932 549 1984 Origenes
582 1935 720 1972 contra
747 1932 847 1973 Cels.
882 1935 967 1972 310
999 1933 1189 2006 Spencer3
1232 1933 1432 1980 παίζοντες
1472 1933 1514 1973 οἵ
1546 1938 1615 1985 τῆς
1646 1932 1808 1986 ἀρχαίας

237 1993 464 2065 κωμῳδίας
475 1990 634 2043 ποιηταὶ
665 1990 941 2045 ἀνεγράψαντο
972 1994 1143 2045 Προῖτος
1174 1990 1316 2032 ε’κτεινε
1348 1989 1417 2045 (al.
1438 1989 1573 2047 ἔγημε)
1599 1996 1678 2033 κτλ.
1721 1989 1805 2033 ἀλλ’

237 2052 379 2093 ἐκεῖνοι
422 2049 494 2104 μὲν
537 2055 809 2120 γελωτοποιεῖν
853 2050 1054 2103 ἐθέλοντες
1090 2057 1211 2091 ταῦτα
1248 2049 1490 2092 συνέταττον.
1539 2053 1732 2093 indicavit
1770 2055 1810 2092 et

236 2114 294 2152 ita
325 2115 372 2152 ut
404 2125 526 2163 supra
558 2112 790 2162 scripsimus
822 2112 1021 2162 disposuit
1053 2111 1187 2152 Cobet.
1220 2113 1362 2158 Mnem.
1395 2112 1496 2150 VIII
1528 2114 1625 2152 419.
1660 2114 1726 2161 20,
1759 2112 1807 2152 de

237 2171 380 2212 ε’κτεινε
411 2174 548 2211 tacens
581 2173 621 2210 et
651 2185 688 2211 v.
722 2174 745 2211 2
781 2171 868 2211 add.
908 2170 1135 2224 ἐπίκουρος,
1172 2172 1272 2211 00111.
1303 2171 1509 2222 Hermipp.
1543 2173 1610 2224 63,
1644 2173 1697 2211 18
1738 2169 1810 2210 ἀν-

238 2228 406 2283 δράποδ’
448 2229 490 2270 ἐκ
531 2230 727 2283 Φρυγίας,
766 2229 844 2270 ἀπὸ
883 2227 918 2270 δ’
950 2227 1159 2283 Ἀρκαδίας
1197 2229 1442 2286 ἐπικούρους.
1502 2243 1632 2282 neque
1667 2229 1809 2270 ἔκτεινε

237 2305 366 2343 neque
407 2290 524 2344 ἔγημε
566 2291 687 2329 scribi
726 2291 903 2342 potuisse
945 2304 968 2329 a
1008 2293 1129 2341 poeta
1169 2290 1344 2341 adparet.
1412 2291 1584 2330 fortasse
1617 2289 1807 2342 Origenes

238 2353 406 2391 verbum
437 2350 566 2401 magis
598 2351 705 2401 apud
731 2351 878 2401 vulgus
904 2351 1102 2390 usitatum
1122 2345 1302 2404 (ἔκτεινε)
1327 2352 1518 2401 posuerat
1536 2363 1609 2400 pro
1641 2346 1808 2406 ἀνῄρει

238 2412 303 2451 vel
336 2411 468 2450 simili.
516 2423 598 2449 non
628 2410 832 2450 consentio
864 2423 955 2449 cum
985 2410 1117 2450 Leone
1148 2410 1250 2449 Mus.
1282 2410 1405 2448 Rhen.
1431 2409 1603 2448 XXXIII
1627 2411 1808 2450 412.13.

239 2470 277 2518 ἐξ
305 2466 406 2523 Ἀρκ.
446 2467 654 2521 ἐπίκουρος
691 2470 999 2520 proverbialiter
1033 2470 1195 2509 dicitur:
1240 2465 1340 2508 ‘sine
1371 2469 1455 2508 ullo
1493 2470 1697 2509 commodo
1735 2481 1807 2509 suo

242 2530 594 2580 Bellerophontem
626 2525 807 2569 adiuvit'.

356 2591 561 2639 comparat
598 2587 789 2640 Origenes
831 2590 929 2628 haec
972 2602 1063 2628 cum
1098 2588 1325 2627 narratione
1356 2588 1478 2627 Mosis
1521 2589 1568 2626 de
1604 2587 1796 2638 Cherube‚

236 2662 285 2688 ne
318 2650 367 2688 ad
399 2650 506 2687 vitae
536 2649 692 2700 lignum
722 2649 788 2688 via
818 2651 976 2699 pateret
1006 2648 1057 2688 ad
1088 2647 1263 2698 paradisi
1294 2647 1518 2686 custodiam
1549 2648 1740 2698 adposito.

1000 2764 1058 2806 43

359 2850 496 2889 Celsus
529 2851 636 2900 apud
661 2849 874 2901 Origenem
899 2852 1037 2890 contra
1063 2849 1165 2888 Cels.
1193 2851 1276 2889 329
1305 2849 1487 2900 Spencer.
1549 2848 1654 2901 εἴπερ
1687 2847 1802 2900 ἐβού-

240 2912 322 2950 λετο
350 2907 370 2949 ὁ
395 2909 504 2960 θεός,
536 2908 663 2962 ὥσπερ
695 2907 715 2949 ὁ
741 2908 847 2962 παρὰ
876 2911 930 2966 τῷ
960 2909 1138 2965 κωμῳδῷ
1171 2908 1282 2958 Ζεύς,
1315 2907 1357 2949 ἐκ
1387 2913 1457 2949 τοῦ
1487 2913 1640 2962 μακροῦ
1670 2907 1804 2948 ὕπνου
