2014 3334
261 247 313 289 17
318 248 345 289 2
602 284 605 288 ,
898 249 1195 284 MENANAPOT

259 361 500 409 splendor,
534 361 636 399 alius
666 361 727 399 hic
757 373 874 408 quam
905 361 1043 400 lumen.
1105 362 1205 409 quod
1234 363 1335 399 inter
1363 361 1456 400 haec
1487 365 1520 400 et
1543 363 1712 401 umbras
1735 365 1830 401 esset

260 421 553 468 adpellaverunt
578 423 702 469 {onon⁷
735 422 1007 460 commissuras
1031 432 1120 459 vero
1146 421 1314 459 colorum
1339 424 1373 460 et
1398 423 1586 460 transitus
1609 422 1827 471 harmoqen,

1004 560 1090 602 562

684 650 776 694 πῶς
808 643 862 698 δὴ
894 644 943 686 τὸ
975 649 1148 699 τραῦμα
1178 641 1297 686 τοῦτ’
1333 646 1463 700 ἔχεις;

465 712 765 773 “μεσαγκύλῳ.’
830 722 923 765 πῶς
952 716 1062 771 πρὸς
1095 719 1233 767 &soom
1259 713 1355 758 ’ἐπὶ
1385 718 1573 772 κλίμακα

472 787 582 843 πρὸς
611 794 754 842 τεῖχος
786 785 1067 842 ἀναβαίνωνῖ
1136 786 1220 842 ἐγὼ
1253 784 1334 843 μὲν
1366 788 1554 830 δεικνύω

472 858 770 913 ἐσπουδακώς,
803 860 850 901 οί
879 856 927 901 δὲ
958 859 1091 901 πάλιν
1124 858 1484 915 ἐπεμυκτήρισαν.

379 959 621 997 Plutarchus
652 959 750 997 Mor.
785 959 904 997 5470
942 956 1041 998 ἔνιοι
1073 956 1115 997 δὲ
1151 957 1365 1010 κακοήθως
1402 953 1489 997 οἷόν
1525 973 1561 997 τι
1599 955 1732 1010 δέλεαρ
1770 973 1830 1009 μι-

259 1016 356 1070 κρὸν
382 1016 560 1070 εὐλογίας
586 1017 875 1070 ὑποβάλλοντες
906 1016 1223 1058 ἐκκαλοῦνται
1249 1016 1320 1069 τὴν
1350 1018 1692 1071 περιαυτολογίαν·
1724 1017 1766 1057 οἷ
1787 1015 1830 1058 δὲ

257 1077 639 1131 προσπυνθάνονται
677 1076 742 1116 καὶ
774 1078 1008 1130 διερωτῶσιν
1047 1075 1099 1125 ὡς
1130 1076 1236 1129 παρὰ
1274 1080 1326 1133 τῷ
1358 1077 1586 1133 Μενάνδρῳ
1617 1075 1685 1116 τὸν
1717 1088 1830 1130 στρα-

256 1137 413 1188 τιώτην,
445 1137 511 1176 ἴνα
537 1137 727 1190 γελάσωσι
758 1140 835 1176 κτλ.
909 1152 946 1177 v.
978 1140 1004 1176 4
1039 1138 1232 1188 Tryphon
1262 1138 1321 1176 De
1352 1138 1479 1188 tropis
1513 1139 1564 1176 21
1602 1132 1723 1191 (VIII
1744 1139 1768 1176 7
1774 1138 1827 1177 59

259 1197 382 1236 Walz.
417 1199 515 1247 205,
549 1199 602 1236 23
632 1197 814 1249 Spengel.
848 1198 896 1236 cf.
928 1198 1090 1236 Bachm.
1112 1197 1259 1236 Anecd.
1286 1197 1328 1236 II
1357 1198 1454 1236 423.
1488 1193 1534 1250 4)
1566 1195 1830 1248 μυκτηρισμός

258 1255 336 1296 ἐστι
367 1255 408 1296 τὸ
441 1255 535 1308 μετὰ
571 1262 689 1304 ποιᾶς
726 1255 917 1308 κινήσεως
947 1255 1013 1296 καὶ
1046 1261 1279 1309 συναγωγῆς
1316 1262 1394 1295 τῶν
1432 1255 1643 1309 μυκτήρων
1674 1255 1830 1309 γινόμε-

255 1332 348 1367 νον,
387 1315 515 1367 ὥσπερ
553 1315 619 1356 καὶ
657 1314 898 1368 Μένανδρός
935 1327 1059 1368 φησιν
1090 1312 1158 1356 ὀἵ
1198 1313 1239 1354 δὲ
1279 1312 1569 1367 ἕμυκτήρισαν’.
1652 1319 1688 1355 1.
1725 1315 1826 1367 πῶς]

255 1378 332 1432 τῷ,
363 1377 388 1415 i.
415 1389 435 1414 e
467 1376 562 1426 τίνι,
599 1377 666 1415 Κ.;
710 1389 804 1415 nam
834 1377 1049 1426 respondet
1080 1374 1309 1431 μεσαγκύλῳ
1343 1378 1382 1415 et
1413 1379 1501 1414 tum
1533 1376 1691 1414 demum
1725 1376 1829 1415 alter

255 1437 480 1487 interrogat
517 1440 619 1483 πῶς;
661 1433 709 1486 δὴ
749 1436 836 1474 add.
878 1436 961 1474 cod.
989 1433 1142 1474 Du'ebn.
1246 1438 1284 1476 2.
1314 1435 1471 1486 κλίμακι
1507 1435 1571 1475 vel
1609 1450 1679 1482 -ος
1711 1435 1828 1475 Mein.

255 1494 354 1548 πρὸς
397 1495 566 1546 κλίμακα
606 1490 611 1548 ἱ
653 1493 715 1534 ἐπὶ
757 1498 878 1547 τεῖχος
915 1496 1156 1534 Bachmann.
1202 1494 1375 1534 Coniect.
1407 1495 1532 1534 Arist.
1565 1495 1632 1534 82.
1666 1497 1707 1534 3:
1759 1494 1830 1534 sed

257 1568 358 1607 quae
391 1555 442 1594 ad
476 1555 668 1594 tuendam
700 1555 968 1594 coniecturam
1001 1555 1140 1594 attulit
1170 1567 1249 1594 non
1280 1555 1417 1606 magni
1448 1558 1543 1593 sunt
1572 1555 1704 1605 pretii.

374 1615 425 1654 ad
446 1614 621 1654 Colacem
651 1615 774 1653 refert
806 1613 942 1653 Cobet.
962 1614 1010 1653 V.
1030 1609 1075 1653 1.2
1107 1616 1204 1654 317.
1267 1614 1338 1653 sed
1371 1615 1419 1654 cf.
1453 1615 1520 1654 58.
1541 1614 1704 1654 Lucian.
1725 1614 1827 1654 Dial.

257 1676 417 1713 meretr.
452 1676 475 1714 9
511 1676 552 1713 et
586 1676 652 1714 13.
713 1677 852 1713 narrat
888 1674 1090 1725 parasitus
1123 1674 1321 1725 quomodo
1361 1674 1402 1712 in
1440 1674 1622 1714 convivio
1658 1674 1829 1714 militem

257 1734 309 1773 ad
340 1734 508 1773 stultam
547 1734 930 1785 magniloquentiam
966 1734 1245 1784 provocaverit
1277 1746 1401 1784 eoque
1432 1734 1559 1773 risum
1591 1747 1730 1774 eorum
1760 1735 1829 1785 qui

257 1794 424 1833 aderant
450 1793 696 1834 excitaverit.
746 1793 926 1844 δείκνυμι
946 1791 1201 1841 ἐσπουδακώς
1229 1794 1290 1832 est
1316 1789 1475 1833 ‘serium
1499 1795 1648 1833 vultum
1674 1796 1827 1834 ostendo

256 1854 370 1904 quasi
395 1853 458 1892 his
485 1850 683 1892 omnibus'
716 1853 857 1892 militis
883 1853 1178 1893 narrationibus
1195 1849 1396 1892 “habeam
1425 1849 1572 1892 fidem’.
1600 1853 1736 1893 Cobet.
1787 1855 1827 1893 4.

257 1913 404 1952 Pollux
435 1915 473 1962 2,
507 1914 560 1953 78
594 1913 840 1965 μυκτηρίζειν
864 1943 872 1951 .
894 1943 902 1952 .
924 1944 932 1952 .
955 1915 1007 1969 τῷ
1039 1918 1206 1965 μυκτῆρι
1238 1911 1515 1952 ἐνδείκνυσθαι
1551 1911 1593 1952 τὸ
1626 1913 1828 1966 δυσχεραί-

255 1987 358 2011 νειν.
380 2004 388 2012 .
410 1972 497 2012 ,καὶ
526 1971 611 2012 τὸν
644 1972 817 2025 εἴρωνα
851 1971 951 2013 ἔνιοι
982 1978 1161 2025 μυκτῆρα
1191 1975 1391 2012 καλοῦσιν.
1441 1973 1557 2012 Phot.
1589 1973 1828 2025 μυκτηρίζει·

256 2030 469 2080 ἕξουθενεῖ.
519 2032 692 2083 Hesych.
724 2032 964 2085 μυκτηρίζει·
995 2032 1188 2085 χλευάζει,
1219 2031 1424 2088 καταγελᾷ.

1001 2185 1087 2227 563

467 2269 628 2319 ταύτας
658 2269 863 2324 μεγίστας
895 2267 1087 2311 ἀποτίνω
1116 2266 1196 2322 ’γὼ
1229 2267 1465 2323 συμβολάς.

470 2340 652 2395 σφάττει
683 2355 758 2395 με,
790 2340 946 2390 λεπτὸς
976 2337 1122 2394 γίνομ’
1159 2338 1462 2395 εὐωχούμενος

469 2412 522 2453 τὰ
553 2408 787 2467 σκώμμαθ’
825 2405 896 2453 οἶα
927 2411 980 2453 τὰ
1012 2411 1131 2466 σοφά
1161 2411 1209 2453 τε
1238 2409 1310 2453 καὶ
1342 2410 1617 2467 στρατηγικά.

472 2477 566 2533 οἷος
597 2479 639 2524 δ’
675 2482 845 2535 ἀλαζών
877 2482 996 2525 ἐστιν
1028 2481 1260 2538 ἁλιτήριος.

374 2583 613 2620 Plutarchus
650 2581 748 2621 Mor.
789 2583 871 2621 547
889 2582 940 2620 cd
989 2579 1056 2620 καὶ
1091 2579 1228 2620 κόλακι
1270 2578 1336 2619 καὶ
1380 2580 1578 2636 παρασίτῳ
1619 2579 1826 2620 δύσοιστον

256 2639 299 2680 ἐν
330 2641 437 2696 χρεία
468 2639 533 2679 καὶ
576 2638 886 2694 δυσκαρτέρητον
923 2639 1064 2680 ἑαυτὸν
1100 2639 1351 2693 ἐγκωμιάζων
1387 2639 1575 2687 πλούσιός
1611 2654 1668 2687 τις
1697 2637 1724 2692 ἢ
1756 2651 1825 2679 σα-

254 2700 404 2752 τράπης
428 2698 454 2751 ἢ
479 2700 673 2752 βασιλεύς.
720 2699 784 2739 καὶ
811 2699 1011 2752 συμβολὰς
1035 2699 1178 2747 ταύτας
1202 2698 1403 2739 ἀποτίνειν
1428 2699 1605 2752 μεγίστας
1630 2697 1824 2752 λέγουσιν,

255 2758 307 2807 ὡς
348 2758 368 2799 ὁ
412 2759 518 2811 παρὰ
557 2759 787 2814 Μενάνδρῳ
825 2763 901 2799 κτλ.
981 2775 1015 2800 v.
1053 2762 1072 2799 1
1118 2773 1166 2799 ex
1203 2759 1310 2798 Plut.
1344 2760 1432 2798 add.
1465 2759 1525 2811 K,
1563 2759 1713 2798 inserto
1741 2755 1823 2811 ’de-

257 2821 295 2859 3.
327 2818 373 2858 τὰ
404 2819 632 2871 σκωμμάτια
664 2820 778 2859 Mein.
830 2815 1087 2871 κομπάσμαθ’
1123 2819 1169 2858 G.
1190 2821 1237 2857 A.
1269 2819 1471 2871 Hirschig.
1502 2819 1604 2857 Ann.
1637 2818 1724 2857 crit.
1757 2820 1825 2868 26,

255 2879 452 2918 incertum
489 2880 718 2931 relinquens
750 2880 947 2931 quomodo
979 2891 1117 2919 versus
1156 2879 1421 2918 absolvendus
1459 2881 1574 2917 esset.
1631 2875 1679 2916 τὰ
1710 2888 1825 2928 σκεμ-

257 2937 372 2990 μάτια
390 2938 595 2978 Herwerd.
618 2940 762 2980 Mnem.
781 2952 869 2979 nov.
882 2939 938 2977 VI
961 2940 1027 2978 78.
1077 2951 1168 2978 cum
1187 2939 1478 2978 deminutivum
1498 2938 1546 2977 de
1565 2937 1826 2989 magniloqua
