2014 3334
251 237 337 283 308
604 246 607 251 ’
886 237 1189 275 ΦΙΑΙΠΠῙΔΟΤ

1009 350 1065 393 23

685 427 816 484 οὗτος
847 437 983 476 οἴεται
1015 433 1302 490 περισπάσειν
1347 462 1358 469 κ

463 504 700 561 κερμάτιον
731 504 883 547 αὐτοῦ.

370 592 510 630 Pollux
544 594 581 641 9,
614 593 668 631 88
701 589 871 643 κέρματα
901 588 986 631 ἀλλ’
1029 590 1077 631 οὐ
1108 590 1232 643 κέρμα
1256 591 1382 645 λέγειν
1409 589 1582 632 Ἀττικόν
1612 622 1623 632 .
1643 622 1652 632 .
1673 622 1682 631 .
1713 592 1822 645 εὕροι

251 647 287 689 δ’
324 648 375 689 ἅν
405 666 461 698 τις
492 649 587 690 αὐτὸ
620 646 681 704 (τὸ
707 647 847 704 κέρμα)
879 650 945 690 καὶ
975 650 1082 702 παρὰ
1113 655 1194 699 τοῖς
1214 648 1414 703 Ἀττικοῖς,
1446 651 1575 706 ὥσπερ
1607 651 1650 692 ἐν
1675 682 1685 692 .
1706 685 1714 692 .
1736 682 1745 691 .
1769 654 1822 708 τῷ

254 710 454 750 Φιλίππου
487 706 752 764 (Φιλιππίδου
785 707 975 764 Bekker.)
1018 711 1278 767 Φιλευριπίδῃ
1310 714 1387 751 κτλ.
1448 713 1487 751 in
1527 712 1823 764 distinguendis

253 771 435 810 versibus
469 773 626 810 secutus
657 783 747 810 cum
781 770 917 810 Cobet.
938 771 987 810 N.
1006 772 1032 810 1.
1054 773 1121 811 32.
1144 774 1181 811 3.
1232 772 1455 811 Meinekius
1488 772 1606 811 οἴεται
1635 768 1641 826 Ι
1668 783 1822 825 περισπ.

249 833 325 869 κτλ.
375 832 558 879 opinatur
587 832 807 869 nummulos
839 833 873 870 ei
903 843 943 870 se
973 835 1244 880 surrepturum
1276 843 1364 871 esse.

1011 947 1068 989 24

695 1018 1069 1074 περικατάληπτος
1098 1019 1291 1073 γίνομαι.

373 1105 613 1155 Φιλιππίδης
649 1105 920 1159 Φιλευριπίδῃ.
970 1104 1140 1144 Bekker.
1162 1102 1310 1143 Anecd.
1337 1107 1430 1156 112,
1464 1107 1530 1144 31.
1576 1107 1825 1145 circumcirca

244 1167 472 1214 prehendor.

792 1244 996 1279 ΑΔΗΛΩΝ
1021 1244 1283 1278 ΔΡΑΜΑΤΩΝ

1011 1317 1067 1360 25

464 1400 487 1442 ὁ
518 1401 597 1442 τὸν
629 1399 834 1442 ἐνιαυτὸν
866 1401 1099 1458 συντεμὼν
1130 1401 1193 1451 εἰς
1224 1398 1327 1455 μῆν’
1363 1399 1457 1454 ἕνα,

464 1471 487 1514 ὁ
518 1472 600 1526 τὴν
634 1471 874 1528 ἀκρόπολιν
905 1472 1174 1514 πανδοκεῖον
1205 1458 1445 1526 ὑπολαβὼν

461 1541 534 1585 καὶ
565 1543 642 1593 τὰς
673 1541 846 1599 ἑταίρας
878 1543 1126 1597 εἰσαγαγὼν
1157 1548 1209 1598 τῇ
1240 1541 1468 1600 παρθένῳ,

463 1610 522 1656 δι’
557 1614 610 1657 ὃν
642 1614 888 1657 ἀπέκαυσεν
918 1614 944 1668 ἡ
975 1613 1120 1669 πάχνη
1151 1615 1227 1664 τὰς
1259 1613 1494 1669 ἀμπέλους,

422 1698 442 1728 5
465 1682 523 1727 δι’
560 1685 613 1728 ὃν
645 1683 886 1741 ἀσεβοῦνθ’
923 1685 947 1728 ὁ
979 1685 1144 1736 πέπλος
1177 1685 1386 1742 διερράγη
1419 1684 1566 1740 μέσος,

462 1757 539 1807 τὰς
569 1764 659 1799 τῶν
689 1762 811 1800 θεῶν
841 1758 969 1812 τιμὰς
999 1753 1200 1800 ποιοῦντ’
1236 1756 1538 1812 ἀνθρωπίνας.

462 1834 599 1871 ταῦτα
630 1829 836 1871 καταλύει
869 1829 1025 1884 δῆμον,
1059 1828 1113 1871 οὐ
1144 1829 1366 1887 κωμῳδία.

366 1930 402 1955 v.
427 1919 446 1954 1
467 1918 551 1955 -—3
584 1916 825 1955 Plutarchus
857 1916 1034 1956 Demebr.
1063 1917 1128 1964 26,
1161 1929 1197 1954 v.
1226 1916 1353 1954 4-7
1387 1915 1497 1954 Dem.
1522 1916 1586 1954 12.
1619 1915 1823 1954 coniunxit

250 1976 483 2014 Meinekius.
534 1977 732 2014 incertum
757 1978 892 2014 tamen
919 1978 981 2015 esi,
1004 1989 1102 2014 num
1124 1975 1313 2014 continuo
1334 1974 1593 2014 cohaeserint.
1638 1974 1744 2013 Plut.
1766 1976 1820 2014 26

252 2034 494 2086 Φιλιππίδης
530 2034 610 2074 τὸν
641 2033 942 2086 Στρατοκλέα
979 2034 1214 2087 λοιδορῶν
1252 2033 1435 2085 ἐποίησεν
1467 2030 1504 2072 ρὃ
1534 2031 1602 2072 τὸν
1633 2055 1691 2060 -—
1722 2030 1822 2082 ἕνα’,

247 2093 313 2133 καὶ
344 2093 433 2147 περὶ
461 2099 529 2146 τῆς
561 2093 686 2149 ἐν’τῷ
717 2096 961 2146 Παρθενῶνι
992 2093 1325 2144 κατασκηνώσεως
1357 2090 1393 2132 ‘6
1425 2091 1497 2143 τὴν
1524 2114 1576 2120 —-
1605 2089 1820 2149 παρθένῳ.’

249 2158 290 2193 et
324 2157 376 2193 12
412 2153 472 2193 διὸ
503 2152 570 2193 καὶ
589 2136 844 2228 Φιλιππίδης
875 2152 1049 2206 ἐχθρὸς
1081 2151 1143 2192 ὢν
1174 2158 1255 2192 τοῦ
1288 2150 1643 2204 Στρατοκλέους
1675 2151 1716 2191 ἐι
1747 2167 1820 2192 κω-

249 2213 377 2268 μῳδία
414 2212 512 2267 πρὸς
551 2212 673 2252 αυτὸν
711 2212 868 2264 ἐποίησε
904 2218 1042 2265 ταῦτα·
1082 2209 1134 2251 δι7
1169 2209 1216 2251 ὃν
1255 2210 1478 2251 ἀπέκαυσεν
1509 2214 1586 2251 κτλ.
1624 2227 1686 2284 την
1726 2209 1768 2250 δὲ
1800 2209 1821 2250 ὅ

252 2273 492 2323 Φιλιππίδης
511 2272 748 2325 Λυσιμάχου
775 2273 907 2323 φίλος,
939 2271 1005 2310 καὶ
1029 2270 1154 2311 πολλὰ
1181 2268 1233 2310 δι’
1262 2269 1382 2310 αυτὸν
1408 2269 1429 2311 ὃ
1449 2271 1574 2323 δῆμος
1599 2265 1643 2310 εὖ
1669 2269 1820 2310 ἔπαθεν

247 2331 326 2371 υπὸ
358 2338 427 2371 τοῦ
459 2330 659 2384 βασιλέως.
724 2335 761 2372 3.
794 2330 1012 2385 εἰσαγαγὼν
1044 2330 1179 2380 Mein.]
1214 2330 1392 2383 εἰσάγων.
1443 2328 1651 2383 ἐπαγαγὼν
1674 2331 1820 2369 Naber.

247 2392 392 2431 Mnem.
424 2405 514 2432 nov.
546 2392 645 2431 VIII
677 2393 776 2431 428.
839 2393 877 2432 5.
909 2390 1093 2444 διερράγη
1120 2390 1256 2430 Cobet.
1288 2391 1338 2429 N.
1369 2391 1394 2429 1.
1430 2388 1504 2440 29]
1538 2389 1692 2443 ἐρράγη.

367 2465 457 2491 cum
488 2451 717 2491 Demetrius
756 2452 865 2490 intra
902 2451 1183 2491 brevissimum
1220 2452 1377 2500 tempus
1408 2450 1544 2500 parvis
1583 2450 1820 2501 magnisque

249 2512 451 2561 mysteriis
499 2511 653 2550 initiari
703 2511 843 2561 vellet,
899 2507 1253 2563 Στρατοκλέους
1303 2508 1468 2561 γνώμην
1518 2507 1695 2556 εἰπόντος
1732 2505 1818 2548 ’Λν-

247 2574 494 2622 θεστηριῶνα
549 2569 617 2610 τὸν
660 2571 925 2622 Μουνιχιῶνα
978 2566 1286 2623 ψηφισαμένους
1337 2571 1470 2608 καλεῖν
1525 2567 1592 2608 καὶ
1646 2568 1819 2620 νομίζειν

246 2628 403 2669 ἐτέλουν
446 2632 498 2685 τῷ
530 2630 742 2685 Δημητρίῳ
786 2628 833 2668 τὰ
875 2627 973 2681 πρὸς
1005 2625 1174 2700 ’Ἀγραν’
1217 2626 1284 2667 καὶ
1328 2626 1422 2679 μετὰ
1466 2633 1586 2667 ταῦτα
1622 2627 1742 2667 πάλιν
1779 2626 1818 2675 ἐξ

242 2671 578 2740 Ἀνθεστηριῶνος
621 2687 641 2728 ὁ
687 2687 925 2741 Μουνιχιὼν
973 2687 1185 2741 γενόμενος
1233 2685 1494 2741 Βοηδρομιὼν
1546 2685 1698 2735 ἐδέξατο
1745 2685 1818 2737 τὴν

247 2747 390 2799 λοιπὴν
421 2748 589 2800 τελετήν,
621 2748 702 2800 ἅμα
727 2747 793 2788 καὶ
817 2747 890 2799 τὴν
922 2746 1129 2788 ἐποπτείαν
1154 2751 1224 2787 τοῦ
1250 2747 1481 2799 Δημητρίου
1507 2745 1816 2799 προσεπιλαβόν-

247 2822 321 2854 τος.
372 2809 476 2847 Plut.
510 2809 684 2847 Demetr.
719 2811 786 2848 26.
836 2808 984 2847 ibidem
1016 2809 1071 2846 24
1110 2805 1335 2858 Δημήτριος
1372 2805 1567 2857 τοσαύτην
1603 2805 1722 2858 ’ὕβριν
1762 2819 1818 2852 εις

246 2867 390 2913 παῖδας
422 2865 659 2919 ἐλευθέρους
689 2866 756 2907 καὶ
793 2870 984 2920 γυναῖκας
1014 2864 1133 2913 ἀστὰς
1170 2863 1426 2905 κατεσκέδασε
1455 2880 1580 2916 τηςα
1555 2863 1817 2916 ἀκροπόλεως,

247 2925 341 2965 ὥστε
380 2926 512 2965 δοκεῖν
550 2926 633 2966 τότε
671 2927 835 2978 μάλιστα
878 2925 1118 2980 καθαρεύειν
1155 2924 1223 2966 ,τὸν
1260 2924 1406 2976 τόπον,
1450 2924 1510 2964 ὅτε
1549 2924 1717 2977 Χρυσίδι
1751 2922 1816 2963 καὶ
1885 2965 1891 2973 .

1908 0 2014 39 *freq
