2014 3334
221 258 225 262 ·
265 240 352 283 332
613 253 616 257 ’
721 236 957 278 ΕΤΔΟΞΟΤ
1011 240 1312 275 ΝΑΤΚΛΗΡΟΣ
1339 260 1381 267 -

264 351 380 407 ἐκπίῃ
401 351 443 391 C.
507 354 543 391 6.
576 350 650 404 ἐγὼ
678 349 719 391 δὲ
746 351 920 391 casaub.
951 351 1064 392 τοῦτό
1095 349 1131 405 γ’
1163 351 1369 392 ἐκπέπωκα
1395 353 1513 392 Mein.
1563 350 1644 405 τρὶς
1668 350 1834 393 πέπωκα

263 413 415 451 Iaoobs.
453 416 609 464 χωροῦν
647 411 721 451 δύο
753 410 864 463 χόας,
903 406 989 450 οἷον
1021 408 1109 451 οὐδ’
1147 410 1197 451 ἂν
1228 410 1355 452 ἐκπίοι
1382 410 1388 465 Ι
1415 410 1573 463 ἐλέφας·
1618 410 1693 465 ἐγὼ
1724 408 1830 452 τοῦτ’

263 471 345 511 ἐκπ.
377 471 499 510 Dobr.
533 471 634 510 Adv.
665 471 707 510 II
741 473 837 510 335.
875 473 1037 521 recepta
1073 472 1115 510 in
1154 486 1190 512 v.
1224 474 1250 511 4
1289 471 1429 512 Cobeti
1466 472 1740 511 emendatione
1773 467 1834 524 (et

263 531 337 570 del.
370 524 507 583 ῥυτόν)
545 534 747 582 χωροῦντα
785 530 858 570 δύο
897 529 1008 582 χόας,
1052 527 1099 569 ὃν
1137 527 1225 570 οὐδ’
1265 529 1315 570 ἂν
1352 530 1479 571 ἐκπίοι
1513 532 1518 582 Ι
1553 529 1711 582 ἐλέφας·
1757 529 1832 584 ἐγὼ

265 587 308 629 δέ
339 586 377 642 γ’
413 587 618 629 ἐκπέπωκα
648 604 688 629 π.
720 589 767 628 Κ.
840 593 875 630 7.
909 587 1003 629 οὐδὲ
1032 595 1107 642 γρῦ
1140 590 1185 630 G.
1205 591 1252 630 A.
1277 591 1476 642 Hirschig.
1508 591 1612 630 Ann.
1644 591 1731 631 crit.
1764 592 1832 640 31,

264 650 365 689 conl.
385 649 549 699 Antiph.
573 651 669 700 190,
691 651 757 689 13.
794 650 977 688 Menand.
999 651 1095 689 364.
1159 651 1196 689 8.
1228 664 1356 698 τουτις
1387 647 1440 698 ὡς
1460 652 1506 689 A.
1570 652 1726 690 9-11.
1756 663 1831 690 om.

266 709 307 748 C.
371 710 409 748 9.
442 706 520 747 ἀπὸ
552 710 605 748 Π.
637 709 759 748 Dobr.
825 711 890 748 10.
921 708 1129 761 πυρπνόου
1159 710 1208 749 Α.

383 770 420 807 2.
463 767 593 807 πίνειν
635 767 733 819 πρὸς
775 767 1004 820 κλεψύδραν
1047 782 1119 819 per
1161 770 1292 808 iocum
1336 770 1437 809 dixit
1481 771 1525 809 ut
1567 767 1692 822 λέγειν
1734 767 1833 822 πρὸς

263 826 505 878 κλεψύδραν.
569 830 606 867 3.
626 827 933 880 κρουνιζόμενον
952 829 1135 877 liquorem
1154 841 1219 868 ore
1238 831 1480 878 excipientem
1494 823 1667 882 (Dobr.).
1702 827 1833 880 ἀμφό-

266 901 357 939 τερα
391 883 426 925 δ’
463 886 690 937 οἰωνίζομαι
723 884 757 926 ‘I
776 888 860 927 will
882 883 977 927 bet'.
1009 887 1129 927 Dobr.
1161 901 1210 927 ne
1243 889 1300 928 sio
1331 889 1491 940 quidem
1528 889 1731 938 intellego.
1793 890 1832 928 4.

264 945 440 999 περιάγει
471 949 532 985 est
562 959 665 997 pers.
701 949 737 986 2.
789 944 873 997 ‘qui
906 948 955 986 ad
982 947 1133 986 bellum
1163 948 1416 998 proficiscens
1447 961 1612 987 uxorem
1643 950 1714 987 aut
1743 960 1834 987 con-

268 1006 432 1044 cubinas
469 1018 598 1045 seeum
629 1008 763 1051 trahit,
806 1007 874 1057 qui
910 1007 951 1045 iu
982 1007 1187 1057 publicum
1226 1007 1412 1058 prodiens
1444 1010 1515 1047 aut
1546 1007 1832 1057 discipulorum

264 1078 407 1115 agmen
427 1066 554 1104 trahit
586 1078 721 1105 secum
746 1069 815 1105 aut
835 1067 1054 1116 quemlibet
1079 1080 1253 1118 gregem,
1284 1067 1573 1120 περιάγεσθαι
1604 1079 1671 1106 eos
1697 1079 1833 1106 omnes

263 1120 439 1164 dieitur'.
472 1124 606 1164 Cobet.
672 1129 708 1165 7.
740 1126 975 1177 Diogenian.
1002 1128 1040 1177 4,
1067 1128 1122 1166 43
1157 1122 1216 1180 (2,
1250 1128 1304 1166 64
1337 1121 1474 1178 Vind.)
1506 1124 1717 1177 ἐλέφαντος
1747 1125 1832 1165 δια-

263 1182 394 1237 φέρεις
420 1181 557 1223 οὖδέν·
589 1183 652 1223 ἐπὶ
676 1190 753 1224 τῶν
779 1183 1047 1236 ἀναισθήτων.
1111 1188 1148 1225 8.
1180 1185 1354 1238 τριήρης,
1379 1186 1428 1225 cf.
1448 1186 1664 1236 Antiphan.
1682 1187 1780 1235 224,
1794 1180 1832 1225 4.

265 1246 302 1282 9.
335 1244 457 1282 etiam
488 1244 799 1293 Bellerophontes
830 1257 917 1284 eum
940 1246 1088 1294 Peyaso
1118 1247 1308 1296 poculum
1339 1248 1411 1285 est.
1461 1245 1669 1296 Astydam.
1689 1246 1738 1283 fr.
1753 1247 1832 1295 3‚4

267 1301 340 1342 δύο
373 1300 415 1341 δὲ
447 1309 570 1354 χρυσᾶ
603 1298 806 1358 (κυμβία),
836 1303 960 1356 γρύψ,
991 1303 1033 1344 τὸ
1070 1301 1104 1344 δ’
1140 1302 1271 1358 ἕτερον
1302 1304 1503 1358 Πήγασος.
1553 1305 1600 1343 de
1638 1305 1832 1355 elephanto

263 1363 406 1412 poculo
439 1363 488 1414 of.
520 1363 640 1402 etiam
675 1364 835 1403 Damon
871 1366 906 1403 1.

817 1562 861 1610 E
886 1562 932 1610 T
956 1563 999 1610 Δ
1026 1562 1069 1612 O
1097 1561 1136 1616 Ξ
1164 1563 1208 1612 O
1235 1564 1276 1611 Σ

878 1658 1050 1698 Meinek.
1076 1658 1093 1696 I
1121 1660 1217 1697 492.

899 1737 1201 1771 ΝΑΤΚΑΗΡΟΣ

550 1870 860 1924 ψηφοπαίκτης
1031 1811 1054 1852 1

384 1955 528 1994 Pollux
551 1957 587 2004 7,
609 1957 706 1994 200.
725 1958 743 1994 1
779 1955 839 2006 εἴη
860 1953 910 1994 ἂν
930 1953 996 1994 καὶ
1014 1953 1035 1994 ὁ
1053 1955 1339 2007 ψηφοπαίκτης
1359 1953 1401 1993 ἐν
1419 1952 1551 2010 τέχνῃ·
1583 1953 1625 1994 τὸ
1645 1952 1687 1994 δὲ
1707 1952 1833 2006 ὄνομα

266 2019 380 2053 τοῦτο
408 2012 536 2066 εἴρηκέ
560 2029 617 2061 τις
646 2020 725 2054 τῶν
750 2013 852 2054 νέων
877 2015 1081 2070 κωμῳδῶν
1107 2012 1290 2062 Εὔδοξος
1318 2013 1361 2054 έν
1386 2013 1630 2066 Ναυκλήρου
1657 2013 1834 2066 δράματι.

265 2076 360 2113 sunt
378 2074 718 2126 praestigiatores,
744 2075 813 2126 qui
839 2075 1004 2114 calculis
1029 2078 1387 2126 θαυματοποιοῦσι.
1431 2075 1479 2114 cf.
1506 2074 1685 2125 Alciphr.
1706 2075 1833 2124 3,·20.

859 2189 1241 2224 ΤΠΟΒΟΛΙΜΑΙΟΣ

1032 2263 1059 2304 2

545 2344 792 2401 Ἀβυδηνὸν
826 2345 1079 2402 ἐπιφόρημα

385 2431 581 2470 zenobius
605 2434 641 2484 1,
666 2434 685 2470 1
721 2429 879 2471 ἐπὶτῶν
904 2431 1042 2483 ἀηδῶν
1066 2431 1234 2471 τάττεται
1259 2428 1284 2482 ἡ
1311 2430 1511 2483 παροιμία.
1574 2429 1765 2482 μέμνηται
1790 2427 1832 2470 δὲ

265 2489 386 2542 αὐτῆς
406 2488 587 2538 Εὔδοξος
606 2487 963 2548 έν“Υποβολιμαίῳ.
1025 2490 1123 2543 φασὶ
1143 2488 1184 2530 δὲ
1208 2490 1266 2530 ὅτι
1279 2487 1516 2543 Ἀβυδηνοῖς
1540 2488 1637 2537 ἔθος
1662 2485 1713 2542 ἦν
1738 2489 1832 2542 μετὰ

265 2548 307 2588 τὸ
340 2549 503 2589 δεῖπνον
533 2549 601 2589 καὶ
625 2549 692 2598 τὰς
724 2550 899 2598 σπονδὰς
929 2550 1143 2603 προσάγειν
1173 2549 1265 2597 τοὺς
1300 2550 1446 2597 παῖδας
1478 2579 1488 2588 .
1515 2581 1522 2588 .
1546 2579 1555 2588 .
1587 2548 1832 2602 κεκραγότων

267 2606 309 2647 δὲ
340 2614 417 2648 τῶν
447 2609 603 2649 παίδων
635 2640 644 2648 .
676 2640 685 2649 .
717 2640 727 2650 .
758 2609 904 2662 ἀηδίαν
935 2606 1037 2650 εἶναι
1060 2607 1211 2660 πολλὴν
1236 2612 1316 2656 τοῖς
1349 2608 1590 2660 δαιτυμόσιν.
1633 2610 1680 2648 cf.
1709 2609 1832 2648 etiam

266 2667 500 2719 Diogenian.
535 2672 572 2718 1,
608 2673 644 2708 1.
706 2672 845 2709 contra
875 2671 1020 2710 Athen.
1057 2672 1123 2719 14,
1157 2670 1274 2708 6412.
1314 2667 1355 2707 τὸ
1386 2667 1484 2708 κατὰ
1514 2666 1586 2719 τὴν
1617 2668 1832 2721 παροιμίαν

267 2726 476 2779 λεγόμενον
502 2724 728 2780 Ἀβυδηνὸν
760 2727 987 2782 ἐπιφόρημα
1017 2727 1146 2776 τέλος
1176 2728 1221 2767 τί
1256 2726 1335 2767 ἐστι
1364 2726 1430 2767 καὶ
1461 2724 1747 2778 ἐλλιμένιον,
1778 2724 1832 2774 ὡς

263 2781 499 2838 Ἀριστείδης
535 2786 659 2838 φησὶν
697 2787 739 2828 ἐν
776 2788 888 2845 τρίτῳ
924 2786 1012 2841 περὶ
1041 2793 1273 2840 παροιμιῶν.
1334 2801 1406 2838 per
1442 2784 1611 2826 ironiam
1643 2787 1699 2826 sic
1730 2787 1831 2825 dice-

267 2845 402 2884 batur:
438 2847 532 2897 quid
563 2847 724 2897 proprie
757 2848 954 2899 significet
985 2845 1387 2900 ε’πιφόρημαᾶοοθηὲ
1419 2847 1620 2896 Aristoph.
1650 2846 1699 2898 fr.
1733 2847 1830 2885 774.

267 2904 456 2955 Archipp.
490 2908 527 2945 9.
576 2906 740 2957 Philyll.
776 2909 842 2948 19.
