2014 3334
650 225 917 260 ΘΗΣΑΤΡΟΣ
969 225 1271 261 ΘΡΑΣΤΛΕΩΝ
1693 226 1749 268 69

915 346 1001 388 239

448 420 684 488 κανθάρου
715 402 982 487 μελάντερος

281 518 486 573 παροιμία.
536 516 782 572 Μένανδρος
805 518 1015 573 Θησαυρῷ.
1047 517 1218 557 Photius
1245 521 1286 557 et
1306 519 1462 558 Suidas.
1488 519 1577 558 add.
1605 518 1750 557 Suidas

162 578 230 620 καὶ
271 578 484 633 κανθάρου
529 577 777 632 σοφώτερος,
827 575 891 617 ἐπὶ
933 582 1011 617 τῶν
1055 583 1246 631 πονηρῶν
1297 576 1364 617 καὶ
1407 582 1637 629 κακοηθῶν.
1700 580 1749 618 ef.

162 640 332 680 Philam.
368 641 436 679 33.
487 639 631 678 Zenob.
667 641 705 689 4,
740 639 808 679 65.
857 638 1026 689 Diogen.
1062 639 1100 689 5,
1135 639 1203 678 40.
1253 638 1436 688 Append.
1469 652 1579 689 prov.
1615 642 1658 686 2,
1692 640 1745 677 41

163 714 255 740 oum
274 700 331 740 eis
352 713 454 751 quae
474 699 567 740 edit.
589 699 678 738 adn.
705 721 752 726 —
776 698 911 739 verbis
937 697 1150 751 κανθάρου
1170 697 1403 750 μελάντερος
1430 698 1602 738 bestiola
1625 699 1748 750 signi-

162 760 275 800 ficari
305 760 478 800 videtur.

226 839 251 842 <-
280 820 495 859 Praeterea
526 820 573 859 cf.
609 821 706 859 960.

805 897 1110 933 ΘΡΑΣΤΛΕΩΝ

280 976 312 1016 Ι.
334 989 366 1016 e.
400 977 520 1016 Miles
540 976 745 1025 yloriosus.
769 985 774 988 ·
801 974 946 1015 Iulian.
968 974 1161 1026 Misopog.
1165 975 1299 1014 3490
1331 971 1500 1028 ἄκαρπος
1525 972 1592 1013 καὶ
1616 974 1749 1026 βαθυ-

158 1033 347 1091 γένειος.
367 1066 377 1076 .
404 1035 588 1088 ἐνόμισας
619 1033 670 1075 ἂν
700 1035 927 1109 Σμικρίνην
960 1032 1061 1088 ὁρᾶν
1092 1032 1119 1086 ’ἢ
1155 1032 1512 1088 Θρασυλέοντα.
1552 1033 1749 1074 δύσκολον

159 1096 386 1171 πρεσβύτην
417 1094 444 1149 ’ἢ
478 1094 771 1149 στρατιώτην
810 1093 1032 1147 ἀνόητον.
1094 1095 1299 1135 Plutarch.
1331 1096 1431 1134 Mor.
1467 1095 1623 1134 1095d
1655 1091 1750 1134 οὐδὲ

159 1155 234 1211 γὰρ
265 1153 400 1211 Ἱέρων
441 1155 492 1196 ἄν
524 1152 612 1196 οὐδ’
643 1152 831 1203 ’Ἀτταλος
871 1185 880 1195 .
913 1185 922 1195 .
957 1188 964 1195 .
1007 1154 1251 1206 ἐπείσθησαν
1290 1186 1299 1194 .
1332 1185 1342 1194 .
1374 1185 1383 1194 .
1422 1157 1651 1194 κατακλῖναι
1685 1150 1748 1206 (ἐν

14 1248 18 1249 ⁷
159 1221 240 1265 τοῖς
272 1211 526 1271 συμποσίοις)
556 1216 772 1269 Κάρδακας
803 1214 870 1255 καὶ
897 1211 1109 1290 ’Aypfficvag
1140 1211 1232 1267 μεθ’
1268 1213 1401 1254 αὑτῶν
1428 1245 1437 1254 .
1458 1244 1467 1254 .
1488 1244 1497 1253 .
1523 1213 1589 1253 καὶ
1625 1215 1748 1267 Θρα-

0 1237 16 1429 k
160 1277 370 1325 σωνίδας
395 1275 462 1316 καὶ
498 1274 884 1330 Θρασυλέοντας,
927 1273 1172 1329 ὀλολυγμοὺς
1202 1273 1269 1314 καὶ
1299 1274 1628 1328 κροτοθορύβους
1658 1288 1748 1314 ποι-

161 1342 317 1385 οῦντας.
374 1338 423 1377 cf.
450 1337 630 1388 Aleiphr.
653 1339 690 1387 2,
712 1338 751 1387 4,
774 1338 826 1376 19
861 1338 903 1376 et
934 1349 1036 1387 quae
1070 1336 1121 1374 ad
1154 1331 1458 1389 Ἐπιτρέποντας
1490 1336 1747 1374 adnotantur.

159 1398 208 1438 de
241 1397 352 1438 Sexti
385 1398 559 1448 Turpilii
593 1398 869 1446 Thrasyleome'
900 1397 950 1437 of.
983 1396 1028 1436 O.
1061 1396 1256 1436 Ribbeck.
1289 1395 1396 1435 Com
1418 1396 1464 1434 R.
1485 1389 1553 1434 fr.2
1579 1397 1674 1434 109.

914 1514 1003 1557 240

355 1600 485 1650 κατὰ
516 1596 641 1642 πόλλ’
680 1596 750 1655 ἄρ’
788 1595 911 1640 ἐστὶν
940 1597 995 1640 οὐ
1027 1600 1172 1647 καλῶς
1203 1594 1440 1653 εἰρημένον

373 1672 423 1714 τὸ
455 1675 602 1726 γνῶθι
634 1671 818 1713 σαυτόν·
862 1670 1198 1726 χρησιμώτερον
1229 1669 1314 1725 γὰρ
1346 1664 1404 1723 ἦν

373 1744 423 1786 τὸ
455 1747 603 1799 γνῶθι
634 1744 739 1794 τοὺς
771 1743 948 1792 ἄλλους.

280 1831 479 1870 Stobaeus
510 1831 650 1870 Floril.
684 1833 760 1881 21,
794 1832 817 1870 5
866 1829 1117 1883 Μενάνδρου
1153 1825 1448 1882 Θρασυλέοντος
1481 1804 1746 1881 (θρασυλεοξι)

159 1892 208 1931 A.
264 1891 413 1930 Anton.
445 1891 536 1930 Mel.
571 1893 627 1930 80
659 1906 696 1941 p
733 1893 829 1930 139.
879 1890 1042 1931 Maxim.
1075 1889 1186 1929 Conf.
1220 1888 1440 1938 Serm 56,
1477 1889 1559 1926 112
1593 1901 1631 1937 p.
1662 1889 1745 1926 663

160 1951 368 1992 Oombefis.
424 1954 460 1990 1.
483 1947 594 1990 πόλλ’
630 1947 693 2004 άρ’
729 1951 844 1990 Pors.
875 1950 977 1990 Adv.
1007 1949 1112 2000 235]
1146 1945 1256 1988 πόλλ’
1294 1964 1357 1987 αν.
1413 1950 1571 1987 πολλῶν
1597 1947 1747 1986 Anton.

161 2014 202 2112 e}
226 2012 393 2110 xMaxim.
426 2011 552 2051 πολλά
582 2007 619 2064 γ’
656 2011 793 2061 Steph.
859 2012 894 2049 2
930 2009 1096 2050 σεαυτόν
1122 2009 1228 2049 Voss
1265 2009 1389 2049 Hens.
1417 2011 1457 2047 et
1482 2007 1641 2046 Maxim.
1674 2001 1744 2058 ην]

161 2087 179 2112 ε
266 2085 332 2112 oss
377 2085 479 2123 mrg.

0 2142 11 2216 Ξ
912 2152 998 2194 241

377 2237 414 2281 ὁΔ
434 2237 640 2294 δεύτερος
671 2239 811 2286 πλοῦς
843 2235 935 2278 ἐστι
967 2236 1112 2290 δήπου
1145 2235 1397 2290 λεγόμενος,

0 2322 15 2356 2
377 2309 432 2353 ἂν
465 2309 662 2365 ἀποτύχῃ
694 2324 760 2359 τις
792 2308 965 2364 οὐρίου,
998 2307 1190 2350 κώπαισι
1221 2310 1361 2349 πλεῖν.

283 2398 480 2437 Stobaeus
500 2396 638 2436 Floril.
655 2391 724 2447 59,
742 2399 764 2436 9
799 2395 1048 2448 Μενάνδρου
1068 2393 1110 2434 ἐκ
1134 2391 1429 2447 Θρασυλέοντος
1449 2394 1498 2431 A.
1548 2395 1584 2431 2.
1606 2390 1746 2444 οὐρίου

107 2451 109 2453 ’
161 2457 333 2497 κώπαισι
365 2457 476 2497 Grot.
528 2458 575 2496 of.
597 2456 735 2496 Cobet.
760 2456 808 2495 N.
835 2457 861 2495 l.
889 2458 957 2495 84.
986 2456 1022 2495 5.
1074 2460 1230 2528 πρῶτον
1258 2453 1300 2493 ἐν
1333 2454 1455 2503 81011,
1488 2453 1555 2491 sed
1588 2457 1746 2503 πρῶτον

92 2523 94 2525 ’
164 2531 238 2557 0111.
263 2518 312 2559 A.
361 2516 585 2569 πνεύματος
615 2515 787 2555 κώπαισι
819 2516 895 2555 Ios.
930 2515 1075 2565 Scalig.
1109 2513 1158 2554 ἂν
1191 2513 1401 2566 ἀποτυχών
1432 2527 1488 2559 τις
1513 2517 1671 2563 πρῶτον
1704 2510 1746 2550 ἐν

162 2577 315 2626 κώπαις
340 2575 438 2633 πλέη
464 2577 583 2616 Mein.
607 2579 642 2616 1.
675 2576 863 2615 Eustath.
887 2577 984 2626 661,
1005 2577 1060 2614 43
1095 2573 1114 2615 ὁ
1141 2581 1219 2614 τῶν
1249 2571 1591 2624 κωπηλατούντων
1622 2574 1747 2618 πλοῦς

163 2638 341 2690 δεύτερος
378 2636 477 2677 κατὰ
515 2635 587 2688 τὴν
623 2636 842 2690 παροιμίαν
879 2633 1028 2689 λέγεται
1064 2638 1209 2684 πλοῦς,
1247 2632 1300 2681 ὡς
1336 2632 1496 2686 πρώτου
1535 2629 1647 2678 ὄντος
1675 2636 1746 2670 τοῦ

163 2696 294 2738 πλέειν
319 2696 417 2750 πρὸς
443 2695 604 2748 άνεμον.
648 2697 755 2735 idem
775 2695 915 2747 Odyss.
941 2698 964 2734 2
993 2698 1090 2735 extr.
1112 2695 1290 2747 δεύτερος
1316 2696 1439 2739 πλοῦς
1466 2690 1486 2731 ὁ
1514 2688 1564 2730 δι’
1589 2689 1746 2730 ε’νδειαν

164 2754 352 2811 (ἀνέμου)
391 2754 445 2797 δι’
485 2757 651 2811 εἰρεσίας
687 2755 906 2809 γινόμενος.
947 2757 1162 2806 1453,18
1205 2754 1385 2806 δεύτερος
1421 2754 1547 2799 πλοῦς
1585 2749 1746 2804 λέγεται,

165 2816 225 2858 ότε
250 2816 459 2870 ἀποτυχών
484 2831 541 2865 τις
567 2815 736 2869 ουρίου
762 2815 914 2863 κώπαις
939 2813 1058 2866 πλέει,
1084 2813 1181 2854 κατὰ
1207 2812 1460 2852 Παυσανίαν.
1502 2812 1745 2851 Baehmann.

164 2877 313 2918 Anecd.
347 2880 366 2917 I
402 2880 505 2930 191,
538 2879 606 2917 31.
656 2877 836 2916 Boisson.
869 2875 1017 2914 Anecd.
1051 2876 1091 2914 H
1123 2876 1221 2915 445.
1255 2895 1310 2900 -
1350 2873 1398 2911 ef.
1430 2873 1480 2911 fr.
1516 2873 1613 2911 228.
1648 2873 1745 2910 279.

164 2939 379 2978 Philemoni
420 2939 521 2978 haec
563 2938 800 2977 tribuuntur
838 2936 1005 2987 Diogen.
1043 2936 1157 2974 Vind.
1194 2937 1237 2986 2,
1277 2935 1333 2972 45
1381 2931 1560 2984 δεύτερος
1603 2934 1746 2978 πλοῦς·
