2014 3334
513 234 878 269 KATAAOPAAHN
903 235 1425 269 ΜΕΤΕΣΧΗΜΑΤΙΣΜΕΝΑ
1667 232 1756 276 655

170 344 513 400 ἁπανταχόθεν
545 341 679 401 (παντ.
710 345 897 401 προσήγ.)
926 340 932 400 Ι
959 350 1028 398 τῆς
1058 351 1132 399 γῆς
1162 345 1208 386 τὰ
1240 346 1424 386 κάλλιστα
1463 379 1470 387 .
1503 377 1513 386 .
1546 378 1554 387 .
1592 344 1757 401 ἐραστὰς

171 401 280 460 εἶχον
317 406 495 460 μυρίους.
545 407 590 446 Β.
621 402 822 459 ἐγέλασ’·
861 404 1060 459 ἐραστὰς
1098 404 1147 445 σὺ
1179 409 1461 458 τηλικοῦτος
1493 405 1578 458 ὤν,
1615 404 1774 448 ὀδόν-

169 480 252 515 τας
281 464 506 519 τέτταρας
537 464 655 518 ἔχων
687 462 804 518 (ἔχων
833 461 838 515 Ι
865 480 898 505 τ.
924 462 1014 519 ὀᾶ).
1065 468 1115 504 Α.
1143 464 1198 517 νὴ
1232 467 1342 517 Δία,
1374 466 1466 515 τοὺς
1497 465 1682 520 ἀρίστους
1713 481 1755 521 γε

169 532 262 567 τῶν
293 525 342 566 ἐν
366 531 417 582 τῇ
443 525 578 566 πόλει
608 555 619 565 .
651 558 658 565 .
694 557 701 565 .
736 528 760 566 3
794 524 873 565 καὶ
910 523 1004 577 μὴν
1039 524 1279 577 πρόδηλός
1309 541 1352 580 γε
1384 525 1405 566 ὁ
1438 526 1552 578 ἔρως
1591 525 1757 567 οὑτοσὶ

169 585 320 635 πολὺς
352 581 406 640 (κ.
430 601 468 638 μ.
497 584 519 625 ὅ
542 582 579 639 γ’
609 584 707 639 ἔρως
732 599 796 639 πρ.
823 583 844 625 ὁ
869 588 957 626 πολ.
984 580 1137 639 οὑτοσὶ)
1178 585 1184 638 Ι
1217 583 1281 625 ὢν
1320 584 1340 626 ὁ
1372 585 1481 639 περὶ
1510 586 1622 635 τοὺς
1652 585 1757 627 ἀτέ-

169 660 319 694 κνους
348 643 426 686 καὶ
456 645 722 693 πλουσίους
750 644 979 699 γέροντας
1005 643 1064 699 (π.
1084 660 1115 685 τ.
1135 643 1192 686 ἄτ.
1212 661 1246 700 γ.
1268 643 1325 685 ὢν
1349 645 1418 686 καὶ
1441 642 1524 702 πλ.)
1557 676 1566 686 .
1587 677 1596 687 .
1616 677 1627 687 .
1657 645 1756 700 ἀτὰρ

170 703 246 746 οὐκ
273 702 385 759 ὀλίγα
412 710 491 746 τῶν
518 703 692 759 ἐραστῶν
724 703 989 756 ἀπολέλαυκα,
1021 704 1285 758 μονονουχὶ
1325 707 1757 759 προσκυνούμενος

169 761 240 806 ὑπ’
281 763 434 817 αὐτῶν,
473 764 552 805 καὶ
589 764 902 818 ἐθρυπτόμην
936 760 942 820 Ι
977 763 1020 805 δὲ
1057 765 1244 813 πολλάκις
1281 765 1346 806 καὶ
1384 765 1591 807 ἀπέκλειον
1622 766 1756 807 αὐτῶν

169 838 279 874 τινας
311 824 446 866 ἐνίοτε.
507 826 715 865 simillima
753 830 814 865 est
852 826 982 866 oratio
1015 826 1329 876 Periplectomeni
1367 827 1472 878 apud
1505 828 1638 868 Plaut.
1670 828 1754 868 Mil.

169 886 271 937 glor.
306 887 345 936 3,
381 889 416 938 1,
453 886 535 925 114
551 898 608 936 sq.
765 882 769 885 ’

902 955 1019 998 1444

289 1041 494 1081 Lucianus
520 1041 580 1080 De
612 1041 744 1081 sacrif.
775 1043 827 1081 12
872 1039 1074 1094 θέμενοι
1113 1039 1162 1082 δὲ
1199 1042 1391 1095 βωμοὺς
1422 1041 1489 1082 καὶ
1518 1043 1755 1096 προρρήσεις

165 1099 243 1141 καὶ
273 1099 652 1154 περιρραντήρια
681 1096 686 1155 Ι
713 1101 1016 1155 προσάγουσι
1057 1097 1101 1155 (ν
1132 1101 1266 1150 αὐτοῖς
1299 1098 1407 1156 add.)
1447 1101 1527 1151 τὰς
1557 1103 1756 1153 θυσίας,

165 1161 287 1214 βοῦν
327 1158 398 1213 μὲν
437 1159 647 1213 ἀροτῆρα
686 1157 741 1214 (ά.
767 1159 827 1214 β)
862 1162 867 1210 Ι
901 1159 922 1202 ὅ
960 1161 1187 1216 γεωργός,
1226 1160 1329 1214 ἄρνα
1366 1160 1409 1202 δὲ
1447 1160 1468 1202 ὁ
1499 1162 1652 1215 ποιμὴν
1689 1161 1756 1203 καὶ

165 1216 275 1275 αἶγα
306 1218 327 1261 ὀ
359 1219 581 1272 αἰπόλος,
609 1219 615 1276 Ι
643 1218 664 1261 ὁ
691 1219 739 1260 δέ
770 1237 827 1269 τις
857 1220 1127 1274 λιβανωτὸν
1157 1220 1184 1275 ἢ
1215 1221 1457 1273 πόπανον,
1490 1220 1511 1262 ὁ
1539 1221 1581 1263 δὲ
1606 1221 1756 1275 πένης

166 1276 227 1336 (π.
247 1278 291 1321 δέ
309 1277 385 1334 τις)
413 1277 419 1330 Ι
449 1280 644 1321 ἱλάσατο
664 1279 733 1321 τὸν
758 1279 876 1321 θεὸν
901 1281 1109 1334 φιλήσας
1134 1281 1260 1334 μόνον
1280 1279 1342 1334 (θ.
1364 1298 1405 1334 φ.
1427 1278 1494 1336 ἷλ.)
1519 1281 1604 1334 τὴν
1631 1282 1754 1324 αὐτοῦ

167 1340 330 1390 δεξιάν
375 1335 381 1394 Ι
426 1370 436 1380 .
468 1370 477 1380 .
510 1370 519 1380 .
563 1340 631 1388 τίς
669 1339 755 1381 οὐκ
801 1339 858 1381 ἂν
897 1341 1133 1382 εἰκάσειεν
1170 1341 1379 1394 ἥδεσθαι
1422 1347 1543 1382 ταῦτα
1588 1338 1753 1398 (τάδε)Ι

167 1398 380 1454 ὁρῶντας
409 1399 503 1448 τοὺς
532 1400 684 1454 θεούς
709 1396 769 1454 (θ.
798 1398 898 1455 ὁρ.);

902 1499 1021 1561 1445

245 1654 248 1658 ,
286 1604 489 1645 Lucianus
510 1603 666 1655 Catapl.
688 1606 712 1644 2
752 1600 847 1657 παρ’
883 1601 981 1656 ἡμῖν
1012 1602 1084 1656 μὲν
1115 1603 1190 1658 γὰρ
1222 1604 1444 1657 ἀσφόδελος
1473 1602 1477 1660 Ι
1506 1605 1657 1658 μόνον
1689 1606 1756 1647 καὶ

167 1662 275 1718 χοαὶ
304 1663 383 1705 καὶ
415 1663 611 1704 πόπανα
641 1662 989 1718 κάναγίσματα,
1018 1664 1023 1714 Ι
1051 1663 1104 1704 τὰ
1136 1661 1173 1704 δ’
1209 1662 1324 1706 ἄλλα
1357 1665 1501 1716 ζόφος
1541 1665 1619 1706 καὶ
1651 1665 1756 1719 ὁμί-

167 1727 249 1777 χλη
293 1722 372 1764 καὶ
415 1723 582 1772 σκότος
620 1720 707 1776 (ὀμ.
741 1722 783 1763 δὲ
827 1721 946 1764 τᾶλλα
989 1723 1056 1763 καὶ
1094 1725 1123 1772 ζ.
1161 1739 1200 1764 τε
1237 1724 1304 1765 καὶ
1342 1723 1420 1779 σκ.)
1461 1726 1466 1775 Ι
1508 1724 1557 1766 έν
1602 1724 1651 1766 δὲ
1695 1728 1755 1784 τῷ

167 1782 329 1840 οὐρανῷ
373 1779 442 1838 (ἐν
487 1782 571 1836 οὐρ.
604 1781 672 1836 δὲ)
716 1783 898 1836 φαιδρὰ
942 1784 1094 1824 πάντα
1134 1783 1213 1824 καὶ
1263 1780 1372 1836 (add.
1415 1781 1550 1840 καλά),
1595 1782 1601 1841 Ι
1647 1786 1672 1838 ἤ
1717 1802 1755 1826 τε

167 1842 405 1897 ἀμβροσία
436 1842 560 1895 πολλὴ
594 1838 638 1898 (ἡ
672 1840 708 1883 δ’
744 1842 862 1896 άμβρ.
887 1838 949 1898 γε)
981 1843 1060 1884 καὶ
1097 1842 1146 1884 τὸ
1178 1842 1346 1896 νέκταρ
1386 1842 1624 1896 ἄφθονον.
1688 1860 1755 1886 ex-

167 1905 281 1955 ponit
318 1904 453 1944 nescio
492 1905 581 1955 quis
620 1905 662 1943 in
696 1917 799 1953 oreo,
839 1907 991 1955 quanta
1023 1904 1076 1944 sit
1112 1918 1245 1944 rerum
1285 1906 1522 1945 caelestium
1560 1911 1601 1945 et
1631 1907 1754 1947 infer—

167 1976 312 2004 narum
344 1964 583 2004 differentia.

907 2045 1022 2088 1446

288 2131 451 2172 Lucian.
479 2131 636 2183 Catapl.
671 2134 723 2171 12
758 2129 1023 2184 Γλυκέριον
1061 2130 1144 2185 τῂν
1180 2132 1438 2172 παλλακίδα
1476 2148 1555 2185 μου
1587 2129 1754 2186 (παλλα-

167 2188 263 2243 κὴν)
293 2186 298 2245 Ι
326 2189 718 2244 ἐπισπασάμενος
747 2189 833 2243 τὴν
863 2191 1024 2244 θύραν
1056 2189 1428 2247 ἐσπόδει’(διεσπ.,
1449 2193 1625 2234 cfiArist.
1646 2195 1753 2234 Eecl.

170 2247 276 2305 939)
304 2251 311 2300 Ι
337 2251 522 2304 καθάπερ
567 2247 670 2307 (ὡς)
716 2250 918 2299 οὐδενὸς
961 2250 1103 2293 ξ”νδον
1142 2251 1382 2305 παρόντος
1420 2250 1479 2305 (π.
1506 2250 1626 2306 aa),
1671 2250 1750 2294 εἶτ’

169 2309 333 2362 ἐπειδὴ
365 2306 488 2366 (ἐπεὶ)
517 2311 523 2361 Ι
551 2311 654 2360 ἅλις
685 2307 780 2364 εἶχε
817 2317 899 2364 τῆς
930 2310 1196 2364 ἐπιθυμίας
1227 2342 1237 2352 .
1269 2345 1276 2352 .
1312 2344 1320 2352 .
1353 2312 1503 2352 πλατὺ
1541 2313 1754 2366 χρεμψά-

98 2415 100 2417 ,
169 2385 312 2422 μενος
349 2370 427 2410 καὶ
463 2371 770 2419 καταπτύσας
808 2387 885 2423 μου
925 2368 1043 2425 (μέγα
1079 2371 1142 2412 καὶ
1176 2372 1302 2412 πλατὺ
1339 2373 1346 2421 Ι
1379 2373 1754 2425 καταχρεμψάμενός

170 2445 249 2482 μου
276 2428 342 2469 καὶ
367 2445 527 2471 καταπτ.
553 2436 710 2485 νεκροῦ,
737 2433 786 2471 ef.
810 2432 931 2471 Arist.
951 2431 1044 2472 Pac.
1066 2428 1171 2487 815)
1200 2431 1206 2484 Ι
1234 2432 1302 2480 εἰς
1333 2431 1413 2472 τὸν
1445 2438 1536 2472 τῶν
1567 2432 1753 2486 ἀσεβῶν

169 2486 269 2542 (τῶν
299 2488 362 2530 ἀσ.
392 2487 481 2545 τὸν)
520 2497 672 2544 χῶρον
713 2489 860 2531 ἄπιθι
892 2490 1064 2532 ἐπειπὼν
1096 2488 1214 2545 ὤχετο
1253 2489 1445 2543 (fortasse
1477 2498 1574 2542 νῦν,
1606 2490 1750 2547 ἐ’φη)·Ι

169 2548 256 2603 ἐγὼ
300 2546 337 2589 δ’
385 2548 750 2604 ἐνεπιμπράμην
794 2549 898 2603 μέν,
942 2550 1089 2592 ούκε
1118 2567 1202 2605 χον
1247 2549 1283 2591 δ’
1332 2551 1456 2604 ὅμως
1495 2551 1501 2605 Ι
1542 2552 1564 2592 ὅ
1598 2566 1639 2593 τι
1675 2552 1755 2593 καὶ

170 2608 357 2663 δράσαιμι
394 2605 586 2664 (fortasse
617 2606 848 2665 ποιήσαιμ’)
893 2610 1039 2651 αὐτὸν
1084 2606 1182 2660 αὖος
1224 2610 1315 2663 ’ἤδη
1353 2611 1420 2651 καὶ
1456 2612 1640 2665 ψυχρὸς
1678 2612 1753 2653 ὥν.

170 2671 310 2709 narrat
340 2673 524 2710 mortuus
555 2671 690 2711 nescio
723 2672 813 2723 quis
845 2671 1035 2712 iniuriam
1068 2673 1143 2712 sibi
1176 2685 1199 2710 a
1231 2685 1345 2712 servo
1377 2673 1557 2712 inlatam.
1685 2667 1691 2673 ’

906 2789 1018 2832 1447

291 2873 496 2913 Lueianus
527 2871 682 2924 Gatapl.
718 2876 770 2914 14
815 2872 960 2922 ἄλλως
999 2890 1038 2915 τε
1076 2872 1177 2916 οὐδ’
1219 2875 1360 2927 ὅμοια
1389 2875 1510 2929 τάμὰ
1541 2881 1639 2927 τοῖς
1662 2886 1753 2920 τῶν

169 2932 429 2972 πλουσίων·
454 2928 458 2957 ¹
481 2931 530 2972 ἐκ
556 2931 813 2987 διαμέτρου
844 2933 931 2987 γὰρ
962 2932 1078 2987 ἡμῖν
1103 2935 1152 2975 οἱ
1172 2936 1291 2988 βίοι,
1317 2937 1467 2987 φασίν
1486 2934 1593 2991 (γάρ,
1613 2940 1752 2991 φασίν,
