2014 3334
227 252 315 293 436
631 257 634 261 ¹
875 255 1136 289 ΑΔΕΣΠΟΤΑ

348 364 545 404 Eusebius
577 365 719 415 Praep.
752 378 809 405 ev.
845 367 889 417 6,
923 368 967 417 6,
999 368 1054 405 42
1093 367 1212 406 Dind.
1250 389 1308 393 —
1341 367 1528 407 κακύνειν
1564 368 1639 408 hac
1676 369 1797 422 signi-

228 425 410 464 ficatione
443 425 550 474 apud
581 425 827 475 antiquiores
858 426 1027 466 inveniri
1058 438 1138 465 non
1169 427 1341 466 memini.
1601 454 1619 459 κ

980 542 1061 585 139

514 656 807 666 .....
871 621 976 667 οὐδὲ
1006 625 1088 680 τὴν
1117 625 1283 681 νευρὰν
1303 623 1445 681 Ἔρως

512 696 698 751 μετρίως
730 693 959 750 ἐνέτεινεν,
993 693 1089 738 ἀλλ’
1126 695 1235 739 ὅσον
1266 693 1382 752 εἶχεν
1414 697 1565 753 ἰσχύος

512 766 815 823 προσελκύσας
845 767 898 809 τὰ
928 767 1032 820 τόξα
1064 767 1281 823 διαφῆκεν
1311 767 1450 823 βέλος.

347 853 630 892 Aristaenetus
662 853 789 903 Epist.
826 856 861 902 1,
897 854 951 892 10
984 848 1040 907 (p.
1070 855 1154 893 140
1185 849 1407 908 Hel-chen).
1472 856 1507 895 1.
1540 853 1638 894 ὅθεν
1671 852 1798 908 ὁἜρ.

227 911 276 952 οὐ
308 929 346 964 μ.
377 911 471 952 ἐνέτ.
502 910 574 964 τὴν
607 928 641 952 ν.
705 914 742 952 3.
775 911 1022 965 σφοδρότατα
1054 913 1224 966 διαφῆκε
1254 912 1296 954 τὸ
1327 914 1364 966 β.

968 1029 1054 1072 140

512 1114 680 1164 σίζουσι
712 1112 943 1167 τηγάνοισι
973 1113 1315 1169 περιηχούμενοι

511 1184 591 1226 τὸν
621 1183 765 1225 πάντα
795 1181 834 1225 τ’
871 1179 981 1238 ἀμφ’
1018 1184 1138 1238 ἴγδιν
1167 1199 1214 1227 τε
1244 1183 1563 1240 κάλετρίβανον

511 1287 879 1296 ......
941 1257 1278 1310 κατατρίβοντες
1308 1257 1421 1310 βίον.

346 1340 527 1381 Clemens
560 1340 674 1379 Alex.
708 1341 827 1380 Paed.
862 1342 899 1391 2,
934 1343 970 1390 1,
1005 1343 1029 1380 3
1074 1341 1258 1394 ταγήνοις
1290 1353 1323 1380 σ.
1355 1354 1409 1393 π.,
1440 1340 1544 1394 ἀμφὶ
1581 1340 1654 1393 τὴν
1694 1341 1798 1396 ἴγδιν

231 1399 297 1440 καὶ
327 1399 395 1439 τὸν
427 1398 485 1439 ἀλ.
518 1398 586 1439 τὸν
616 1414 657 1439 π.
677 1398 807 1439 αὑτῶν
831 1414 866 1439 κ.
885 1400 921 1452 β.
949 1399 991 1439 οἵ
1011 1399 1230 1454 πάμφαγοι.
1292 1401 1340 1440 de
1372 1402 1543 1441 articulo
1573 1403 1718 1442 omisso
1750 1404 1798 1443 cf.

227 1461 369 1511 Eupol.
404 1462 502 1499 346.
551 1460 779 1499 Anaxandr.
814 1462 882 1511 33,
915 1461 953 1499 3.

971 1575 1051 1618 141

1038 1659 1102 1709 εἰς
1132 1661 1371 1714 μελίπηκτα
1400 1658 1474 1703 καὶ

510 1727 752 1785 τραγήματ’
790 1727 1030 1783 ἐξώκειλεν,
1063 1729 1448 1787 ἐπιδορπισμάτων

512 1800 706 1856 εὑροῦσα
736 1803 923 1855 πλῆθος,
958 1801 1242 1852 παντοδαπὰς
1271 1800 1529 1860 θηρωμένη-

511 1870 733 1929 (γεύσεις).

345 1959 526 1998 Clemens
558 1959 671 1999 Alex.
702 1959 821 1998 Paed.
855 1961 893 2010 2,
928 1961 964 2011 1,
999 1961 1025 1998 4
1065 1954 1110 2013 (ἡ
1141 1955 1307 2013 λιχνεία)
1345 1959 1400 2007 εἰς
1436 1959 1483 1999 τὰ
1516 1959 1695 2012 πέμματα
1730 1959 1798 2000 καὶ

228 2018 274 2058 τὰ
300 2022 395 2071 μελ.,
419 2018 519 2071 πρὸς
548 2016 589 2058 δὲ
613 2017 680 2058 καὶ
705 2017 761 2066 εἰς
779 2017 826 2058 τὰ
845 2033 900 2071 τρ.
918 2040 977 2046 --
997 2021 1155 2071 πλῆθος
1173 2018 1422 2072 εὑρίσκουσα,
1452 2034 1492 2059 π.
1511 2023 1554 2060 θ.
1579 2019 1798 2072 ποιότητας.

968 2135 1053 2178 142

511 2215 667 2261 ἅπαντ’
703 2216 904 2273 ἀφανίζει
934 2222 1087 2274 γῆρας,
1121 2217 1250 2273 ἰσχὺν
1282 2219 1494 2274 σώματος,

513 2289 666 2345 ἀκοήν,
698 2287 870 2345 ὅρασιν,
901 2288 1080 2339 κάλλος·
1112 2287 1263 2332 οὐκέθ’
1299 2289 1438 2344 ἡδονὴ

512 2362 644 2404 ἔστιν.

347 2448 442 2487 Cod.
468 2447 639 2486 Vindob.
673 2449 694 2485 1
730 2449 770 2485 et
803 2448 826 2485 2
866 2448 959 2497 post
998 2446 1205 2486 Menandri
1241 2449 1409 2487 monost.
1446 2449 1514 2487 32.
1595 2449 1633 2487 2.
1665 2445 1794 2487 οὐκέτι

226 2503 380 2558 ἡδονήν
413 2507 528 2546 Vind.
562 2509 600 2546 2.

975 2586 1058 2629 143

1292 2646 1429 2689 καλὸν

511 2719 745 2774 πρόσρημα
775 2716 1093 2773 μισάνθρωπος
1123 2715 1412 2772 ὠνομαζόμην

510 2790 815 2846 προσηγορίαν
846 2788 930 2831 ἀπὸ
962 2793 1043 2830 τοῦ
1073 2789 1240 2844 τρόπου
1271 2788 1630 2844 μεταλαμβάνων.

347 2875 539 2914 Libanius
558 2875 642 2914 IIII
665 2876 760 2926 185,
788 2877 855 2915 25.
923 2877 961 2914 2.
993 2870 1079 2925 ὠν.,
1110 2870 1192 2913 ἀλλ’
1229 2872 1278 2914 οὐ
1302 2874 1434 2926 Τίμων
1453 2873 1520 2926 ἔτι,
1538 2872 1611 2925 τὴν
1629 2888 1693 2927 πρ.
1715 2877 1793 2914 κτλ.

227 2934 395 2973 fortasse
428 2947 474 2973 ex
506 2935 749 2985 Antiphanis
783 2935 942 2974 Timone
972 2935 1214 2984 excerptum.
