2014 3334
768 240 934 275 ΑΔΗΛΑ
961 240 1222 276 οΠοΤΕΡΑΣ
1695 239 1784 283 565

953 349 1040 392 907

493 408 642 463 σωρὸν
672 415 816 465 κρεῶν

325 495 496 535 Bekkor.
528 495 677 535 Anecd.
710 497 783 545 63,
819 497 872 535 14
917 495 972 544 εἰς
1014 493 1186 547 ἀνόητόν
1221 511 1310 536 τινα
1347 495 1412 536 καὶ
1457 494 1582 548 μηδὲν
1622 493 1716 537 ἄλλο
1755 494 1783 549 ἢ

205 554 354 607 σάρκας
383 552 530 607 ἔχοντα.
574 560 670 607 κρεᾶ
701 555 783 595 cod.
820 576 871 583 —
905 555 1023 596 indie.
1054 556 1208 595 Nauck.

953 671 980 714 9
1014 672 1040 715 8

489 743 812 800 τραχηλόσιμος
842 672 1082 800 ἄνθροῖπος

257 802 263 808 -
322 828 475 884 βραχὺν
504 827 573 870 τὸν
603 829 796 883 τράχηλον
828 827 941 883 ἔχων.
989 829 1161 870 Bekker.
1194 830 1344 870 Aneod.
1378 832 1446 881 65,
1480 833 1518 871 6.

490 1005 746 1062 τυντλώδης
777 1007 908 1062 λόγος
952 946 1039 990 909

322 1094 495 1134 Bekker.
515 1094 663 1133 Anecd.
685 1095 752 1144 65,
775 1095 827 1134 15
862 1096 985 1134 τυντλ.
1011 1092 1079 1134 καὶ
1109 1093 1291 1147 ληρώδης
1322 1092 1452 1146 λόγος·
1485 1089 1573 1134 οἷον
1604 1091 1626 1133 ὅ
1656 1107 1783 1133 πεπα-

203 1151 370 1206 τημένος
400 1152 466 1194 καὶ
497 1152 642 1201 κοινός.
691 1153 853 1201 τύντλος
882 1151 956 1207 γὰρ
988 1151 1009 1194 ὁ
1040 1151 1314 1206 πεπατημὲνος
1349 1152 1484 1204 πηλός.
1540 1154 1710 1193 photius
1741 1156 1783 1193 et

205 1214 376 1266 Hesych.
418 1213 659 1262 τυντλάζειν·
703 1211 799 1253 αὐτὸ
836 1211 902 1252 καὶ
937 1211 1032 1254 αὐτὸ
1063 1211 1189 1267 λέγειν
1233 1209 1424 1268 (fortasse
1463 1208 1672 1267 eormpt.).
1731 1215 1781 1253 cf.

203 1274 387 1314 Menand.
422 1275 547 1314 1078.
597 1272 728 1324 Βοείρ.
762 1275 798 1323 1,
833 1274 901 1314 35.

885 1354 985 1397 910.
1018 1354 1102 1397 911

490 1435 744 1495 ὑγιέστερος
774 1438 989 1497 ὄμφακος,
1020 1437 1292 1494 κολοκύντης

0 1469 19 1699 ἱ
324 1524 495 1564 Photius
520 1522 582 1578 ὑγ.
609 1521 703 1576 ὅμφ.
727 1524 919 1578 παροιμία
944 1523 1074 1577 ὥσπερ
1098 1523 1165 1564 καὶ
1189 1521 1410 1578 ὖγιέστερος
1430 1522 1659 1579 Κρότωνος·
1684 1525 1780 1563 πολ-

204 1582 266 1624 λοὶ
283 1582 359 1638 γὰρ
377 1585 650 1639 Κροτωνιᾶται
668 1582 849 1637 ἄσκηταί·
878 1582 949 1624 καὶ
967 1583 1188 1638 ὑγιέστερος
1212 1583 1464 1636 κολοκύντης.
1514 1581 1656 1637 ὑγιέστ.
1676 1597 1780 1636 κροτ.

204 1646 267 1685 est
296 1644 481 1684 Menand.
512 1646 613 1684 318.
653 1642 715 1698 ὖγ.
745 1646 826 1684 noi..
859 1645 1034 1685 Demetr.
1067 1645 1126 1684 De
1159 1645 1255 1685 eloe.
1290 1646 1386 1684 162.

0 1702 14 1918 ι
881 1761 981 1804 912.
1013 1761 1100 1804 913

490 1841 601 1900 ὑπὲρ
633 1843 711 1895 τὰς
741 1843 936 1899 ἐλάφους
967 1845 1203 1900 βεβιωκώς,

487 1912 600 1971 ὑπὲρ
631 1915 708 1966 τὰς
737 1915 938 1972 κορώνας

321 2003 466 2042 Pollux
499 2004 540 2054 2,
574 2003 641 2042 16.
703 2002 751 2042 cf.
780 2003 879 2042 860.

1 2143 3 2146 Α
944 2107 1034 2150 914

0 2170 8 2222 ἶ
489 2176 721 2234 ὑπερφυὴς
750 2179 928 2235 Κρόνος

0 2264 13 2315 ᾗ.
326 2265 497 2304 Bekker.
528 2264 676 2304 Anecd.
711 2265 780 2316 68,
813 2266 865 2304 21
900 2261 963 2304 ἐπ’
998 2263 1220 2318 ἀρχαιότητι
1251 2263 1318 2304 καὶ
1348 2263 1524 2319 εὐηθείᾳ.
1571 2265 1619 2303 cf.
1652 2266 1751 2304 510.

952 2381 1041 2424 915

489 2451 798 2508 ὑποζυγιώδης
828 2453 1069 2510 ἄνθρωπος

323 2538 494 2579 Bekkor.
525 2539 674 2579 Anecd.
708 2541 776 2591 67,
811 2542 863 2579 12
897 2542 939 2579 et
970 2540 1138 2580 Photius
1182 2537 1203 2579 ὁ
1234 2537 1288 2591 μὴ
1322 2537 1364 2579 ἐκ
1402 2544 1471 2591 τῆς
1508 2537 1652 2579 ἑαυτοῦ
1684 2552 1780 2591 προ-

204 2595 388 2650 αιρέσεως
425 2596 491 2637 καὶ
514 2599 744 2650 προθυμίας
781 2614 817 2639 τι
847 2598 1048 2653 πράττων,
1086 2595 1169 2648 ἀλλ’
1204 2597 1246 2639 ἐκ
1277 2604 1347 2651 τῆς
1384 2597 1524 2651 ἑτέρων
1555 2597 1779 2649 κελεύσεως,

205 2655 334 2710 ὥσπερ
365 2655 431 2696 καὶ
461 2656 508 2697 τὰ
538 2655 747 2720 ὑποζύγια.
796 2660 845 2698 of.
878 2659 1081 2710 Aristoph.
1115 2660 1163 2699 fr.
1198 2661 1294 2699 731.

949 2775 1036 2818 916

489 2844 784 2889 ὑποκαθεῖναι
814 2846 892 2897 τὰς
922 2845 1067 2902 ὀφρῦς

0 2967 21 2989 Ὗ
0 2940 10 2950 ’
1 2915 6 2920 ”
0 2879 5 2889 ’
0 2552 18 2852 ⁹⁷⁰·W'
0 2496 9 2534 ‘³¹‘
0 2445 9 2471 —v
0 2351 14 2418 ‘⁷''-
0 2327 3 2335 ”

325 2931 494 2972 Bekker.
525 2931 676 2972 Aneod.
708 2934 782 2985 69,
814 2935 839 2973 9
891 2927 978 2973 οἷον
1014 2931 1247 2972 παύσασθαι
1285 2932 1579 2984 χαλεπαίνοντα.
1630 2930 1673 2972 τὸ
1704 2932 1779 2987 γὰρ
