2014 3334
223 231 311 275 394
630 248 633 253 s
858 234 1188 267 XAPmAEmHz

1000 342 1019 383 1

650 410 845 455 δέσποιν’
876 410 1034 467 Ἑκάτη
1065 413 1267 469 τριοδῖτι,

648 486 886 540 τρίμορφε,
918 485 1210 540 τριπρόσωπε,

650 557 848 611 τρίγλαις
877 554 1134 610 κηλευμένα.

341 641 575 682 Athenaeus
609 644 647 692 7,
681 642 801 682 3256
839 637 1035 692 Ἀθήνησι
1077 639 1144 680 καὶ
1179 639 1298 688 τόπος
1340 656 1396 689 τις
1431 641 1573 695 Τρίγλα
1609 643 1792 692 καλεῖται,

222 700 290 742 καὶ
333 700 476 743 αὐτόθι
526 699 628 742 ἐστὶν
671 699 865 752 ἀνάθημα
907 706 952 756 τῇ
996 697 1141 756 Ἑκάτῃ
1183 705 1228 755 τῇ
1277 701 1555 756 Τριγλανθίνῃ.
1623 699 1684 741 διὸ
1726 699 1794 740 καὶ

223 761 486 814 Χαρικλείδης
515 760 559 801 ἐν
583 758 739 800 Ἁλύσει
769 760 872 812 φησί
899 762 975 799 κτλ.
1037 760 1276 800 Eustathius
1309 763 1435 812 1197,
1469 763 1521 800 29
1557 759 1614 800 ὅτι
1645 757 1688 800 δὲ
1717 773 1790 800 πο-

223 821 432 873 λυώνυμος
463 818 488 873 ἡ
521 820 690 874 ρηθεῖσα
713 817 858 871 Ἑκάτη
899 820 1016 871 δηλοῖ
1040 818 1106 859 καὶ
1135 818 1178 859 τὸ
1209 819 1263 867 εἰς
1294 818 1418 871 αὐτὴν
1450 818 1672 873 ἐπίγραμμα
1703 818 1792 872 ἕχον

224 880 350 928 οὕτως
380 883 457 921 κτλ.
505 878 738 932 κηλευμένη,
768 877 939 919 τουτέστι
966 877 1211 953 θεελγομένη,ε
1233 879 1433 931 χαίρουσα.
1486 882 1526 919 et
1552 882 1604 919 32
1640 878 1697 918 ὅτι
1726 877 1792 918 καὶ

223 940 341 988 τόπος
377 955 434 988 τις
460 937 654 992 Ἀθήνησι
689 939 829 993 Τρύγλη
867 938 1056 990 ἐκαλεῖτο,
1092 937 1159 978 καὶ
1189 936 1242 986 ὡς
1279 937 1471 990 ἀνάθημα
1501 933 1553 990 ἦν
1591 937 1676 979 ἐκεῖ
1703 941 1792 991 Τρι-

224 999 434 1056 γλανθήνῃ
454 995 612 1055 Εκάτῃ,
646 999 810 1050 δηλοῦσι
840 997 906 1038 καὶ
937 997 1032 1038 αὐτὸ
1064 998 1105 1038 οἱ
1132 998 1303 1038 παλαιοί.
1367 1001 1403 1037 1.
1427 994 1573 1050 Ἑκάτη
1603 999 1645 1037 in
1677 997 1792 1038 Char.

224 1073 326 1100 vers.
346 1073 421 1099 om.
441 1061 553 1099 Eust
583 1056 729 1099 Ἑκάτα
754 1059 888 1099 Dindf.
952 1061 990 1098 2.
1021 1058 1210 1111 τρίμορφε
1240 1057 1331 1125 θεά,
1361 1071 1485 1110 τριπρ.
1516 1058 1663 1108 Bergk.
1685 1053 1792 1097 P.1.2

224 1134 261 1171 p.
297 1121 423 1159 1038.
473 1115 595 1170 quod
619 1119 852 1158 Athenaeus
884 1132 931 1158 ex
950 1117 1186 1168 Chariclide,
1217 1118 1366 1158 comico
1398 1119 1444 1156 ut
1475 1117 1636 1158 videtur
1659 1119 1790 1168 poeta,

225 1180 378 1229 profert
419 1193 498 1219 non
541 1180 591 1218 ab
634 1179 721 1230 ipso
765 1181 886 1229 poeta
924 1178 1085 1218 videtur
1126 1178 1367 1228 profectum,
1405 1177 1475 1216 sed
1518 1190 1564 1216 ex
1607 1177 1793 1227 populari

226 1239 425 1278 cantilena
456 1235 679 1278 adscitum?
760 1240 799 1278 3.
829 1237 1017 1291 τρίγλαισι
1048 1237 1204 1277 Kaibel.
1233 1234 1452 1289 κηλευμένα
1484 1231 1626 1290 (supra
1650 1248 1723 1276 scr.
1745 1230 1792 1290 η)

225 1298 263 1337 A
294 1293 477 1351 (Bruns).
538 1299 698 1338 videtur
719 1298 987 1365 'scribendum
1025 1294 1248 1348 κηλουμένη
1287 1297 1352 1336 vel
1387 1294 1622 1347 κηλουμένα.
1656 1317 1710 1323 -
1743 1295 1792 1335 ef.

226 1358 407 1397 Nausier.
443 1360 478 1406 2,
513 1361 549 1397 9.
