2014 3334
280 226 369 269 530
650 218 654 222 ’
933 231 1196 265 ΑΔΕΣΠΟΤΑ

279 338 387 378 τινὰ
418 342 622 391 λαλῆσαι
653 339 781 379 πάντα
813 339 1003 392 ἀκήκοεν.
1024 372 1033 380 .
1054 347 1159 389 ,πῶς
1188 340 1263 395 γὰρ
1288 339 1338 381 ἂν
1367 341 1530 382 δύναιτό
1560 358 1617 391 τις
1641 341 1853 397 ἐγνωκέναι

279 398 326 437 τὰ
357 397 410 450 μὴ
443 397 665 450 λαληθέντα
697 398 821 455 αὐτῷς
855 402 902 440 cf.
933 401 1170 452 Diogenian.
1205 404 1240 449 7,
1274 403 1342 441 30.
1392 402 1556 454 Gregor.
1587 402 1706 454 Cypr.
1727 406 1764 452 3,
1794 406 1851 444 30

280 455 423 510 (Mosq.
456 461 505 509 4,
539 461 592 499 67
634 457 697 498 ἐπὶ
734 465 813 498 τῶν
851 456 1063 513 ἀνοήτων).
1120 462 1301 511 Apostol.
1336 464 1408 514 12,
1441 464 1509 502 81.
1566 463 1734 502 Photius
1772 461 1852 519 ὄνῳ

278 532 334 565 τις
369 516 420 557 ἔλ.
453 533 491 569 μ.
524 518 635 558 Sujd.
666 516 758 566 ὄνος
788 518 835 558 τὰ
866 513 945 565 ὦτα
976 525 1110 559 κινῶν.

1024 660 1112 702 684

536 712 541 717 κ
564 742 840 798 Συβαριτικὴ
871 742 1060 798 τράπεζα

403 828 601 868 Zenobius
630 829 670 878 5,
697 829 751 868 87
785 826 872 867 ἀντὶ
901 833 972 868 τοῦ
1003 827 1046 867 ἐν
1076 829 1314 884 πολυτελείᾳ.
1363 829 1524 869 videtur
1554 830 1662 880 apud
1691 833 1851 881 poetam

281 901 360 926 non
379 888 682 938 nominativum,
709 889 778 926 sed
798 889 979 928 dativum
1003 889 1237 939 repperisse.
1280 889 1384 938 quod
1406 890 1440 928 si
1465 902 1605 928 verum
1628 894 1699 938 est,
1721 890 1851 931 exitus

282 948 417 997 potius
442 948 604 987 videtur
627 949 855 987 tetrametri
879 948 1050 987 iambici.
1098 961 1178 987 non
1196 949 1372 999 pertinet
1391 949 1442 988 ad
1461 949 1666 999 Aristoph.
1683 950 1733 989 fr.
1754 951 1852 989 216.

1022 1088 1109 1130 685

917 1171 1050 1221 ἄλλος
1081 1166 1211 1221 οὗτος
1235 1168 1467 1227 Ἡρακλῆς.

394 1257 629 1308 Diogenian.
665 1260 701 1308 1,
735 1259 789 1297 63
828 1255 892 1296 ἐπὶ
932 1262 1011 1296 τῶν
1049 1256 1220 1309 ἰσχυρῶν
1256 1255 1322 1296 καὶ
1357 1263 1553 1309 κραταιῶν
1589 1255 1615 1309 ἡ
1646 1259 1849 1312 παροιμία.

277 1311 392 1364 οὗτος
424 1314 540 1363 ἄλλος
564 1312 762 1368 “Ηρακλῆς
794 1317 939 1356 Zenob.
973 1318 1010 1366 5,
1043 1319 1111 1356 49.
1156 1318 1300 1356 Zenob.
1333 1318 1481 1357 Milleri
1513 1313 1736 1372 (Melanges
1763 1320 1847 1359 378

275 1371 395 1430 extr.)
418 1374 496 1415 ,ἐπὶ
527 1381 605 1415 τῶν
643 1376 711 1431 βίᾳ
743 1371 817 1430 (sie
841 1377 996 1416 Nauck.
1028 1377 1177 1416 Bullet.
1208 1377 1368 1427 Petrop.
1400 1377 1500 1416 XIII
1533 1380 1616 1418 379
1656 1391 1728 1428 pro
1769 1384 1848 1418 τῶν

274 1438 327 1491 τῷ
359 1431 452 1491 βίῳ)
484 1450 519 1474 τι
549 1435 810 1488 πραττόντων.
861 1436 1059 1475 Theseum
1092 1437 1309 1488 significari
1333 1439 1473 1476 narrat
1491 1437 1707 1487 Hephaest.
1731 1438 1848 1477 Phot.

273 1496 379 1535 Bibl.
416 1498 495 1535 151
530 1495 669 1543 Bekk„
702 1496 901 1534 Theseum
937 1496 1002 1535 vel
1042 1508 1090 1534 ex
1121 1495 1253 1534 Idaeis
1285 1496 1467 1547 Daetylis
1505 1510 1630 1535 unum
1661 1497 1848 1536 Eustath.

275 1557 374 1605 589,
408 1557 477 1594 41.
529 1555 577 1593 cf.
611 1555 732 1593 etiam
763 1555 932 1594 Aristot.
959 1554 1089 1593 Ethic.
1121 1568 1252 1606 magn.
1281 1557 1317 1605 2,
1347 1557 1399 1595 15
1435 1552 1604 1608 (1213a
1637 1551 1722 1610 12).
1754 1557 1847 1596 Eth.

275 1615 377 1654 Eud.
413 1617 458 1664 7,
493 1616 546 1652 12
587 1609 757 1667 (1245a
790 1609 878 1666 30).
934 1614 1089 1653 Aelian.
1122 1614 1171 1653 V.
1203 1615 1241 1653 h.
1276 1617 1348 1665 12,
1381 1617 1449 1654 22.
1511 1616 1634 1654 etiam
1677 1616 1847 1655 comicos

273 1675 457 1714 existimo
496 1687 540 1712 eo
584 1674 795 1723 proverbio
831 1686 925 1713 usos
970 1686 1055 1712 esse
1094 1675 1146 1712 ad
1181 1674 1413 1713 inrisionem
1455 1675 1662 1714 hominum
1697 1675 1847 1715 vanilo-

274 1747 454 1785 quorum.
505 1734 551 1772 cf.
585 1733 758 1784 Ephipp.
793 1736 859 1773 17.
891 1755 949 1760 -—-
979 1734 1109 1772 Varro
1142 1736 1321 1772 saturam
1353 1729 1398 1788 (5
1431 1748 1468 1784 p.
1503 1736 1557 1774 93
1591 1729 1758 1789 Oehler)
1791 1735 1848 1774 sic

271 1794 488 1844 inscripsit.

1021 1874 1107 1916 686

560 1957 680 1999 ἄκων
711 1956 805 2012 μέν,
838 1957 898 2007 ὡς
930 1958 1042 2007 Ζεὺς
1073 1953 1197 1999 οἶδεν

391 2044 627 2094 Diogenian.
662 2046 700 2095 2,
733 2045 786 2083 82
833 2041 897 2082 ἐπὶ
935 2049 1012 2083 τῶν
1053 2041 1230 2082 ἀκόντων
1270 2041 1598 2095 ’ὑπισχνουμένων
1635 2058 1681 2084 τι.
1743 2058 1854 2096 quae-

273 2104 487 2154 explicatio
518 2103 674 2154 inpedit
705 2104 917 2155 quominus
949 2103 997 2142 de
1024 2101 1174 2153 Oedipo
1206 2103 1342 2154 aliquo
1374 2104 1528 2154 tragico
1560 2105 1793 2154 cogitemus.
1842 2139 1847 2142 .

985 2269 992 2274 -
1017 2243 1101 2285 687

914 2327 972 2381 μὴ
1005 2327 1166 2380 λόγους
1197 2323 1290 2368 ἀντ’
1329 2325 1539 2380 ἀλφίτων.

396 2414 627 2465 Diogenian.
661 2416 699 2465 6,
733 2415 788 2455 60
821 2416 860 2452 et
892 2413 1074 2463 Apostol.
1099 2415 1165 2463 11,
1197 2413 1252 2451 55
1285 2410 1348 2451 ἐπὶ
1379 2417 1457 2451 τῶν
1488 2411 1594 2460 τινὸς
1624 2411 1843 2460 ἀξιούντων

273 2476 413 2525 τυχεῖν.
459 2474 603 2512 Suidas
636 2471 698 2512 ἐπὶ
723 2478 801 2512 τῶν
827 2471 933 2525 ἔργα,
958 2470 1055 2511 ἀλλὰ
1080 2469 1134 2523 μὴ
1160 2471 1300 2525 λόγους
1325 2469 1543 2519 ἀξιούντων
1567 2473 1713 2524 λαβεῖν.
1749 2473 1842 2527 Dio·

273 2534 430 2585 genian.
465 2536 502 2585 7,
539 2535 621 2572 100
654 2532 807 2585 ῥήματα
838 2530 926 2571 ἀντὶ
956 2530 1143 2582 ἀλφίτων.
1191 2532 1240 2571 cf.
1272 2532 1418 2571 Macar.
1452 2533 1490 2583 5,
1523 2534 1591 2571 97.

1015 2659 1101 2702 688

915 2743 973 2798 μὴ
1004 2743 1115 2799 πρὸς
1146 2739 1219 2797 ἐμὲ
1250 2743 1302 2784 τὰ
1333 2744 1520 2786 ποικίλα.

391 2831 627 2880 Diogenian.
661 2833 697 2881 6,
732 2832 820 2869 70a
857 2832 898 2868 et
928 2829 1107 2868 Mantiss.
1143 2842 1255 2879 prov.
1289 2831 1331 2881 2,
1368 2832 1420 2868 14
1463 2822 1633 2869 τουτέστι
1675 2827 1728 2879 μὴ
1772 2827 1841 2876 τὰς

271 2887 405 2940 τέχνας
435 2888 533 2928 κατὰ
563 2895 640 2929 τῶν
671 2890 812 2941 φίλων.
860 2890 1004 2928 Macar.
1038 2890 1077 2940 5,
1111 2890 1177 2949 96.
1228 2890 1277 2927 cf.
1308 2889 1440 2939 adesp.
1475 2891 1571 2928 566.
