2014 3334
538 248 949 283 ΑΜΦΙΣΒΗΤΗΣΙΜΑ
974 249 1056 282 κει
1082 248 1405 282 ΠΑΡΕΡΓΡΑΦΑ
1670 246 1752 288 621

548 425 553 428 -
912 391 1025 435 1279

467 471 502 518 ὦ
535 477 645 530 Ζεῦ,
677 474 890 530 γενέσθαι
921 474 1058 531 τῆσδέ
1085 472 1130 531 μ’
1167 474 1323 531 ἐξάντη
1355 476 1508 519 νόσου.

301 561 567 614 Etymologic.
590 576 641 601 m.
661 564 760 614 346,
781 564 836 602 42
861 564 902 602 et
922 561 1066 601 Suidas
1092 560 1273 614 ἐξάντης.
1296 593 1303 601 .
1325 560 1526 615 ,ἀβλαβὴς
1544 560 1611 602 καὶ
1629 561 1758 616 ὑγιής,

181 618 204 662 ὁ
227 619 302 671 ἔξω
332 618 439 674 ἄτης.
495 616 582 661 οἷον
613 624 692 661 κτλ.
719 643 776 648 -
802 636 849 673 με
879 617 991 674 τῆσδ’
1026 621 1135 661 Suid.
1167 625 1208 662 et
1239 622 1374 673 Etym.
1407 622 1491 662 cod.
1521 622 1568 662 D.
1618 620 1757 675 ἐξάντη

181 679 309 732 Suid.]
336 679 512 733 ἕξάντην.
562 682 611 721 cf.
636 681 762 722 Arist.
784 681 883 720 Ean.
908 683 1004 722 127.
1054 681 1159 721 Plat.
1179 681 1347 720 Phaedr.
1368 683 1484 721 2440
1503 678 1530 733 ἡ
1550 677 1758 735 (μαντικὴ)

181 740 322 793 μανία.
343 771 353 781 .
374 744 616 793 ,καθαρμῶν
647 755 687 781 τε
711 739 777 780 καὶ
802 743 963 781 τελετῶν
987 746 1161 793 τυχοῦσα
1186 739 1326 793 ἐξάντη
1353 739 1511 793 ἐποίησε
1536 740 1605 781 τὸν
1631 740 1758 793 αὐτὴν

181 795 341 855 (νόσον)
372 799 523 853 ἔχοντα,
554 801 579 840 i.
606 814 639 841 e.
665 799 758 854 ὑγιῆ
796 799 863 840 καὶ
899 799 972 849 ἔξω
1010 798 1106 852 ἄτης
1144 796 1278 855 (Tim,
1310 802 1358 840 cf.
1398 801 1607 841 Ruhnken.
1642 800 1757 854 108).

181 855 368 901 ‘fortasse
399 860 579 913 tragicus
614 873 758 901 versus·
782 856 869 900 est'.
919 860 1038 901 Mein.
1070 862 1251 902 attamen
1283 873 1420 900 vocem
1446 858 1606 912 ἐξάντης
1631 861 1673 900 in
1699 861 1757 900 eis

181 931 282 973 quas
319 920 437 961 hodie
476 921 670 960 habemus
701 920 922 973 tragoediis
951 920 1126 962 inveniri
1155 933 1236 961 non
1268 921 1442 960 memini.
1504 921 1657 960 Nauck.
1690 921 1756 960 Tr.

181 992 242 1032 gr.
266 980 316 1020 fr.
342 980 478 1031 adesp.
507 982 603 1021 127.

913 1061 1028 1104 1280

465 1149 610 1200 ψυχῆς
641 1143 916 1200 δακνομένης
946 1144 1031 1199 γὰρ
1062 1144 1116 1186 τὰ
1148 1141 1306 1200 δάκρυ’
1343 1143 1573 1201 ἐξέρχεται.

300 1231 529 1283 Etymolog.
549 1245 599 1271 m.
619 1231 767 1274 Milleri
781 1227 1008 1285 (Melanges
1025 1225 1102 1284 81)
1123 1229 1319 1284 δάκρυον·
1343 1230 1451 1284 παρὰ
1470 1231 1512 1272 τὸ
1533 1231 1666 1272 δάκνω
1686 1262 1696 1272 .
1716 1262 1726 1272 .
1747 1265 1755 1273 .

181 1288 430 1343 δακνομένης
459 1289 534 1344 γὰρ
564 1296 634 1343 τῆς
657 1299 704 1342 ψ.
731 1288 782 1339 ἐξ.
831 1289 874 1330 τὸ
907 1289 1095 1343 δάκρυον.
1148 1303 1228 1330 non
1259 1294 1460 1343 repugnat
1490 1294 1575 1331 tam
1606 1293 1755 1332 futtilis

181 1351 454 1402 agnominatio
485 1350 725 1391 comoediae.
775 1352 911 1401 potest
940 1353 1078 1413 temen
1110 1351 1230 1390 etiam
1264 1351 1393 1391 oratio
1426 1352 1559 1391 soluta
1591 1365 1690 1392 esse.

892 1479 1026 1523 ’1281

469 1561 627 1615 ἕξιππα
658 1561 732 1606 καὶ
761 1561 984 1620 τέθριππα
1015 1561 1090 1606 καὶ
1121 1563 1369 1620 ξυνωρίδας

303 1628 545 1690 Eustatliius
569 1651 694 1702 1539,
716 1652 769 1690 31
796 1648 840 1690 τὸ
865 1647 1100 1702 τέθριππον,
1126 1644 1175 1690 οὗ
1201 1655 1337 1702 χρῆσις
1355 1648 1398 1690 ἐν
1416 1652 1470 1707 τῷ
1489 1653 1566 1690 κτλ.
1619 1651 1758 1690 comici

184 1709 238 1750 sit
269 1722 320 1749 an
350 1709 497 1762 tragici
530 1709 683 1750 dubito.

915 1802 1030 1845 1282

471 1885 520 1937 ὃς
550 1883 673 1929 τόνδ’
709 1886 821 1942 ἔχεις
851 1886 931 1928 τὸν
963 1885 1101 1941 σηκὸν
1133 1885 1262 1937 ἵλεως
1292 1891 1439 1941 γενοῦ.

302 1973 544 2012 Eustathius
581 1975 713 2025 1625,
750 1975 805 2012 24
847 1970 968 2024 σηκὸς
1006 1964 1128 2026 γοῦν,
1169 1972 1315 2024 φασίν,
1353 1969 1506 2029 ἡρῷον,
1550 1968 1638 2012 οἷον
1678 1975 1756 2013 κτλ.

185 2027 374 2072 ‘fortasse
405 2033 550 2085 tragici
579 2035 722 2084 poetae
756 2045 894 2073 versus
926 2035 998 2083 est,
1030 2045 1078 2071 ex
1110 2032 1233 2072 simili
1262 2045 1406 2072 scaena
1432 2033 1594 2084 petitus,
1626 2033 1758 2084 qualis

185 2094 248 2131 est
283 2092 356 2132 illa
391 2092 499 2144 apud
537 2092 775 2144 Sophoclem
807 2093 953 2132 Electr.
987 2088 1102 2132 637?
1158 2092 1276 2132 Mein.
1308 2093 1358 2132 cf.
1390 2091 1528 2132 Cobet.
1558 2093 1609 2132 N.
1633 2093 1660 2132 1.
1686 2095 1756 2133 47.

915 2233 1029 2276 1283

470 2317 646 2373 ἄψυχον
676 2317 820 2373 ἄνδρα
851 2316 1096 2372 λαμβάνειν
1127 2315 1411 2373 συνέμπορον

306 2403 478 2445 Bekker.
502 2404 651 2443 Anecd.
681 2406 747 2454 17,
775 2405 830 2443 20
857 2400 944 2442 ἀντὶ
968 2407 1039 2442 τοῦ
1065 2402 1207 2443 δειλόν.
1251 2403 1497 2455 tragicorum
1522 2404 1759 2455 fragmentis

188 2457 341 2516 (adesp.
371 2458 474 2517 270)
506 2463 677 2504 inseruit
708 2463 928 2503 Nauckius.

918 2591 1032 2635 1284

475 2673 669 2732 ἐλαφρὸν
698 2682 935 2733 παραινεῖν
965 2679 1026 2733 τῷ
1058 2681 1201 2725 κακῶς
1231 2675 1486 2731 πεπραγότι.

308 2761 478 2802 Bekker.
502 2762 655 2803 Aneed.
681 2765 749 2814 38,
777 2766 800 2803 7
833 2760 1008 2814 ἐλαφρὸν
1040 2761 1222 2813 σημαίνει
1252 2760 1294 2801 τὸ
1326 2758 1466 2817 ῥᾴδιον
1496 2759 1564 2800 καὶ
1588 2766 1756 2812 κοῦφον.

189 2821 242 2876 τῷ
273 2821 363 2860 add.
394 2821 564 2862 Bekker.
595 2843 654 2851 —
683 2823 839 2875 tragico
871 2822 1008 2861 deberi
1038 2823 1173 2861 censet
1204 2821 1340 2861 Cobet.
1371 2821 1420 2860 N.
1448 2822 1474 2859 1.
1500 2824 1569 2861 47.
1621 2834 1666 2860 ac
1697 2835 1757 2861 re-

191 2880 298 2931 cepit
332 2880 537 2921 Nauokius
575 2877 730 2936 (adesp.
763 2877 882 2936 274).
943 2882 1086 2920 Aesch.
1119 2881 1246 2920 Prom.
1276 2883 1360 2920 263
1394 2879 1587 2932 ἐλαφρὸν.
1607 2911 1617 2921 .
1638 2895 1758 2933 .παρ-

191 2942 318 2980 αινεῖν
348 2943 557 2981 νουθετεῖν
586 2956 625 2982 τε
656 2940 725 2982 τὸν
755 2947 886 2989 κακῶς
913 2938 919 2994 1
946 2940 1186 2994 πράσσοντα.
