2014 3334
268 220 353 262 160
806 195 810 197 ’
909 220 1207 255 MENANAPOT

382 332 610 370 Alexander
648 330 772 370 Walz.
810 331 926 371 Rhet.
957 331 1057 370 VIII
1087 334 1187 371 441.
1219 333 1258 371 2.
1312 332 1371 370 De
1409 331 1555 371 schem.
1596 333 1663 382 11,
1694 344 1733 381 p.
1767 332 1835 382 18,

267 393 321 430 14
348 391 532 442 Spengel.
576 390 804 443 λεπτολογία
835 389 952 442 ἐστίν,
984 390 1078 430 ὅταν
1109 389 1197 438 ένὸς
1222 388 1386 430 ἑκάστου
1414 396 1492 430 τῶν
1525 388 1833 443 συμβεβηκότων

263 447 289 501 ἢ
321 449 623 502 συμβαινόντων
653 447 726 500 τὴν
757 448 902 502 ἀκριβῆ
928 449 994 490 καὶ
1019 448 1082 489 ἐπὶ
1107 452 1232 506 λεπτῷ
1265 449 1492 504 ἐξεργασίαν
1524 449 1750 501 ποιώμεθα,
1781 447 1835 497 ὡς

263 508 370 561 παρὰ
408 509 637 565 Μενάνδρῳ
674 510 789 548 ταυτί
821 513 898 548 κτλ.
975 524 1010 549 v.
1043 511 1068 548 4
1107 510 1276 549 Photius
1309 512 1412 558 543,
1448 512 1499 548 22
1547 509 1766 564 στρόβιλος·
1807 506 1835 560 ἡ

264 568 478 621 συστροφή.
528 567 594 607 καὶ
614 567 633 608 ὅ
653 572 812 619 λαῖλαψ.
863 568 1111 622 στρόβιλος
1142 568 1190 608 ἐν
1215 561 1246 624 ᾧ
1266 564 1362 623 (ἐνῶ
1382 566 1486 623 cod.)
1507 567 1836 621 συστρέφεται.

267 631 303 667 1.
335 625 455 668 εἰκόν’
492 624 663 682 (εἰκόνα)
696 629 741 668 L.
774 627 1033 679 Norrmann.]
1066 628 1225 676 εἰκόνες.
1307 632 1344 669 2.
1383 628 1511 683 εὑρεῖν
1551 629 1638 668 add.
1670 629 1834 668 Porson.

263 688 367 728 Adv.
401 690 497 728 294.
561 690 599 727 3.
632 688 729 739 ζητῶ
761 689 918 738 plenius
950 692 1042 739 post
1072 688 1268 742 πράγματι
1298 689 1586 740 interpungens
1618 688 1754 728 Cobet.
1785 688 1836 728 N.

265 748 422 806 1.621.
472 746 660 787 ἀπολλύει
690 746 867 798 Νο11111.]
902 746 1104 788 ἀπολαύει.
1173 750 1210 786 4.
1244 746 1287 786 ἐν
1319 747 1396 804 ὅσῳ
1429 746 1610 798 Porson]
1644 746 1686 787 ἐν
1719 739 1761 804 ᾧ.
1793 744 1838 795 ὃς

268 805 311 846 ἐν
344 799 374 862 ᾡ
408 807 591 858 Spengel.
622 807 664 845 in
695 808 819 858 praef.
883 809 919 847 5.
951 805 1192 860 προσέβαλεν
1224 806 1353 858 Pors.]
1393 806 1625 860 προέλαβεν,
1655 821 1727 858 pro
1760 820 1838 858 quo
1880 814 1894 818 “

264 864 491 918 προύλαβεν
523 867 734 905 dicendum
766 867 890 906 fuisse
922 870 1058 907 monet
1078 867 1214 907 Cobet.
1266 868 1325 907 cf.
1347 881 1447 918 quae
1475 867 1754 906 adnotavimus
1787 866 1838 906 ad

266 926 453 976 Stephan.
487 939 585 965 com.
615 930 650 965 1.
685 927 790 965 idem
821 924 1019 979 ὑπέλαβεν
1051 928 1151 967 conl.
1183 927 1373 966 Herodot.
1403 930 1439 978 7,
1469 929 1554 966 170
1584 924 1838 978 ὑπολαβόντα

265 983 387 1036 σφέας
424 991 595 1037 χειμῶνα
632 983 755 1038 μέγαν
796 984 994 1038 ἐκβαλέειν
1031 985 1070 1034 ἐς
1106 985 1179 1037 τὴν
1216 991 1303 1039 γῆν.
1367 984 1587 1039 ἐξέρριψεν]
1632 980 1838 1038 ἐξήρειψεν

264 1046 329 1085 vel
360 1043 559 1096 ἐξέτριψεν
592 1046 796 1085 Η61Ὰννο1ᾱ
827 1046 929 1087 Nov.
962 1047 1052 1086 add.
1084 1047 1171 1086 crit.
1204 1047 1272 1084 41.
1321 1044 1525 1098 ἐξέρρηξεν
1564 1046 1666 1084 Ellis
1697 1045 1839 1085 Journ.

264 1105 403 1155 philol.
435 1105 472 1143 X
506 1107 558 1144 19
593 1106 694 1144 conl.
727 1106 894 1146 Aristot.
927 1107 1091 1146 Meteor.
1125 1108 1164 1155 2,
1197 1107 1222 1144 8
1256 1100 1374 1160 (366,
1408 1101 1497 1158 31).
1536 1105 1604 1144 sed
1635 1102 1838 1157 ἐξέρριψεν

264 1159 468 1218 (εο11.τῆς
498 1163 597 1212 νεώς
629 1166 692 1204 vel
723 1163 795 1216 τὴν
826 1180 930 1204 ναυν
961 1165 1016 1213 εἰς
1045 1163 1118 1216 τὴν
1148 1160 1245 1219 γῆν)
1278 1178 1419 1205 sanum
1451 1165 1621 1205 videtur.
1694 1167 1733 1205 6.
1764 1163 1840 1216 ἔχει

265 1222 436 1274 Pors.]'
421 1222 535 1275 ε’.χειν
597 1226 636 1263 8.
669 1223 736 1263 καὶ
760 1222 893 1278 ἑτέραν
916 1219 1096 1275 ΝΟΜ-111]
1123 1223 1268 1277 ετέραν.
1331 1227 1370 1265 9.
1399 1220 1434 1264 τ’
1461 1224 1509 1264 Κ.
1535 1226 1694 1264 mutata
1719 1224 1840 1263 simul

263 1282 601 1334 interpunctione]
635 1280 687 1324 δ’.
737 1281 930 1337 ἐπιλάβοι’
971 1283 1154 1334 Porson.]
1193 1283 1385 1337 ἐπιλάβοι.
1466 1287 1534 1324 10.
1564 1282 1632 1323 καὶ
1669 1282 1840 1335 φιλήσας

262 1342 440 1393 Norrm.]
475 1341 676 1394 ἐφίλησας.

384 1398 523 1442 ‘verba
554 1406 646 1442 sunt
678 1405 772 1443 novi
803 1405 1007 1455 amatoris,
1041 1405 1111 1455 qui
1142 1408 1185 1443 ut
1209 1405 1316 1448 vidit,
1347 1407 1391 1442 ut
1412 1405 1533 1452 periit
1563 1405 1605 1441 et
1628 1402 1839 1453 repentino

264 1463 411 1502 amoris
452 1462 538 1501 ictu
575 1475 789 1513 percussus
829 1464 969 1503 didicit
1006 1462 1064 1502 ὅτι
1095 1462 1314 1514 φιλήματος
1349 1460 1470 1502 οὐδέν
1508 1460 1587 1501 ἐστι
1618 1461 1839 1514 δεινότερον
1858 1490 1866 1499 .

264 1520 406 1573 ἔρωτος
436 1518 698 1573 ὑπέκκαυμα’.
731 1522 868 1563 Cobet.
929 1525 968 1562 4.
1000 1523 1215 1574 Phrynich.
1248 1523 1353 1574 Epit.
1387 1524 1472 1562 396
1512 1521 1554 1561 οἱ
1580 1519 1736 1574 ἀρχαῖοι
1765 1519 1839 1572 τὴν

265 1581 398 1633 βίαιον
436 1586 506 1620 τοῦ
543 1580 692 1633 ἀνέμου
726 1582 875 1634 εἴλησιν
910 1581 979 1622 καὶ
1004 1580 1233 1634 συστροφὴν
1271 1581 1476 1634 στρόβιλον
1511 1583 1690 1621 καλοῦσι.
1772 1582 1838 1620 10.

265 1638 485 1692 ἁψάμενος,
516 1647 584 1692 τῆς
615 1640 824 1693 ἐρωμένης.
880 1641 1049 1694 φιλήσας
1077 1643 1328 1682 exosculatus.
1380 1642 1504 1682 verba
1529 1639 1571 1680 ἐν
1597 1641 1717 1697 βυθῷ
1739 1640 1838 1680 ima-

263 1700 398 1751 ginem
430 1703 619 1750 repetunt
649 1703 864 1754 naufragii.

1005 1807 1089 1849 537

481 1888 504 1930 ὁ
540 1886 622 1943 μὲν
651 1886 914 1945 Ἐπίχαρμος
944 1891 1048 1940 τοὺς
1078 1891 1216 1940 θεοὺς
1246 1888 1357 1932 εἶναι
1389 1888 1505 1943 λέγει

481 1958 686 2015 ἀνέμους,
718 1960 855 2017 ὕδωρ,
888 1966 987 2015 γῆν,
1019 1961 1162 2015 ἥλιον,
1193 1966 1298 2017 πῦρ,
1330 1959 1525 2016 ἀστέρας.

478 2029 563 2084 ἐγὼ
598 2028 642 2072 δ’
679 2031 904 2086 ὑπέλαβον
935 2034 1180 2088 χρησίμους
1211 2027 1325 2074 εἶναι
1355 2033 1492 2081 θεοὺς

479 2101 722 2157 τάργύριον
753 2102 860 2158 ἡμῖν
891 2101 963 2145 καὶ
995 2104 1044 2146 τὸ
1075 2105 1272 2159 χρυσίον.

438 2183 457 2212 5
482 2172 778 2227 ἱδρυσάμενος
808 2174 993 2224 τούτους
1024 2174 1108 2230 γὰρ
1141 2175 1203 2224 εἰς
1233 2173 1315 2228 τὴν
1347 2174 1492 2215 οἰκίαν

480 2239 619 2293 εὖξαι·
657 2246 704 2286 τί
730 2245 901 2299 βούλει;
935 2245 1076 2287 πάντα
1109 2256 1179 2287 σοι
1211 2246 1456 2299 γενήσεται,

481 2313 627 2369 ἀγρός,
661 2316 810 2368 οἰκίαι,
842 2316 1127 2371 θεράποντες,
1160 2315 1468 2371 ἀργυρώματα,

479 2388 617 2441 φίλοι,
652 2386 867 2439 δικασταί,
899 2387 1129 2442 μάρτυρες.
1191 2388 1330 2441 μόνον
1362 2387 1509 2428 δίδου·

480 2457 643 2506 αὐτοὺς
675 2457 759 2512 γὰρ
791 2456 900 2508 ἕξεις
930 2459 1034 2507 τοὺς
1064 2459 1201 2507 θεοὺς
1230 2456 1461 2512 ὑπηρέτας.
1480 2496 1495 2500 ,,

387 2544 584 2583 Stobaeus
617 2544 755 2583 Floril.
782 2546 849 2593 91,
884 2545 936 2583 29
971 2543 1218 2594 Μενάνδρου
1244 2543 1294 2582 Α.
1337 2543 1519 2593 Compar.
1552 2544 1654 2583 Men.
1675 2547 1716 2582 et
1735 2543 1835 2582 Phil.

268 2607 350 2644 359
391 2602 672 2652 (Studemund.
712 2603 815 2642 Men.
857 2606 897 2642 et
937 2603 1039 2642 Phil.
1079 2615 1204 2653 comp.
1239 2604 1293 2642 68
1317 2616 1373 2653 sq.
1406 2617 1443 2653 p.
1477 2605 1545 2642 23.
1578 2597 1635 2656 4).
1734 2616 1770 2642 v.
1810 2604 1834 2642 6

267 2664 506 2702 Plutarchus
528 2663 626 2701 Mor.
649 2665 760 2702 1058
777 2675 797 2701 c
842 2661 884 2701 ἐκ
914 2668 982 2714 τῆς
1016 2668 1129 2709 στοᾶς
1159 2660 1233 2715 γὰρ
1259 2661 1430 2714 λαβόντα
1461 2660 1533 2712 τὴν
1558 2660 1701 2714 ἀρετὴν
1732 2660 1835 2700 ἔστιν

266 2723 388 2762 εἰπεῖν
434 2717 564 2769 (εὖξαι
608 2722 676 2761 εἴτι
720 2721 873 2773 βούλει,
916 2721 1045 2760 πάντα
1089 2733 1151 2761 σοι
1193 2718 1427 2774 γενήσεταιῖ
1502 2721 1703 2773 βασιλείαν
1746 2719 1835 2772 ἔχει,

266 2782 387 2833 τύχην
426 2781 599 2820 δίδωσιν.
682 2785 717 2820 1.
757 2779 777 2820 ὅ
816 2779 887 2832 μὲν
926 2780 1000 2834 γὰρ
1034 2778 1119 2820 Ἐπ.
1151 2780 1274 2828 θεοὺς
1311 2782 1431 2820 Dobr.
1465 2781 1631 2821 Advers.
1663 2781 1705 2820 II
1737 2782 1834 2819 283.

268 2845 305 2881 2.
337 2841 447 2889 ’ὕδωρ
485 2846 561 2893 γῆν
592 2840 706 2892 ἥλιον
739 2840 868 2891 Grou]
910 2840 1024 2892 ἥλιον
1059 2846 1136 2894 γῆν
1166 2839 1288 2892 ὕδωρ.
1350 2842 1388 2879 4.
1419 2837 1517 2892 ἡμῖν
1549 2838 1677 2890 Grot.]
1709 2836 1835 2891 ἡμῶν.

266 2902 308 2940 111
340 2901 447 2939 exitu
486 2899 635 2951 μόνους
672 2901 762 2940 add.
793 2901 840 2940 B.
872 2902 921 2940 cf.
954 2900 1089 2940 Cobet.
1120 2900 1169 2940 N.
1200 2901 1226 2939 1.
1259 2902 1327 2939 82.
1377 2899 1503 2951 μόνον
1532 2899 1735 2939 Heinsius.
1797 2901 1834 2938 6.
