2014 3334
285 257 371 299 666
622 231 625 236 ’
959 255 1219 289 ΑΔΕΣΠΟΤΑ

285 364 375 423 τὴν)
420 365 727 421 παρασκευὴν
771 366 893 418 βίος;
922 364 1104 414 Ιεύθὺς
1141 364 1219 404 ἀπὸ
1259 370 1339 416 τῆς
1371 365 1524 414 οἰκίας
1556 366 1716 415 ἔξοδοι
1748 363 1848 421 (for-

285 432 391 467 tasse
423 425 551 466 ἓωθεν
583 425 708 473 εὐθὺς
739 421 905 473 ἐ’ξοδοι’
910 440 934 464 κ
965 430 1033 477 τῆς
1064 420 1156 478 οἰκ.)
1187 424 1192 474 Ι
1220 423 1297 463 καὶ
1330 431 1419 473 πᾶς
1449 425 1562 474 θεὸς
1580 426 1848 479 -ἐπιτρίβων

284 502 393 534 τους
435 485 761 539 γεγαμηκότας
801 481 878 536 (ἐπ.
911 500 940 524 τ.
971 500 1004 537 γ.
1037 478 1115 537 θ),
1143 484 1148 532 Ι
1177 484 1240 523 ὡν
1271 482 1388 524 ἐνίων
1419 485 1467 524 οἱ
1499 486 1850 537 κακοδαίμονες

285 545 455 598 ἄνδρες
499 542 610 585 οὐδὲ
654 543 752 583 αὐτὰ
797 544 924 583 ἴσασι
967 543 1020 583 τὰ
1065 541 1273 616 ὀνόματα
1322 540 1516 597 (fortasse
1564 546 1620 584 ὡν
1664 542 1751 585 οὐδ’
1799 545 1848 586 ἴσ.

287 601 486 656 τώνόμαθ’
517 604 558 644 οἵ
578 619 612 643 κ.
642 603 647 653 Ι
675 599 849 657 ἄνδρες),
881 603 1104 654 Κωλιάδας,
1130 603 1165 642 εἰ
1187 602 1309 655 τύχοι,
1335 602 1400 643 καὶ
1425 602 1748 653 Γενετυλλίδας“
1727 621 1752 677 η
1778 603 1849 656 τὴν

289 665 467 717 Φρυγίαν
500 664 670 737 δμίμονα
697 664 702 712 Ι
730 662 807 702 καὶ
838 662 917 702 τὸν
950 660 1190 715 δυσέρωτα
1223 669 1382 735 κῶμον
1413 662 1489 703 ἐπὶ
1519 667 1577 720 τῷ
1607 663 1812 716 ποιμένι.
1841 660 1845 719 Ι

283 722 464 764 τελεταὶ
495 720 531 762 δ’
568 721 830 775 ἀπόρρητοι
862 719 971 776 (add.
1002 717 1059 776 τε)
1100 720 1177 761 καὶ
1208 720 1324 775 χωρὶς
1355 721 1514 775 ἀνδρῶν
1544 723 1732 764 ’ὕποπτα
1763 740 1845 776 μυ-

285 783 449 835 στήρια
492 779 548 836 (μ.
576 779 751 833 Ιῧποπτ’
787 777 985 836 ἄνανδρα)
1010 813 1019 821 .
1053 813 1060 821 .
1094 813 1102 821 .
1128 782 1230 822 οἴκοι
1273 781 1398 829 εὐθὺς
1443 778 1631 837 (fortasse
1675 783 1775 824 οἴκοι
1808 780 1845 823 δ’

284 837 441 897 αὐτίκα)
470 843 475 886 Ι
503 841 555 881 τὰ
586 841 739 894 μακρὰ
770 840 945 895 λουτρὰ
983 837 1047 895 (τὰ
1071 844 1103 881 λ.
1129 841 1174 881 τὰ
1200 837 1258 896 μ.)
1288 840 1367 881 καὶ
1397 841 1658 894 πολυτελὴς
1684 841 1760 912 μὲν
1790 842 1848 894 νὴ

284 903 373 941 Δία
400 902 406 950 Ι
434 901 654 953 τράπεζα,
691 901 840 949 πολὺς
873 899 914 941 δὲ
946 899 966 941 ὁ
997 900 1110 953 μετὰ
1147 907 1236 941 τῶν
1270 899 1461 955 ἀνδρῶν
1491 901 1722 954 ἀκκισμός
1753 900 1848 957 (for-

284 965 390 1001 tasse
425 959 638 1013 κάκκισμὸς
669 977 706 1013 μ.
733 976 763 1001 τ.
790 959 900 1014 ἀνδρ.
932 955 1005 1015 π..)

917 1077 1027 1120 1501
1036 1099 1085 1106 -—
1097 1077 1210 1120 1506

401 1154 623 1192 Numenius
661 1153 804 1192 Euseb.
843 1153 984 1203 Praep.
1016 1165 1156 1204 evang.
1184 1154 1258 1203 14,
1285 1153 1322 1202 5,
1352 1153 1407 1191 14
1443 1148 1734 1207 (Ἀρκεσίλαος)
1767 1157 1850 1202 ταῖς

283 1212 515 1265 Διοδώρου.
537 1212 821 1266 ,λεπτολογίαις
851 1211 943 1259 τοὺς
974 1210 1184 1265 λογισμοὺς
1215 1210 1307 1259 τοὺς
1338 1211 1560 1264 Πύρρωνος
1590 1211 1656 1252 καὶ
1686 1212 1728 1253 τὸ
1763 1224 1849 1253 σκε-

283 1271 421 1311 πτικὸν
458 1271 698 1320 καταπλέξας
737 1271 1016 1324 διεκόσμησεν.
1043 1303 1052 1311 .
1079 1270 1363 1323 ,φληναφόν
1402 1287 1489 1311 τινα
1526 1277 1850 1325 κατεστωμυλ-

283 1330 448 1382 μένον,
473 1330 539 1371 καὶ
564 1331 667 1385 ἔλεγε
692 1330 758 1371 καὶ
783 1329 958 1385 ἀντέλεγε
983 1330 1049 1370 καὶ
1074 1331 1380 1382 μετεκυλινδεῐτο
1406 1329 1593 1371 κάκεῖθεν
1618 1331 1850 1385 κάντεῦθεν,

282 1389 524 1443 ἑκατέρωθεν
568 1389 749 1431 ὁπόθεν
793 1391 925 1443 τύχοι
969 1391 1315 1444 παλινάγρετος
1358 1386 1594 1446 (παλιναίρ.)
1628 1391 1704 1431 καὶ
1737 1392 1850 1432 δύσ-

281 1466 439 1502 κριτος
466 1451 471 1501 Ι
499 1449 565 1490 καὶ
596 1451 890 1503 παλίμβολός
919 1465 958 1490 τε
993 1450 1074 1501 ἅμα
1111 1446 1188 1490 καὶ
1224 1450 1808 1503 παρακεκινδυνευμένος,
1843 1447 1846 1507 Ι

283 1508 425 1550 οὐδέν
456 1525 495 1550 τε
527 1506 666 1565 (σάφ’)
694 1510 851 1562 εἰδώς,
886 1509 945 1558 ὡς
976 1509 1094 1558 αὐτὸς
1125 1509 1234 1562 ἔφη,
1265 1513 1488 1563 γενναῖος
1519 1509 1598 1550 ὤν·
1627 1509 1633 1563 Ι
1661 1507 1741 1551 εἶτά
1765 1525 1850 1560 πως

283 1567 529 1622 ἐξέβαινεν
561 1570 726 1622 ὅμοιος
758 1566 839 1624 (ὅμ.
871 1565 1064 1624 ἐξέβαινε)
1096 1573 1194 1617 τοῖς
1225 1565 1387 1623 (τοῖσιν)
1421 1569 1614 1609 εἰδόσιν.

403 1632 475 1680 14,
509 1632 552 1681 6,
588 1633 608 1669 1
645 1629 802 1678 δεινὸς
839 1629 1089 1681 σοφιστής,
1132 1635 1222 1669 τῶν
1265 1628 1580 1682 ἀγυμνάστων
1625 1629 1847 1683 σφαγεύς.

403 1693 426 1728 2
455 1687 575 1729 οὐδὲν
612 1685 736 1741 εἶχεν
774 1688 954 1729 εἰδέναι
980 1685 987 1741 Ι
1015 1686 1109 1729 οὔτ’
1152 1687 1291 1736 αὐτὸς
1333 1684 1417 1743 (hie
1450 1689 1537 1729 add.
1570 1685 1709 1742 οὐδὲν)
1742 1687 1848 1730 οὔτε

281 1748 391 1796 τοὺς
427 1747 600 1796 ἄλλους
637 1748 739 1801 ἐᾶν,
767 1745 773 1802 Ι
803 1748 1054 1800 ἐδειμάτου
1095 1746 1142 1788 δὲ
1179 1747 1245 1788 καὶ
1282 1748 1587 1802 κατεθορύβει
1619 1744 1753 1803 (κάθ.)
1784 1748 1850 1788 καὶ

282 1808 590 1860 σοφισμάτων
619 1806 624 1861 Ι
651 1807 730 1848 καὶ
761 1808 911 1862 λόγων
942 1812 1121 1860 κλοπῆς
1153 1807 1417 1860 φερόμενος
1450 1805 1524 1861 (κλ.
1554 1824 1596 1859 φ.
1622 1806 1689 1848 καὶ
1712 1804 1765 1863 λ.)
1797 1808 1849 1848 τὰ

280 1874 432 1920 πρῶτα
475 1865 583 1921 (add.
628 1866 707 1922 ἀεὶ)
747 1868 752 1917 Ι
791 1866 990 1920 κατέχαιρε
1033 1870 1092 1924 τῷ
1129 1865 1308 1908 ὀνείδει
1350 1866 1429 1907 καὶ
1459 1864 1693 1920 ἡβρύνετο
1725 1872 1849 1908 θαυ-

268 1934 465 1982 μαστῶς
503 1924 593 1982 (καὶ
625 1930 677 1984 τῷ
707 1925 743 1981 γ’
779 1926 836 1968 όν.
875 1928 1111 1979 θαυμασίως
1147 1922 1264 1982 ἡβρ.)
1298 1922 1303 1981 Ι
1338 1927 1396 1967 ότι
1432 1927 1525 1979 μήτε
1563 1927 1600 1967 τί
1631 1927 1792 1981 αἰσχρὸν
1822 1943 1848 1980 η

283 1987 419 2038 καλόν,
450 1987 544 2039 μήτε
576 1986 734 2040 ἀγαθὸν
767 1987 861 2040 μήτε
892 2003 943 2027 αυ
975 1986 1098 2027 κακόν
1130 1986 1207 2027 ἐστι
1237 1987 1276 2026 τί
1302 1984 1402 2043 ῄδει.

402 2049 426 2087 3
459 2062 511 2099 ην
544 2041 617 2087 οὗν
650 2046 801 2101 Ιὕδραν
829 2050 835 2096 Ι
862 2045 1044 2098 τέμνων
1081 2045 1251 2086 ἑαυτὸν
1287 2045 1354 2086 καὶ
1389 2046 1678 2098 τεμνόμενος
1710 2042 1759 2101 (τ.
1792 2043 1848 2099 τε)

281 2103 353 2158 υφ’
389 2105 552 2158 ἑαυτοῦ,
584 2105 827 2159 ἀμφότερα
858 2105 1037 2158 ἀλλήλων
1071 2106 1333 2159 δυσκρίτως
1365 2101 1520 2161 (δυσκρ.
1551 2103 1556 2160 Ι
1585 2102 1717 2161 ἀμφ..)

403 2169 426 2206 6
455 2163 669 2221 (ἔφασκον)
707 2165 829 2206 αὐτὸν
864 2163 1265 2219 ἐξευλαβηθέντα,
1304 2165 1370 2205 ι’να
1406 2164 1465 2217 μὴ
1497 2166 1745 2219 πράγματα
1776 2165 1849 2222 ἔχῃ

282 2221 472 2279 (fmtasse
510 2225 807 2278 ἐξευλαβηθείς,
846 2226 940 2266 ὥστε
973 2225 1026 2277 μὴ
1055 2222 1152 2278 ’χειν
1181 2221 1265 2280 πρ.)
1294 2220 1300 2280 Ι
1328 2223 1452 2299 μηδὲν
1478 2223 1549 2277 μὲν
1581 2225 1708 2279 δόγμα
1738 2224 1849 2266 ὑπει-

280 2289 370 2325 πεῖν
395 2287 657 2337 φαινόμενον,
683 2285 835 2339 ὥσπερ
863 2284 905 2325 δὲ
929 2284 977 2325 τὸ
998 2284 1142 2337 μέλαν
1160 2290 1241 2337 τῆς
1261 2285 1432 2336 σηπίας
1453 2281 1684 2337 (fortasse‘
1661 2301 1685 2337 η
1707 2280 1848 2340 σηπία)

279 2344 553 2398 προβαλέσθαι
585 2341 890 2400 (προύβάλλετο)
919 2343 926 2398 Ι
953 2344 1028 2398 πρὸ
1061 2343 1204 2384 ἑαυτοῦ
1235 2343 1307 2395 τὴν
1339 2343 1527 2396 ἐποχήν.

402 2407 457 2445 14
483 2402 508 2456 ἡ
536 2407 713 2444 Μοῦσα
743 2404 829 2458 γὰρ
862 2404 995 2452 αὐτοῖς
1028 2400 1125 2458 (τοῖς
1148 2399 1360 2458 Στωικοῖς)
1391 2401 1502 2444 οὐδὲ
1527 2402 1609 2443 τότε
1635 2419 1686 2456 ην
1712 2403 1848 2455 φιλό-

281 2467 419 2518 λογος
451 2460 690 2519 (fortasse‘
667 2480 692 2516 η
719 2467 780 2504 Μ
805 2481 839 2517 γ.
865 2468 946 2512 τοῖς
969 2467 1205 2504 Στωικοῖσιν
1233 2461 1327 2504 οὐδὲ
1351 2468 1428 2503 νῦν
1456 2463 1462 2512 Ι
1489 2466 1570 2515 φιλ.
1596 2459 1718 2518 ἐστιν)
1745 2461 1843 2504 οὐδ’

282 2523 469 2577 ἐργάτις
511 2524 714 2577 χαρίτων
759 2521 871 2576 (οὐδὲ
907 2540 939 2576 χ.
972 2519 1090 2579 ἐργ.),
1133 2520 1205 2574 ’ὑφ’
1248 2518 1304 2562 ὧν
1335 2520 1356 2562 ὅ
1383 2519 1629 2577 Ἀρκεσίλαος
1670 2522 1723 2562 τὰ
1765 2521 1848 2574 μὲν

282 2583 602 2636 περικρούων,
634 2582 685 2622 τὰ
718 2580 754 2623 δ’
789 2582 1090 2634 ὑποτέμνων,
1128 2581 1244 2622 άλλα
1275 2580 1323 2622 δὲ
1351 2582 1356 2630 Ι
1384 2581 1707 2630 ὑποσκελίζων
1740 2580 1847 2636 (add

282 2639 396 2717 τάχα)
428 2643 816 2696 κατεγλωττίζετο
845 2639 850 2696 Ι
879 2642 1025 2690 αὐτοὺς
1061 2641 1126 2682 καὶ
1162 2641 1338 2689 πιθανὸς
1371 2643 1432 2693 ἠν.
1465 2647 1675 2695 τοιγαροῦν
1702 2642 1708 2691 Ι
1735 2641 1849 2694 πρὸς

283 2701 365 2750 οὓς
403 2701 488 2754 μὲν
527 2699 636 2755 (add.
669 2698 805 2757 αὐτὸς)
844 2701 1092 2755 ἀντέλεγεν
1128 2699 1426 2753 ἡττωμένων,
1454 2701 1460 2750 Ι
1487 2700 1531 2741 ἐν
1562 2697 1622 2748 οἷς
1652 2699 1694 2741 δὲ
1725 2699 1848 2754 λέγων

282 2777 334 2812 ην
364 2760 850 2815 καταπεπληγμένων,
890 2762 896 2812 Ι
937 2759 1244 2815 δεδειγμένον
1287 2775 1383 2808 πως
1422 2763 1521 2808 τοῖς
1563 2759 1646 2800 τότε
1684 2756 1846 2814 (τοῖσιν)

284 2820 565 2873 ἀνθρώποις
608 2820 758 2875 ὑπῆρχε
801 2819 925 2873 μηδὲν
953 2820 959 2872 Ι
988 2817 1114 2861 εἶναι
1142 2817 1249 2894 μητ’
1291 2835 1365 2891 ουν
1403 2819 1512 2868 ἔπος
1550 2819 1661 2871 μήτε
1691 2819 1847 2866 πάθος

282 2895 393 2931 μητε
432 2880 570 2933 ἔργον
608 2875 715 2935 (μήτ’
757 2879 833 2934 ἕργ.
872 2883 974 2920 εἰναι
1010 2877 1097 2932 μήτ’
1139 2879 1197 2919 ἕπ.
1230 2876 1312 2931 μήτ’
1354 2874 1404 2918 αὖ
1443 2874 1596 2933 πάθος)
1625 2879 1630 2929 Ι
1659 2878 1700 2918 εἴ
1722 2894 1756 2918 τι
1787 2877 1845 2930 μὴ

278 2936 559 2996 Ἀρκεσιλάω
592 2940 719 2980 δοκεῖ
743 2943 802 2996 τῷ
833 2940 1080 2997 Πιταναίῳ
1111 2935 1180 2994 (αν
1207 2935 1310 2993 Ἀρκ.
1341 2941 1394 2995 τῷ
1425 2941 1478 2978 Π.
1509 2953 1563 2991 μη
1597 2933 1727 2994 δοκῇ).
1755 2934 1761 2991 Ι
1788 2952 1847 2977 τω
