2014 3334
273 235 357 277 154
627 283 631 287 Ι
914 237 1211 271 MENANAPOT

269 347 334 387 καὶ
366 346 460 387 αὐτὸ
492 347 540 386 τὸ
572 349 844 399 βαλανεῖον.
905 346 1194 399 ὑπνωὸέστεροι
1224 346 1296 400 μὲν
1326 349 1368 388 οἱ
1394 348 1632 400 λουσάμενοι
1661 349 1839 402 γίνονται

269 407 423 454 πάντες.
455 408 554 446 VIII
582 410 663 447 131
699 406 745 446 τὰ
775 413 853 446 τῶν
884 407 1060 458 ποτίμων
1090 406 1157 447 καὶ
1186 412 1348 461 θερμῶν
1380 407 1538 447 ὑδάτων
1568 407 1743 461 λουτρὰ
1771 408 1839 449 καὶ

269 466 404 506 οἴνου
430 466 571 506 πόσιν
589 466 705 506 ὕδατι
723 467 883 519 μετρίως
902 465 1118 519 κραθέντος
1136 466 1291 507 ὕπνον
1317 466 1607 520 ἐργαζόμενα
1634 460 1838 524 (ὁρῶμεν).

269 529 307 566 3.
339 532 484 566 κοπιᾶν
524 524 570 565 τὰ
602 525 736 578 σκέλη,
774 529 820 565 ut
852 527 1006 566 Alexid.
1042 529 1137 574 147,
1171 528 1209 566 3.
1288 529 1327 566 4.
1360 530 1543 578 μαλακῶς
1580 526 1749 578 ε’λούσω,
1791 531 1838 568 ut

267 588 449 636 μαλακῶς
481 584 626 633 ἐσθίεις
646 587 842 636 Theophr.
865 586 981 625 Char.
1003 588 1026 625 2
1049 580 1237 640 (Cobet.)
1302 589 1338 625 6.
1369 585 1411 626 τὸ
1443 585 1578 639 πέρας,
1609 591 1657 626 ut
1682 588 1837 627 Alexid.

270 647 366 695 261,
403 647 467 685 13.
529 646 716 697 Apollod.
749 659 845 685 com.
882 648 947 696 13,
983 647 1047 685 13
1110 646 1265 698 Euang.
1299 649 1336 685 9.
1398 645 1522 685 κακὸν
1564 645 1661 698 ἔχεις
1705 645 1838 698 οὐδέν,

268 706 316 744 cf.
336 706 555 755 Antiphan.
579 708 674 755 177,
696 708 734 745 3.
766 705 1042 755 Alexid.146,
1070 708 1131 745 10.
1155 708 1205 744 11
1230 701 1418 759 (Cobet..)
1482 709 1519 745 9.
1550 706 1670 745 Marc.
1691 709 1838 746 Anton.

269 767 308 816 5,
344 767 395 803 12
428 764 569 816 προιθι
600 780 674 804 ουν
705 763 771 804 καὶ
802 764 938 816 ἐρώτα,
976 764 1012 803 εἰ
1041 763 1220 838 τιμητέον
1250 763 1317 803 καὶ
1347 763 1482 818 ἀγαθὰ
1513 763 1762 838 ὑποληπτέον
1791 765 1839 805 τὰ

267 829 447 875 τοιαῦτα,
485 825 541 863 ὡν
562 823 953 899 προεπινοηθέντων
991 824 1142 871 οἰκείως
1179 839 1230 863 αν
1261 822 1484 876 έπιφέροιτο
1521 823 1563 864 τὸ
1600 823 1668 864 τὸν
1704 839 1838 876 κεκτη-

268 882 389 935 μένον
421 882 520 923 αὐτὰ
551 882 629 923 ὑπὸ
662 890 730 936 της
762 883 948 935 εὐπορίας
980 882 1055 923 οὐκ
1085 882 1186 935 ἔχειν
1219 882 1310 922 ὅποι
1341 882 1444 939 χέση.
1494 885 1542 923 cf.
1573 885 1704 935 adesp.
1739 886 1837 925 491.

268 944 411 993 Eupol.
444 945 541 983 224.
607 940 808 995 [Diogen]
842 943 970 994 Epist.
1003 945 1056 982 38
1091 948 1188 982 extr.
1244 942 1335 982 ὅποι
1374 943 1562 994 πτύσαιμι
1601 943 1723 983 τόπον
1764 942 1839 984 οὐκ

268 998 387 1054 εἶχον,
419 1005 460 1041 et
490 1004 626 1053 paullo
660 1006 752 1041 ante
785 1000 837 1050 ὡς
870 1000 972 1054 μηδὲ
1004 1002 1095 1041 ὅποι
1125 1002 1253 1057 πτύσῃ
1288 1017 1345 1049 τις
1375 1002 1497 1042 τόπον
1529 998 1642 1042 εἶναι.
1697 1004 1837 1053 Eurip.

269 1063 385 1101 Herc.
410 1063 486 1101 fur.
518 1064 627 1101 1245
660 1060 765 1115 γέμω
796 1067 930 1101 κακῶν
962 1061 1027 1113 δή,
1058 1059 1210 1101 κούκέτ’
1245 1059 1333 1101 ἔσθ’
1369 1061 1470 1102 ὅπου
1502 1066 1599 1117 τεθῇ
1632 1061 1702 1116 (al.
1734 1061 1838 1113 ὅποι,

268 1119 378 1174 ὅπη).
462 1125 525 1161 11.
558 1121 757 1161 ἱκνεῖσθαι
794 1135 885 1160 cum
916 1125 1077 1172 praeter
1109 1122 1323 1160 formulam
1360 1119 1413 1173 μὴ
1447 1121 1570 1174 ὥρασι
1601 1117 1764 1176 ἴκοι(τ)ο
1795 1123 1836 1161 in

268 1184 450 1221 irimctris
481 1182 722 1220 comicorum
752 1182 937 1233 ignotum
968 1183 1032 1231 sit,
1065 1182 1235 1220 fortasse
1262 1182 1513 1220 scribendum
1545 1185 1605 1221 est
1635 1179 1836 1234 γένοιτο.

269 1244 337 1280 21.
375 1241 532 1280 Procul.
570 1241 673 1280 Plat.
706 1241 854 1292 Cratyl.
887 1255 925 1291 p.
961 1243 1042 1280 106
1094 1239 1136 1279 οἷ
1174 1239 1332 1291 μάντεις
1364 1239 1429 1279 διὰ
1459 1246 1538 1279 τῶν
1579 1240 1837 1294 περιρράν-

268 1311 386 1339 σεων
418 1299 483 1339 καὶ
514 1299 874 1354 περιθειώσεων
913 1298 1061 1353 ἁγνοὺς
1092 1298 1258 1347 ἑαυτοὺς
1287 1298 1354 1339 καὶ
1390 1299 1482 1347 τοὺς
1514 1299 1706 1347 συνόντας
1736 1299 1836 1340 ἀπο-

267 1363 455 1399 τελοῦσιν.
516 1361 760 1399 Bachmann.
792 1360 939 1399 Anecd.
966 1360 985 1398 I
1016 1362 1112 1410 339,
1147 1361 1169 1397 2
1203 1359 1519 1412 περικαθαίρων·
1552 1358 1739 1399 ἀναλύων
1770 1358 1838 1399 τὸν

267 1417 649 1471 πεφαρμακευμένον
680 1417 706 1471 ἢ
738 1418 805 1458 τὸν
836 1417 1155 1472 γεγοητευμένον.

388 1479 643 1530 conloquitur
679 1479 761 1519 sive
800 1480 1054 1530 paedagogus
1093 1480 1175 1518 sive
1214 1478 1347 1518 senior
1382 1479 1534 1518 amicus
1574 1492 1664 1518 cum
1701 1479 1836 1518 adule-

268 1540 448 1578 scentulo
467 1541 632 1589 propter
651 1539 852 1578 infelicem
878 1551 1054 1577 amorem
1086 1538 1226 1588 opinor
1257 1541 1298 1577 et
1322 1536 1546 1590 ἀγρυπνίαν
1577 1539 1685 1578 vitae
1716 1539 1835 1578 satie-

267 1601 350 1637 tate
382 1601 511 1648 capto.

387 1671 476 1697 cum
509 1657 642 1708 adesp.
678 1660 759 1698 114
802 1658 1062 1697 coniunxerat
1093 1657 1267 1696 Oobetus
1312 1658 1352 1696 et
1381 1657 1625 1696 Meinekium
1664 1659 1837 1709 secutus,

268 1718 332 1756 cui
365 1718 493 1757 altera
523 1719 684 1756 tantum
720 1718 936 1769 fragmenti
966 1729 1059 1767 pars
1090 1719 1187 1756 nota
1217 1719 1322 1768 erat,
1361 1717 1412 1755 ad
1443 1716 1727 1767 Δεισιὸαίμονα
1756 1718 1838 1755 ret-

267 1778 436 1816 tulerat:
481 1790 580 1828 quae
625 1777 757 1827 opinio
802 1790 904 1817 novo
949 1777 1226 1827 supplemento
1269 1776 1496 1815 infirmatur
1538 1776 1673 1826 potius
1717 1789 1838 1827 quam

269 1837 486 1875 stabilitur.
548 1850 638 1876 cum
677 1837 811 1887 adesp.
847 1838 931 1875 114
969 1839 1009 1875 et
1049 1837 1131 1875 105
1170 1836 1474 1887 conglutinabat
1508 1836 1838 1876 Wilamowitzius

269 1896 404 1934 Herm.
425 1897 480 1935 XI
502 1898 588 1936 500
604 1909 660 1947 sq.
716 1899 759 1935 at
790 1896 1000 1935 manifesto
1034 1898 1127 1934 sunt
1158 1896 1239 1934 tria
1268 1896 1505 1947 fragmenta.
1538 1891 1600 1934 ‘ex
1625 1891 1836 1945 principio'

268 1957 429 1994 fabulae
468 1956 658 2007 Cobetus,
703 1969 749 1994 ex
780 1956 946 2007 prologo
984 1955 1227 1994 Fritzschius
1260 1957 1490 2005 excerptum
1525 1968 1609 1994 esse
1641 1955 1836 2004 iudicant3

269 2029 359 2054 cum
372 2016 419 2054 fr.
435 2017 515 2055 531
536 2016 825 2066 quodammodo
845 2015 1069 2055 cohaesisse
1090 2017 1224 2054 censet
1237 2014 1425 2065 Cobetus,
1443 2017 1566 2065 negat
1579 2014 1835 2054 Fritzschius.

270 2071 455 2115 ‘iuvenis'
483 2070 550 2129 (fr.
574 2070 679 2128 531)
706 2075 951 2126 indignatur,
983 2075 1089 2125 quod
1108 2075 1225 2114 fortis
1252 2074 1375 2113 animi
1400 2077 1477 2124 est3
1508 2074 1673 2112 Phidias
1700 2086 1836 2125 aegre-

269 2135 344 2173 scit
375 2135 506 2174 animo
538 2130 680 2173 fracto'
690 2150 699 2184 3
733 2135 801 2173 ille
834 2131 955 2173 ‘bona
986 2134 1183 2184 quaedam
1214 2133 1404 2184 perdidit3
1446 2133 1611 2172 Phidias
1642 2134 1837 2172 bonorum

267 2194 392 2232 nimia
423 2194 538 2244 copia
569 2194 734 2244 diffluit3
765 2195 868 2233 alter
899 2194 1005 2232 mala
1035 2194 1190 2243 patitur
1217 2193 1443 2244 mediocria,
1475 2192 1639 2231 Phidias
1677 2194 1837 2242 praeter

268 2255 453 2292 morbum
485 2254 692 2303 opinatum
724 2253 835 2292 aliud
864 2248 1049 2293 nullum?
1099 2253 1167 2291 ille
1199 2249 1294 2292 ‘non
1324 2252 1401 2291 sibi
1424 2252 1584 2292 videtur
1615 2254 1836 2303 aegrotare,

269 2314 338 2350 sed
371 2312 535 2353 adverso
568 2325 663 2352 casu
693 2325 772 2351 non
803 2313 882 2352 levi
913 2324 1127 2363 percussus
1159 2308 1248 2350 est'.

394 2375 526 2411 totum
574 2373 845 2423 fragmentum
893 2372 934 2410 in
984 2373 1090 2410 hunc
1138 2372 1222 2410 fere
1271 2371 1432 2410 modurn
1482 2370 1839 2422 redintegrandum

268 2431 445 2470 videtur:

485 2502 576 2542 ὅταν
610 2499 645 2542 δ’
681 2501 897 2555 ἀγρυπνεῖν
929 2501 1054 2556 εἴπης,
1086 2497 1189 2540 τί’σ’
1223 2500 1359 2554 ἐγείρει
1391 2507 1574 2541 συννοῶν

483 2560 555 2613 τὴν
588 2562 716 2601 αἰτίαν
747 2561 905 2614 γνώσει·
943 2559 1208 2613 περιπατήσας
1239 2559 1364 2612 βραχὺ
1394 2559 1397 2561 ’

484 2621 665 2673 εἰσῆλθες
697 2621 836 2672 εὐθύς,
869 2619 919 2660 ἂν
949 2619 1142 2675 κοπιάσῃς
1169 2617 1223 2667 τὼ
1256 2618 1391 2670 σκέλη·

484 2684 666 2732 μαλακῶς
697 2680 863 2720 ε’λούσω·
900 2680 1018 2719 πάλιν
1050 2677 1221 2726 ἀναστὰς
1253 2677 1400 2726 ἕνέπιες

444 2750 462 2779 Ξ)
483 2740 580 2792 πρὸς
611 2738 780 2792 ἡδονήν,
810 2739 938 2787 ’ὕπνος
969 2737 1086 2786 αὐτὸς
1115 2735 1137 2777 ὃ
1168 2738 1335 2790 βαρύνει
1366 2735 1402 2777 σ’
1439 2737 1534 2789 ἀρεῖ.

485 2799 525 2838 τὸ
557 2799 691 2873 πέρας,
722 2798 845 2839 κακὸν
877 2798 972 2851 ε’χεις
1004 2796 1140 2838 οὐδέν·
1177 2794 1202 2848 ἡ
1234 2797 1352 2845 νόσος
1383 2797 1512 2849 τρυφὴ

485 2857 572 2898 ἔσθ’
606 2875 659 2910 ην
691 2860 871 2911 διῆλθες·
912 2857 1198 2910 φορτικώτερον
1230 2855 1273 2895 δέ
1303 2872 1338 2896 τι

486 2917 684 2971 ἐπέρχεταί
711 2935 791 2970 μοι,
822 2918 998 2970 τρόφιμε,
1029 2915 1267 2970 συγγνώμην
1300 2909 1337 2955 δ’
1373 2915 1448 2967 ἔχε·
