2014 3334
746 269 973 305 οΛΤΝΘΙΑ
1001 290 1042 296 -
1071 271 1203 305 OPPH
1670 270 1756 313 105

811 427 881 461 ΟΜ
885 427 1121 462 ΟΠΑΤΡῙΟΙ

923 513 1011 556 360

382 598 605 653 χρηστοὺς
636 595 959 653 νομιζομένους
992 596 1180 654 ἐφόδιον
1213 595 1410 654 ἀσφαλὲς

397 670 463 719 εἰς
494 668 639 712 πάντα
670 670 829 725 καιρὸν
860 668 935 712 καὶ
967 669 1102 726 τύχης
1132 676 1281 713 πᾶσαν
1313 669 1470 727 ῥοπήν.

287 757 487 797 stobaeus
524 757 632 796 Flor.
672 759 739 806 37,
783 758 838 797 10
883 752 993 811 (περὶ
1032 753 1307 811 χρηστότητος)
1349 757 1601 811 Μενάνδρου
1638 755 1756 810 Ὁμο-

166 817 323 870 πάτριοι
342 818 390 857 A.
436 819 472 856 1.
498 815 690 870 χρηστοὺς
709 815 842 869 νόμιζε
868 816 1018 869 μόνους
1038 817 1175 858 Cobet.
1198 818 1247 857 N.
1266 819 1292 858 1.
1313 820 1383 869 89,
1415 831 1490 858 sua
1514 819 1599 870 ipse
1625 832 1756 858 emen-

167 878 328 918 datione
347 891 429 918 non
447 879 673 918 contentus.
718 878 874 918 scilicet
893 878 1148 918 scribendum
1169 881 1230 917 est
1261 877 1459 931 χρηστὸς
1484 877 1688 930 νόμιμος
1713 893 1758 919 τε

171 942 296 986 νοῦς.
351 939 400 977 cf.
436 939 535 990 472,
571 940 606 978 1.
641 940 678 978 2.
751 938 794 978 ’2.
826 943 960 977 πᾶσαν
993 937 1123 991 ῥοπήν
1157 937 1339 990 Gesner]
1375 937 1505 991 ῥοπὴν
1536 944 1680 979 πᾶσαν.

922 1080 1007 1123 361

383 1170 467 1216 πᾶς
499 1163 728 1222 ἐρυθριῶν
760 1166 951 1222 χρηστὸς
983 1161 1104 1208 εἶναί
1131 1169 1208 1222 μοι
1241 1165 1374 1208 δοκεῖ.

289 1252 491 1293 Stobaeus
523 1253 663 1292 Floril.
698 1255 767 1302 31,
795 1254 820 1293 5
853 1252 1105 1307 Μενάνδρου
1131 1249 1406 1305 Ὁμοπατριῶν
1439 1253 1602 1293 Gesner.
1637 1255 1758 1293 Μου-

168 1312 317 1353 σωνίου
350 1314 483 1353 Trine.
522 1315 566 1352 ab
603 1313 779 1354 Musonii
823 1315 886 1353 est
930 1327 1031 1365 quae
1076 1314 1261 1365 sequitur
1304 1315 1456 1366 ecloga.
1517 1312 1613 1365 πᾶς]
1653 1313 1760 1362 ἄπας

169 1374 280 1415 Grot.
327 1396 381 1401 -—
426 1375 596 1414 fortasse
640 1379 731 1422 πᾶς
773 1377 899 1422 παῖς.
963 1374 1124 1414 Τοτοηὺ.
1162 1374 1336 1426 Adelph.
1369 1376 1414 1424 4,
1449 1377 1492 1423 5,
1528 1377 1551 1414 9
1596 1376 1758 1415 erubuit.

167 1435 281 1475 salva
311 1447 374 1475 res
405 1438 470 1475 est.

879 1562 886 1569 .
923 1528 1010 1572 362

384 1609 441 1668 ἦν
475 1613 614 1668 δῆλον
648 1613 702 1656 οὔ
734 1628 776 1656 τι
807 1614 1004 1669 νυμφίος
1035 1628 1081 1656 τε
1113 1612 1314 1669 ἀλφάνει.

292 1700 437 1740 Suidas
469 1698 656 1751 ἀλφάνει·
688 1699 871 1753 εὑρίσκει.
933 1698 1180 1753 Μένανδρος
1203 1697 1482 1753 Ὁμοπατρίοις
1513 1704 1590 1740 κτλ.
1635 1698 1754 1752 ἣν-

169 1757 260 1800 oiim
285 1760 320 1799 Β
352 1755 416 1800 El.
467 1761 676 1800 Bentleius
707 1758 760 1812 ἣν
787 1759 998 1813 δηλονοτιὴ
1031 1761 1208 1813 νυμφίος
1233 1757 1311 1801 τότ’
1341 1759 1523 1812 ἀλφάνει,
1554 1774 1634 1800 non
1666 1774 1756 1800 con-

169 1823 307 1860 tentus
345 1821 444 1871 ipse.
506 1815 559 1873 ἦν
597 1818 640 1860 δὲ
678 1821 802 1873 δῆλον
847 1819 933 1861 οὔτι
971 1820 1044 1873 τὴν
1083 1820 1250 1874 νύμφην
1293 1818 1392 1862 ποθ’
1442 1821 1545 1870 ὅστις
1588 1820 1760 1872 ἀλφάνει

172 1881 425 1932 Bernhardy,
457 1894 537 1920 non
570 1881 669 1921 satis
702 1883 857 1933 peritus
889 1883 1063 1922 comicae
1097 1882 1294 1922 dictionis.

899 2010 1032 2044 ΟΡΓΗ

291 2086 493 2126 Eusebius
526 2084 686 2137 Olymp.
715 2088 813 2137 114,
846 2087 873 2125 4
906 2083 1151 2138 Μένανδρος
1182 2083 1204 2126 ὅ
1235 2084 1408 2138 κωμικὸς
1439 2091 1596 2139 πρῶτον
1628 2086 1759 2138 δρᾶμα

171 2146 333 2194 διδάξας
359 2142 504 2202 Ὀργὴν
537 2144 738 2198 ἐνίκησεν,
775 2147 847 2186 ubi
879 2146 1046 2186 dubium
1083 2149 1146 2186 est
1184 2152 1342 2199 πρῶτον
1374 2149 1509 2185 utrum
1544 2148 1592 2185 ad
1627 2146 1758 2198 δρᾶμα

173 2220 224 2246 an
250 2207 301 2245 ad
333 2205 488 2258 ἐνίκησε
520 2206 735 2257 pertineat.
762 2207 892 2246 Anon.
932 2207 991 2246 De
1025 2208 1201 2246 comoed.
1228 2207 1307 2246 XII
1340 2205 1493 2255 ἐδίδαξε
1527 2204 1569 2245 δὲ
1601 2212 1758 2259 πρῶτον

172 2264 324 2319 ἔφηβος
356 2264 412 2306 ὢν
445 2264 509 2306 ε’·πὶ
540 2264 758 2314 Διοκλέους
790 2264 981 2319 ἄρχοντος
1007 2262 1088 2322 (Ol.
1125 2269 1221 2318 114,
1257 2262 1314 2320 3).

925 2396 1012 2439 363

387 2481 531 2522 καίτοι
562 2478 664 2531 νέος
695 2478 793 2523 ποτ’
831 2479 1048 2536 ἐγενόμην
1080 2479 1217 2535 κάγώ,
1249 2480 1398 2534 γύναι,

388 2548 485 2593 ἀλλ’
522 2550 605 2593 οὐκ
637 2550 834 2607 ἐλούμην
863 2552 1072 2603 πεντάκις
1102 2557 1180 2607 τῆς
1210 2551 1386 2617 ἡμέρας,

387 2618 504 2665 τότ’·
546 2622 658 2666 ἀλλὰ
689 2629 787 2666 νῦν.
851 2621 958 2667 οὐδὲ
990 2621 1161 2680 χλανίδ’
1201 2620 1342 2679 εἶχον·
1374 2623 1484 2666 ἀλλὰ
1516 2629 1614 2665 νῦν.

391 2692 497 2737 οὐδὲ
528 2695 674 2752 μύρον
706 2692 847 2752 εἶχον·
879 2696 991 2739 ἀλλὰ
1022 2702 1119 2739 νῦν.
1182 2693 1256 2738 καὶ
1288 2695 1500 2750 βάψομαι,

347 2778 367 2808 5
390 2764 462 2809 καὶ
494 2770 823 2824 παρατιλοῦμαι
855 2769 911 2824 νὴ
945 2770 1036 2810 Δία
1067 2766 1141 2810 καὶ
1173 2768 1417 2822 γενήσομαι

390 2839 664 2894 Κτήσιππος,
697 2839 780 2882 οὐκ
811 2841 1054 2896 ἄνθρωπος
1086 2839 1135 2882 ἐν
1167 2838 1303 2897 ὀλίγῳ
1335 2839 1499 2896 χρόνῳ·

388 2903 494 2966 κᾷθ’
531 2909 591 2961 ὡς
622 2910 790 2962 ἐκεῖνος
821 2911 1060 2967 κατέδομαι
1090 2908 1163 2952 καὶ
1195 2911 1299 2960 τοὺς
1331 2911 1492 2960 λίθους

390 2980 715 3038 ἁπαξάπαντας,
748 2983 804 3026 οὐ
835 2984 920 3039 γὰρ
953 2979 1037 3026 οὖν
1068 2982 1150 3037 τὴν
1182 2987 1266 3037 γῆν
1297 2982 1451 3037 μόνην.
