2014 3334
296 233 353 274 70
640 201 642 203 '
812 233 817 235 '
929 230 1227 264 MENANAPOT

294 344 440 394 ταύτην
477 340 549 392 τὴν
593 341 807 394 παροιμίαν
846 346 955 392 σαφῆ
999 344 1109 380 ποιεῖ
1142 340 1349 392 Φιλήμων·
1398 344 1522 388 πλοῦς
1566 338 1744 391 δεύτερός
1787 337 1865 378 ἐστι

295 402 425 453 δήπου
469 400 694 454 λεγόμενος,
738 398 788 439 ἂν
826 399 1002 456 ἀποτύχῃ
1040 406 1110 440 τοῦ
1149 399 1317 453 οὐρίου
1358 399 1426 440 καὶ
1456 399 1606 447 κώπαις
1636 401 1734 438 πλεῖ.
1795 398 1866 438 sed

297 463 492 501 Stobaeus
524 473 613 500 eum
646 461 768 499 etiam
798 460 978 499 fabulam
1008 460 1187 499 nominet
1217 460 1514 511 praeferendus.

1035 587 1122 628 242

865 672 1108 724 φιλοσοφεῖ
1137 666 1186 711 δὲ
1216 667 1346 711 τοῦθ’
1384 669 1501 719 ὅπως

508 739 825 797 καταπράξεται
856 741 935 782 τὸν
965 740 1119 795 γάμον.

414 828 708 877 Harpocration
739 829 975 878 φιλοσοφεῖν
1006 824 1093 866 ἀντὶ
1129 830 1199 866 τοῦ
1230 829 1458 877 πονεῖσθαι,
1489 823 1623 865 ἀσκεῖν
1651 855 1661 865 .
1681 855 1690 865 .
1710 821 1867 864 ,Μέν-

298 888 444 939 ανδρος
485 884 747 939 Θρασυλέοντι
784 889 862 926 κτλ.
923 887 1092 925 Photius
1133 889 1173 924 et
1205 885 1348 924 Suidas
1383 888 1631 937 φιλοσοφεῖν.
1693 884 1866 923 Cramer.

298 947 446 985 Anecd.
468 945 538 986 Ox.
558 947 598 984 II
619 947 716 996 500,
738 947 776 984 4.
806 967 855 972 —
884 942 1000 985 τοῦθ’
1025 945 1131 993 ὅπως
1153 944 1436 1018 καταπράξεται
1453 943 1604 995 Bentl]
1625 949 1740 984 τοῦτο
1761 942 1868 990 ὅπως

297 1005 588 1058 καταπράξηται
626 976 871 1057 (καταπράξῆ
903 1001 957 1058 D>
990 1005 1114 1056 Harp.
1177 1015 1238 1044 σοι
1269 1002 1337 1044 τὸν
1367 1004 1495 1058 γάμον
1535 1004 1671 1044 Cobet.
1733 1001 1868 1043 ἀσκεῖν

300 1063 490 1114 Gronov]
526 1064 703 1115 φάσκειν.

1044 1156 1130 1198 243

582 1238 609 1293 ἡ
643 1237 681 1280 δ’
720 1237 884 1297 ἀνέῳγε
914 1239 996 1294 τὴν
1026 1239 1189 1296 θύραν.

418 1326 587 1364 Bekker.
618 1325 766 1364 Aneed.
801 1327 903 1376 399,
938 1327 992 1364 24
1043 1323 1214 1381 ἀνέῳγεν
1252 1324 1340 1377 οὐχὶ
1375 1322 1531 1378 ἤνοιγε,
1571 1322 1638 1363 καὶ
1677 1318 1869 1379 ἀνεῴγετο

300 1382 467 1437 λέγουσι.
516 1382 582 1423 καὶ
606 1382 868 1437 Θρασυλέοντι
885 1400 909 1437 γ
928 1381 954 1436 ἢ
975 1384 999 1423 ὃ
1023 1387 1101 1424 κτλ.
1151 1381 1236 1424 s'ine
1255 1386 1431 1425 auctoris
1451 1385 1690 1434 fabulaeque
1709 1383 1870 1422 nomine

301 1444 409 1483 Suid.
437 1440 686 1499 ἀνεῴγεισαν.
736 1442 839 1483 ἀνέω
866 1440 927 1498 (in
951 1446 1093 1495 poetae
1113 1439 1265 1499 verbis)
1298 1445 1382 1484 cod.
1402 1445 1529 1483 Bekk.
1555 1459 1579 1496 γ
1604 1440 1630 1495 ἣ
1657 1441 1698 1492 ὃ]
1723 1439 1802 1494 ’ἤδη
1829 1437 1866 1481 δ’

302 1504 416 1542 Mein.
449 1500 517 1554 ἡδὶ
549 1500 584 1542 δ’
620 1503 784 1543 Porson.
821 1525 869 1531 —
906 1505 955 1544 ef.
990 1506 1085 1544 229.

1045 1631 1133 1673 244

479 1713 538 1763 ὡς
569 1712 770 1769 ὀκνηρός,
802 1713 944 1756 πάντα
975 1712 1162 1768 μέλλων,
1194 1715 1453 1770 σιτόκουρος
1485 1713 1716 1769 ὁμολογῶν

479 1783 853 1841 παρατρέφεσθαι.

419 1872 651 1910 Athenaeus
685 1873 722 1922 6,
755 1873 840 1910 248
856 1872 914 1910 ab
960 1869 1204 1925 Μένανδρος
1242 1869 1284 1910 δὲ
1315 1870 1383 1910 τὸν
1422 1869 1615 1925 ἄχρηστον
1646 1869 1715 1910 καὶ
1745 1870 1871 1922 μάτην

302 1930 542 1983 τρεφόμενον
586 1930 817 1984 σιτόκουρον
860 1930 1014 1984 εἴρηκεν
1058 1930 1100 1970 ἐν
1150 1929 1412 1985 Θρασυλέοντι
1456 1930 1582 1978 οὕτως
1618 1933 1696 1970 κτλ.
1774 1944 1810 1970 v.
1846 1933 1866 1970 1

303 1985 630 2044 (ησιτόκουρος)
658 1991 741 2029 sine
763 1991 921 2030 nomine
952 1991 1114 2030 fabulae
1133 1991 1374 2030 Eustathius
1397 1992 1524 2042 1854,
1550 1993 1587 2030 7.
1640 1993 1676 2029 1.
1697 1987 1750 2037 ὡς
1781 1990 1870 2029 add.

301 2051 462 2089 Porson.
512 2048 738 2101 σιτόκουρος
764 2049 893 2100 Pors.]
928 2049 1159 2104 σιτόκουρον
1190 2048 1335 2090 ἄθλιον
1361 2047 1555 2102 ἄχρηστον
1581 2049 1636 2097 εἰς
1665 2054 1757 2102 γῆν,
1781 2062 1871 2100 per-

302 2123 439 2160 peram
470 2110 598 2148 inlata
629 2123 675 2148 ex
711 2110 759 2149 fr.
793 2111 897 2160 420,
929 2111 976 2150 Α.
1020 2132 1078 2137 ——
1122 2111 1171 2150 cf.
1203 2110 1359 2149 Alexid.
1395 2112 1491 2150 177.
1550 2107 1873 2162 παρατρέφεσθαι

304 2165 520 2218 ‘indiynum
551 2170 605 2207 ali
636 2173 833 2217 tamquam
862 2171 936 2208 vile
967 2171 1158 2218 quoddam
1188 2165 1454 2219 mancipium?
1488 2169 1655 2208 Casaub.
1689 2170 1737 2208 ef.
1771 2169 1868 2208 866.

304 2228 466 2266 Timocl.
500 2230 536 2276 9,
571 2229 608 2266 2.
659 2228 863 2267 Demosth.
899 2231 964 2277 19,
998 2231 1083 2269 200
1121 2224 1186 2268 ε’πὶ
1224 2231 1277 2285 τῷ
1314 2231 1626 2282 τριταγωνιστεῖν
1663 2226 1872 2281 ἀγαπητῶς

305 2286 667 2340 παρατρεφόμενον.

1011 2379 1171 2412 IEPEIA

422 2449 648 2492 ‘Mulierem
685 2449 899 2503 quandam'
931 2448 1139 2508 (Rhoden)
1178 2451 1396 2494 ‘induxisse
1433 2455 1612 2505 videtur,
1649 2455 1872 2494 liberaliter

304 2513 415 2550 illam
453 2513 613 2562 quidem
651 2513 878 2563 educatam,
923 2514 991 2552 sed
1030 2514 1327 2563 superstitionis
1367 2515 1554 2565 contagio
1592 2514 1692 2554 adeo
1735 2516 1872 2553 eonta-

303 2572 514 2621 minatam,
563 2574 610 2610 ut
653 2572 895 2611 condicionis
945 2585 1040 2612 suae
1091 2574 1217 2613 oblita
1266 2574 1371 2613 inter
1410 2573 1583 2625 Cybeles
1627 2573 1872 2614 sacrificulas

303 2643 447 2669 nomen
477 2627 760 2680 profiteretur.'
822 2632 941 2670 Mein.

517 2826 664 2878 οὐδεὶς
696 2827 752 2871 δι’
791 2829 1035 2886 ἀνθρώπου
1065 2829 1172 2879 θεὸς
1203 2827 1342 2887 σῴζει,
1374 2830 1521 2885 γύναι,

518 2897 670 2955 ἑτέρου
700 2900 779 2942 τὸν
810 2899 977 2957 ἕτερον·
1024 2901 1065 2943 εἰ
1093 2900 1178 2957 γὰρ
1210 2899 1325 2943 ἕλκει
1354 2902 1434 2944 τὸν
1463 2902 1575 2944 θεὸν
