2014 3334
174 446 316 487 δείλαιε
325 475 337 498 ‚
369 440 400 485 ὦ
430 443 593 498 πονηρέ.

650 274 1014 310 ΣΤΝΑΡΙΣΤῼΣΑῙ
1044 294 1081 299 -
1111 275 1265 310 ΤΙΤΘΗ
1673 274 1756 318 131

172 384 354 439 ἀνδρῶν,
392 384 445 433 ὡς
486 415 495 424 .
529 417 536 424 .
571 418 578 425 .
624 384 667 425 ἐν
707 385 957 438 Μενάνδρου
995 386 1217 443 Συνερώσῃ
1255 390 1333 427 κτλ.
1398 387 1580 439 σημαίνει
1622 386 1681 428 δέ·
1701 361 1757 427 ’ὦ

924 527 1011 569 458

461 585 663 629 ἀναπετῶ

293 672 540 714 ἀναπετάσω.
590 671 835 726 Μένανδρος
868 705 875 711 .
905 705 911 712 .
939 703 948 712 .
980 671 1023 712 ἐν
1054 673 1284 730 Συνερώσῃ.
1338 675 1495 714 Suidas.
1538 677 1586 715 cf.
1621 678 1676 715 26

817 789 1110 824 ΣΤΝΕΦΗΒΟΙ

293 865 431 906 Cicero
464 865 524 904 De
556 866 622 904 fin.
657 868 701 917 1,
735 867 778 915 2,
813 867 840 904 4
884 865 1179 915 Synephebos
1223 877 1289 915 eyo
1325 868 1460 915 potius
1503 867 1649 908 Caecili
1692 873 1761 909 mut

172 924 410 966 Andriam
442 919 596 965 Terenti
632 938 752 974 quam
776 929 988 974 ,utramque
1018 927 1237 966 Menandri
1268 927 1420 976 leyam?
1470 927 1529 967 De
1562 930 1642 979 opt.
1668 941 1758 980 gen.

172 994 229 1026 or.
263 987 301 1037 6,
341 987 394 1026 18
441 987 561 1025 eidem
593 985 829 1026 Andriam
866 990 901 1025 et
937 985 1233 1035 Synephebos
1272 999 1341 1025 nee
1370 989 1502 1027 minus
1535 988 1758 1028 Terentium

171 1049 207 1085 et
250 1045 464 1086 Caecilium
513 1059 632 1095 quam
677 1047 946 1086 Menandrum
1002 1047 1141 1095 lequnt.
1237 1047 1286 1086 cf.
1326 1045 1370 1086 O.
1410 1047 1526 1087 Ribb.
1569 1047 1677 1088 Gom.
1710 1049 1757 1089 R.

171 1100 339 1206 gzbssssl.
405 1108 526 1158 atque
565 1107 704 1146 eodem
741 1107 863 1146 titulo
903 1118 1000 1145 usus
1039 1109 1100 1146 est
1131 1107 1173 1146 L.
1201 1107 1448 1157 Pomponius
1479 1108 1757 1150 Bononiensis.

209 1166 223 1204 i
281 1197 288 1205 .
324 1167 421 1206 250.

922 1260 1011 1303 459

291 1346 492 1386 Zenobius
526 1349 564 1399 5,
598 1348 654 1387 60
698 1345 774 1387 οὐκ
811 1344 890 1398 εἰμὶ
932 1345 1084 1388 τούτων
1120 1351 1200 1386 τῶν
1237 1343 1399 1399 ἡρώων·
1442 1347 1542 1399 αὕτη
1583 1345 1758 1388 τέτακται

171 1403 236 1445 ἐπὶ
265 1411 344 1446 τῶν
374 1404 634 1459 βουλομένων
669 1401 714 1446 εὖ
745 1410 886 1447 ποιεῖν.
932 1406 975 1446 οἱ
1002 1405 1076 1460 γὰρ
1101 1405 1230 1459 ἥρωες
1255 1412 1410 1447 κακοῦν
1437 1405 1584 1459 ἕτοιμοι
1609 1411 1758 1459 μᾶλλον

171 1462 198 1518 ἢ
230 1463 459 1520 εὐεργετεῖν,
491 1466 546 1515 ὥς
578 1478 679 1519 φησι
711 1464 956 1519 Μένανδρος
989 1465 1031 1506 ἐν
1056 1466 1330 1519 Συνεφήβοις.
1395 1467 1525 1507 Schol.
1552 1469 1757 1520 Aristoph.

171 1526 244 1567 Av.
282 1528 398 1566 1490
429 1525 557 1580 ἥρωες
589 1524 631 1566 δὲ
664 1526 902 1580 δυσόργητοι
932 1525 998 1567 καὶ
1031 1525 1192 1579 χαλεποὶ
1222 1530 1304 1575 τοῖς
1336 1525 1594 1579 ἕμπελάζουσι
1624 1529 1758 1581 γίνον-

171 1599 248 1637 ται,
278 1586 463 1640 καθάπερ
490 1585 737 1640 Μένανδρος
769 1585 811 1626 ἐν
836 1585 1110 1639 Συνεφήβοις.
1159 1587 1232 1626 ubi
1263 1587 1525 1640 Συνεφήβοις
1556 1588 1755 1641 Heringa]

152 1646 402 1699 ,συνερίφοις
433 1647 516 1688 ΒΝ.
580 1647 812 1700 συνερίθοις
843 1647 935 1687 Ald.
998 1648 1048 1687 cf.
1081 1648 1206 1687 etiam
1243 1648 1416 1699 Hesych.
1455 1648 1679 1700 κρείττονας
1717 1652 1759 1688 et

173 1706 298 1746 Arist.
331 1708 405 1747 Av.
441 1709 567 1748 1492.
600 1708 649 1747 fr.
683 1709 780 1748 692.

886 1823 1040 1858 ΤΙΤΘΗ

293 1898 352 1938 Of.
373 1912 474 1950 quae
496 1900 546 1938 ad
567 1899 785 1951 Antiphan.
810 1901 907 1951 159,
937 1901 964 1939 4
984 1903 1025 1939 et
1045 1900 1096 1939 ad.
1115 1900 1267 1938 Eubuli
1290 1899 1438 1946 Τίτθας
1463 1900 1756 1939 adnotavimus.

917 2029 1007 2072 460

389 2112 437 2154 οἱ
463 2112 540 2163 τὰς
571 2111 716 2170 ὀφρῦς
747 2116 950 2169 αἴροντες
981 2112 1041 2164 ὡς
1073 2111 1301 2168 ἀβέλτεροι

388 2181 462 2230 καὶ
487 2181 744 2241 (σκέψομαί
781 2183 1004 2240 λέγοντες·
1049 2185 1292 2241 ἄνθρωπος
1322 2184 1407 2241 γὰρ
1441 2184 1501 2226 ὢν

389 2254 541 2306 σκέψει
573 2256 649 2307 σύ;
681 2254 782 2313 περὶ
813 2262 914 2308 τοῦ;
949 2257 1183 2313 δυστυχεῖς
1214 2257 1321 2300 ὅταν
1352 2256 1479 2312 τύχῃ·

388 2326 613 2383 αὐτόματα
643 2328 728 2385 γὰρ
761 2329 814 2371 τὰ
844 2326 1064 2385 πράγματ’
1102 2327 1174 2372 ἐπὶ
1204 2329 1254 2371 τὸ
1288 2326 1521 2383 συμφέρον

347 2409 368 2441 5
390 2398 461 2456 ῥεῖ
488 2397 573 2442 κᾶν
603 2400 829 2457 καθεύδῃς
859 2399 887 2456 ἢ
920 2400 1055 2444 πάλιν
1086 2400 1363 2443 τούναντίον.

293 2497 492 2537 Stobaeus
512 2499 651 2538 Floril.
672 2500 741 2549 22,
762 2501 786 2539 9
827 2498 1079 2551 Μενάνδρου
1115 2498 1239 2550 Τίτθη
1261 2495 1413 2551 (τιτθή)
1434 2498 1467 2536 Β
1501 2497 1615 2536 Voss.
1634 2496 1757 2535 Heus.

129 2574 131 2576 ·
175 2557 287 2597 deest
324 2557 367 2596 in
398 2557 446 2597 A.
514 2572 552 2598 v.
584 2560 623 2598 4.
657 2561 682 2599 5
722 2560 808 2598 sine
847 2559 1025 2598 auctoris
1062 2559 1305 2609 fabulaeque
1342 2557 1490 2596 indicio
1523 2556 1633 2595 Stob.
1672 2556 1756 2595 Ecl.

176 2619 213 2667 1,
237 2612 352 2671 6(5),
375 2617 469 2656 14b
501 2618 703 2658 Wachsm.
735 2631 945 2669 perperam
971 2619 1174 2658 coniuncti
1200 2630 1290 2656 cum
1322 2618 1371 2656 fr.
1393 2617 1491 2656 275.
1555 2618 1592 2655 3.
1622 2613 1755 2671 σκέψῃ

174 2676 282 2716 libri.
331 2675 401 2725 6153
433 2675 524 2730 περὶ
548 2682 638 2726 τοῦ;
672 2678 768 2718 Cob.
793 2679 940 2717 Mnem.
967 2679 1024 2717 VI
1052 2677 1156 2728 311]
1190 2676 1239 2716 σὺ
1272 2676 1364 2728 περί
1391 2690 1474 2715 του.
1505 2675 1686 2727 περίττου
1705 2675 1755 2714 Ν.

174 2741 355 2789 περιττοῦ
379 2733 406 2789 ἣ
427 2737 587 2788 περίτου
606 2733 671 2777 Βῗ.
696 2736 786 2791 περὶ
804 2737 947 2778 τούτου
963 2739 1054 2778 Ars.
1081 2735 1216 2788 σκέψει
1236 2750 1272 2775 τι
1290 2736 1383 2788 περί
1404 2750 1475 2775 του
1497 2735 1591 2775 Cob.
1610 2735 1755 2774 Mnem.

173 2808 266 2837 nov.
296 2796 339 2836 Π
371 2798 439 2837 34.
473 2796 676 2850 δυστυχεῖς
706 2793 772 2837 N¹.
824 2796 874 2837 σὺ
905 2796 996 2851 περὶ
1025 2802 1098 2837 τοῦ
1130 2792 1342 2848 δυστυχῆσ’
1381 2794 1475 2834 ὅταν
1505 2794 1602 2850 τύχῃ
1634 2795 1756 2834 Dobr.

176 2856 278 2896 Adv.
310 2856 351 2895 II
385 2858 484 2896 281.
530 2857 603 2905 (an
640 2861 674 2897 te
705 2859 812 2898 cwris
848 2859 1040 2902 enecabis,
1080 2858 1194 2905 ι’ἀᾳιιε
1229 2859 1274 2895 ut
1310 2856 1539 2904 quandoque
1575 2857 1757 2903 fortunae

174 2917 215 2955 vi
244 2916 544 2966 opprimaris?).
605 2919 645 2957 4.
676 2915 759 2968 ἐπὶ]
793 2915 876 2957 ἐπεὶ
908 2917 1022 2956 Voss.
1055 2916 1178 2955 Hens.
1243 2918 1279 2954 5.
1316 2913 1393 2954 κᾶν
1425 2928 1500 2954 om.
1533 2911 1583 2953 B¹
1616 2914 1757 2953 NEcl.

175 2975 410 3027 καθεύδηση
444 2970 540 3030 (sic)
573 2972 669 3016 FP2.
718 2976 900 3027 καθεύση
933 2973 994 3015 P¹.
1025 2973 1260 3026 καθευδήση
1295 2974 1408 3014 Voss.
1439 2974 1562 3013 Hens.
1589 2975 1695 3013 Flor.

1422 3039 1469 3076 9¹0
