2014 3334
280 247 365 289 668
606 255 609 259 ’
930 247 1190 280 ΑΔΕΣΠΟΤΑ

282 358 467 408 (fortasse
499 357 627 408 ὥσπερ
657 369 711 396 στ.
738 356 803 396 καὶ
828 353 888 410 π.)
921 355 1129 396 άλλοθεν
1160 355 1302 408 ἄλλης
1328 354 1467 411 (ἄλλης
1497 353 1685 412 άλλοθεν)
1709 352 1714 411 Ι
1736 369 1847 398 συν-

280 417 559 528 εισρε)ούσης
597 415 759 464 ἔξεστιν
792 411 933 471 (ἔσθ’)
973 414 1088 469 ὁρᾶν
1127 416 1410 468 συνιστάμενον
1449 413 1639 471 (fortasse
1675 417 1848 470 πληρού-

279 491 398 527 μενον
459 473 465 526 Ι

397 534 564 582 ποσάκις
587 539 687 582 ταῖς
719 533 945 585 νεφέλαις
975 534 1277 587 ἕμεμψάμην;
1309 536 1475 583 ποσάκις
1492 535 1650 583 ταύταις
1668 535 1849 588 λοίδορον

280 594 417 646 ἀφῆκα
449 594 605 645 φωνήν,
638 594 695 633 ὅτι
726 593 779 645 μὴ
811 593 877 633 καὶ
907 599 1016 645 νῦν,
1054 593 1207 648 ὥσπερ
1238 593 1398 647 ἀμέλει
1431 599 1530 643 τοῖς
1559 596 1847 647 Κορινθίοις

278 652 410 704 ποτέ,
442 653 568 693 πολὺν
601 652 866 726 ἐπώμβρησαν
896 652 963 692 τὸν
995 653 1141 706 χρυσόν
1173 684 1182 693 .
1213 683 1223 693 .
1257 686 1264 693 .

400 716 481 753 167
515 713 680 760 ποσάκις
710 712 809 766 πρὸς
828 711 899 763 τὴν
923 713 1054 765 Τύχην
1086 714 1311 767 διείλεγμαι,
1342 713 1556 766 μονονουχὶ
1574 710 1662 753 κατ’
1691 712 1847 765 ὀφθαλ-

277 772 377 824 μοὺς
413 771 661 825 ἐντυγχάνων
699 772 814 827 αὐτῇ·
856 769 982 824 ’μέχρι
1019 773 1124 820 τίνος
1161 770 1481 830 ἀποστραφήσῃ’;
1523 772 1646 826 λέγων
1679 769 1844 828 ’μέχριΙ

277 832 406 879 τίνος
449 831 673 883 περιόψει
716 812 830 884 (add.
867 827 957 886 μ’;)
989 829 1115 888 ·ι’λεῴ
1157 847 1268 873 ποτε
1309 831 1407 885 πρὸς
1449 830 1554 884 ’ἡμᾶς
1601 831 1847 885 ἔπίβλεψον

278 890 447 942 ὄμματι
473 888 577 943 (ποτ’
607 889 749 943 ὄμματι
776 886 780 945 Ι
803 874 1099 945 πρόσβλεψον),
1122 891 1356 944 οἴκτειρόν
1381 907 1428 943 με
1453 888 1662 946 (οἴκτιρον)
1687 895 1848 933 ταλαι-

277 950 600 1002 πωρούμενον.
636 950 641 1000 Ι
674 951 843 991 πολλοί
871 962 934 991 σοι
963 950 1205 1003 θησαυροὶ
1237 951 1244 1001 Ι
1277 951 1573 1003 κεκρύφαται
1609 950 1726 991 κατὰ
1762 957 1848 1005 γῆς

279 1007 393 1062 (κατὰ
423 1027 457 1063 γ.
489 1002 631 1064 κεκρ.)·
675 1009 859 1082 ἐξαπίνης
896 1007 1000 1061 ἡμᾶς
1035 1011 1297 1058 πλουσίους
1333 1007 1524 1064 (fortasse
1560 1009 1752 1051 πλούσιόν
1782 1007 1847 1066 μ’)

277 1068 557 1123 ἀπέργασαι·
603 1085 652 1109 αν
689 1086 714 1126 η
753 1068 974 1125 βουλομένη
1014 1081 1095 1121 σοι,
1135 1069 1177 1110 τὸ
1214 1071 1524 1122 προσιστάμενον
1556 1068 1649 1110 οὐδὲ
1679 1086 1723 1110 εν
1755 1102 1763 1110 .
1795 1102 1804 1110 .

277 1128 374 1168 ἀλλὰ
407 1160 415 1169 .
436 1162 444 1170 .
476 1128 517 1169 τὸ
549 1145 618 1181 της
636 1130 911 1182 παροιμίας..
937 1126 1033 1168 ἀλλ’
1063 1130 1300 1183 αἰγιαλοῖς
1325 1126 1513 1202 (fortasse
1537 1131 1626 1169 add.
1645 1129 1698 1177 ὥς
1723 1141 1847 1181 φησιν

276 1186 301 1239 ἡ
322 1185 565 1242 παροιμία)
560 1185 564 1222 l
593 1188 796 1229 ἐδόκουν
826 1192 1138 1241 προσομιλεῖν
1175 1206 1201 1242 η
1232 1192 1382 1245 νεκρῷ
1414 1180 1530 1242 πρὸς
1561 1204 1644 1237 ους
1676 1187 1846 1243 διαλέγε-

278 1252 375 1287 σθαι
407 1223 582 1303 (λέγειν).

395 1309 552 1347 initium
574 1309 739 1358 palodia
758 1310 819 1347 est
838 1309 976 1358 Eurip.
997 1309 1090 1348 Hec.
1113 1310 1209 1349 285.
1267 1310 1316 1348 de
1340 1310 1462 1348 imbre
1481 1321 1599 1348 aureo
1625 1309 1673 1347 cf.
1694 1308 1846 1348 Iacobs.

279 1368 467 1406 Philosti.
490 1370 587 1406 546.
631 1368 805 1406 Boeckh.
826 1368 937 1407 Pind.
959 1367 1019 1407 01.
1043 1371 1079 1419 7,
1101 1371 1167 1408 34.
1213 1369 1261 1407 de
1280 1369 1502 1420 proverbiis
1527 1369 1569 1406 in
1588 1368 1665 1407 fine
1685 1368 1845 1419 eclogae

276 1428 427 1477 positis.
454 1428 687 1478 Diogenian.
724 1430 766 1478 1,
800 1429 853 1467 37
894 1422 1033 1480 (vind.
1069 1431 1111 1476 1,
1146 1423 1232 1481 14).
1291 1429 1435 1467 Zenob.
1470 1431 1514 1476 1,‘
1545 1429 1613 1467 38.
1663 1427 1845 1478 Aposizol.

280 1490 322 1535 1,
356 1489 410 1526 84
450 1489 490 1525 et
527 1487 760 1537 Diogenian.
795 1488 839 1537 6,
872 1489 925 1525 82
966 1487 1100 1536 (Vind.
1134 1489 1172 1536 3,
1205 1482 1294 1541 34).
1351 1487 1516 1539 Gregor.
1548 1487 1667 1537 Cypr.
1699 1489 1744 1536 3,
1779 1489 1845 1527 12.

276 1547 422 1586 Macar.
456 1548 494 1597 6,
530 1549 596 1586 10.
644 1546 828 1596 Apostol.
862 1548 928 1596 11,
964 1548 1059 1586 100.
1109 1547 1240 1586 Plaut.
1274 1547 1459 1586 Bacchid.
1493 1548 1532 1597 3,
1564 1548 1602 1594 4,
1636 1548 1689 1585 21
1730 1559 1846 1595 quam

277 1608 311 1644 εἰ
342 1607 394 1645 dd
425 1607 645 1654 sepulcrum
674 1606 822 1644 mo'rtuo
853 1606 987 1644 narrc't
1017 1608 1119 1646 iocos
1150 1601 1221 1659 (al.
1253 1600 1388 1659 Zoyos).
1438 1606 1596 1645 Terens..
1621 1606 1780 1645 Phorm.
1807 1607 1846 1656 5,

279 1667 316 1713 9,
350 1667 403 1703 26
449 1666 565 1704 ve'rba
605 1667 706 1712 fiunt
743 1665 906 1704 m6rtu0.
949 1687 1006 1692 —
1049 1666 1175 1705 totius
1217 1666 1378 1717 eclogae
1422 1666 1591 1704 formam
1634 1665 1846 1715 pristinam

276 1725 489 1764 restituere
521 1727 686 1763 conatus
719 1737 807 1763 sum
840 1724 976 1763 Herm.
1008 1725 1101 1764 XXI
1134 1727 1217 1764 398
1234 1738 1290 1776 sq.

396 1915 588 1954 Libanius
627 1913 727 1966 Περὶ
765 1914 945 1962 δουλείας
972 1915 1012 1954 ΙΙ
1039 1917 1216 1954 63-90
1247 1915 1379 1954 Reisk.
1417 1936 1464 1942 —
1504 1914 1620 1954 initio
1647 1910 1741 1966 (63,
1771 1911 1844 1969 17)

277 1976 468 2024 quatbuor
510 1987 649 2024 versus
692 1975 898 2025 Euripidis
943 1970 1063 2027 (Hec.
1097 1976 1182 2014 864
1198 1970 1279 2027 sq.)
1324 1976 1486 2013 auctore
1523 1987 1602 2013 non
1641 1975 1845 2014 nominato

277 2034 525 2074 adferuntur.
587 2037 810 2085 sequuntur
841 2034 1053 2073 manifesta
1083 2034 1324 2073 comicorum
1355 2047 1542 2073 versuum
1573 2034 1756 2084 vestigia.

398 2095 465 2142 67,
489 2095 641 2132 11.15
674 2091 906 2144 θυμὸς..
933 2123 942 2132 .
967 2093 1181 2145 ταράττει
1212 2095 1394 2144 μᾶλλον
1424 2090 1450 2144 ἢ
1482 2091 1534 2130 τὰ
1564 2092 1809 2143 πνεύματα
1837 2087 1842 2148 Ι

307 2149 459 2191 .ὃποῐ’
483 2150 696 2203 ἐπολέμει
714 2154 767 2208 τῷ
786 2168 856 2192 του
875 2151 1057 2204 Λαέρτου
1079 2149 1266 2203 (fortasse
1281 2150 1487 2202 παιδὶΛ..)
1515 2153 1565 2191 cf.
1581 2152 1731 2191 Cra‘nin.
1748 2155 1844 2193 136.

399 2214 466 2262 68,
493 2215 516 2252 9
551 2210 571 2251 6
605 2210 652 2251 δὲ
685 2210 739 2263 δὴ
779 2211 1064 2264 φιλόκυβος,
1095 2207 1125 2251 ὦ
1156 2206 1270 2267 (del.)
1302 2210 1417 2264 πρὸς
1448 2210 1580 2261 Διός,
1611 2205 1680 2264 ἆρ’
1716 2210 1844 2252 ἐλεύ-

276 2275 332 2310 θε
370 2286 438 2320 ος;

339 2286 360 2323 ρ
399 2333 452 2371 27
468 2329 728 2371 τὸντοίνυν
748 2326 1599 2405 τοῦδεςτοῦδετοίν.)τοῦνοσήματος(ἰ.
1614 2344 1645 2369 e.
1660 2328 1842 2387 φθόνου)

277 2388 479 2440 ἔμπλεων
512 2386 679 2445 (πλέων)
708 2392 714 2441 Ι
741 2397 837 2438 πῶς
868 2406 954 2431 ουκ
985 2406 1040 2430 αν
1071 2389 1293 2441 ἀδικοίην
1320 2386 1512 2463 (ἄδικοΐμ’
1516 2384 1549 2443 ),
1575 2389 1617 2429 εἰ
1649 2391 1844 2443 καλοίην

278 2445 475 2503 (καλοΐμ’)
514 2449 793 2502 ελεύθερον;
831 2452 837 2498 Ι
870 2447 914 2498 ὸς
950 2450 1078 2490 πάντα
1116 2448 1269 2501 οἰκέτην
1307 2449 1532 2502 στιγματίαν
1570 2449 1845 2501 παρελήλυθεν

277 2507 434 2564 ἀθυμία
465 2506 629 2562 (forbass
634 2523 654 2549 e
685 2506 811 2549 πάνθ’
847 2507 891 2557 ὃς
926 2509 1082 2562 πάρεισι
1114 2520 1234 2562 στιγμ.
1266 2507 1350 2559 ἀθ.,
1385 2510 1433 2548 cf.
1464 2509 1588 2548 Arist).
1620 2509 1692 2559 Eq.
1725 2507 1844 2564 330).

399 2571 466 2619 69,
494 2571 518 2607 5
546 2568 737 2619 φθόνον
760 2565 796 2623 Ι.
822 2566 920 2622 ,(ἕν
945 2567 1049 2625 αὐτῷ
1073 2566 1331 2622 περιφέρειν),
1360 2565 1486 2642 ὠμόν
1511 2582 1555 2608 τε
1579 2566 1646 2607 καὶ
1669 2568 1844 2621 πικρὸν

277 2624 438 2679 (πικρόν
468 2623 526 2681 τε)
564 2627 642 2667 καὶ
685 2627 934 2668 σκοτεινὸν
978 2627 1224 2679 δεσπότην.
1290 2629 1343 2667 10
1387 2626 1526 2678 ἀρκεῖ
1560 2625 1603 2666 δέ
1641 2622 1750 2679 (add.
1780 2626 1842 2683 γ’)

278 2685 441 2734 αὐτοῖς
466 2693 555 2727 τῶν
580 2687 829 2740 παρόντων
856 2685 997 2727 οὐδέν
1017 2682 1131 2742 (οὐδὲ
1150 2682 1224 2742 ε’ν).
1287 2689 1343 2726 20
1369 2687 1512 2737 φίλου
1540 2685 1546 2734 Ι
1575 2683 1623 2726 δὲ
1648 2684 1843 2734 ἀξιοῦν-

278 2761 354 2793 τος
385 2743 532 2801 (ἐπαξ.)
566 2762 615 2786 ευ
646 2751 824 2787 παθεῖν
856 2745 945 2787 ἀπὸ
977 2746 1226 2799 χρημάτων
1259 2742 1264 2799 Ι
1294 2746 1672 2786 σκοτοδινιῶσιν.
1734 2749 1788 2787 23
1821 2746 1842 2787 6

279 2806 352 2844 οὑν
396 2804 501 2853 ἒνὸς
544 2804 679 2846 ε’νεκα
722 2812 950 2859 στατῆρος
986 2804 1013 2858 ἢ
1049 2804 1127 2846 καὶ
1163 2805 1217 2846 ἔτι
1254 2803 1507 2858 σμικροτέρου
1544 2819 1614 2845 του
1653 2800 1842 2858 (fortasse

279 2860 495 2918 μείονος).
569 2895 579 2905 .
610 2865 688 2906 καὶ
723 2866 876 2906 πάντα
912 2864 996 2918 μὲν
1031 2868 1233 2917 τολμῶν,
1269 2865 1422 2904 πάντα
1453 2861 1559 2918 (ἅπ.)
1592 2859 1627 2904 δ’
1668 2862 1842 2917 ὑπομέ-

279 2938 393 2974 νων,
421 2920 426 2976 Ι
454 2930 602 2975 μισῶν
633 2941 678 2966 τε
708 2925 787 2966 καὶ
817 2920 1163 2979 μισούμενοςςΙ
1197 2924 1367 2976 φίλους
1397 2939 1442 2964 τε
1472 2922 1735 2977 προδιδοὺς
1765 2924 1843 2965 καὶ
