2014 3334
205 188 209 192 *
264 220 352 261 512
634 209 637 214 ’
913 221 1176 255 ΑΔΕΣΠΟΤΑ

382 331 620 370 Eustathius
655 332 781 382 1404,
815 332 868 370 62
910 326 1198 383 Ἀριστοφάνης
1236 327 1284 384 (ὃ
1315 327 1603 387 γραμματικὸς)
1646 331 1745 386 λέγει
1781 332 1839 374 ὅτι

265 389 364 430 ἔνιοι
394 389 462 429 τὸν
493 388 666 443 ῥηθέντα
697 388 840 430 ὀδόντα
871 389 919 430 οὐ
950 390 1138 443 γνώμονα
1169 393 1372 442 καλοῦσιν,
1404 390 1500 431 ἀλλὰ
1534 396 1715 444 γνῶμα,
1752 388 1839 433 οἷον

267 451 320 500 (v.
349 444 404 503 1).
455 448 521 488 καὶ
560 449 677 488 πάλιν
708 455 846 502 γνῶμα
883 455 983 502 γοῦν
1014 453 1091 489 κτλ.
1176 453 1212 489 1.
1244 447 1368 503 γνῶμ’
1402 449 1539 501 Mein]
1571 457 1719 504 γνῶμα.
1801 455 1838 492 2.

266 508 308 548 τὸ
341 510 430 548 add.
462 510 580 548 Mein.
624 507 768 556 ἑπτέτις
800 510 990 549 Fritzsch.
1011 511 1136 549 Arist.
1169 511 1267 549 Ran.
1294 525 1329 561 p.
1354 509 1456 560 197]
1490 508 1657 562 ἑπτέτης.
1701 516 1839 563 γνῶμα

267 569 387 608 ctiam
419 569 588 609 Aristot.
622 569 672 609 H.
704 582 766 609 an.
801 571 838 620 6,
872 571 925 608 23
960 565 1100 621 (577³,
1133 571 1201 621 31,
1235 571 1258 609 b
1280 567 1336 623 3).

1006 686 1094 727 574

549 769 628 811 τὸν
659 766 788 825 ἄνδρ’
825 767 1092 823 ἀπεωσάμην
1123 783 1169 810 τε
1199 767 1560 825 κάπεγλαψάμην.

383 855 624 894 Eustathius
655 856 780 905 1504,
810 856 864 893 20
896 854 1061 907 γλάφειν
1166 854 1231 893 καὶ
1262 853 1325 894 ἐπὶ
1356 858 1515 908 λογικῆς
1545 871 1651 902 τινος
1681 861 1838 908 γραφῆς

264 913 368 953 ἔστιν
407 913 467 953 ὅτε
506 914 669 965 τίθεται,
701 911 754 960 ὡς
786 914 907 965 δηλοῖ
929 912 1037 965 παρὰ
1067 914 1282 970 Παυσανίᾳ
1312 913 1354 954 τὸ
1380 918 1456 953 κτλ.
1519 913 1642 954 οἱονεὶ
1671 913 1839 963 ἀπέξεσα
1920 950 1924 954 .

263 972 330 1013 καὶ
361 972 577 1024 ἀπήλειψα,
609 971 661 1020 ὡς
692 971 770 1012 ἀπὸ
793 968 892 1027 (ἐπὶ)
925 973 1093 1025 βιβλίου.
1149 972 1390 1025 ἀπεωσάμην
1422 973 1730 1014 Herwerd.0bs.
1751 976 1836 1014 crit.

268 1033 369 1083 115]
402 1032 638 1084 ἀπωσάμην,
670 1047 749 1084 qua
779 1034 909 1072 forma
928 1034 1101 1072 Atticum
1126 1034 1325 1072 hominem
1355 1047 1473 1073 usum
1505 1047 1590 1073 esse
1615 1035 1682 1074 vix
1713 1035 1837 1074 credi—

264 1093 343 1132 bile
376 1095 455 1132 est:
487 1106 580 1131 nam
599 1093 724 1131 Arist.
740 1093 859 1143 Vesp.
882 1095 993 1132 1085
1028 1093 1188 1143 quidem
1219 1095 1260 1132 et
1288 1094 1494 1134 Demosth.
1515 1096 1583 1144 21,
1605 1096 1689 1133 124
1721 1094 1837 1133 hodie

266 1154 473 1192 emendate
501 1153 740 1192 scribuntur.
796 1153 996 1191 sententia
1026 1152 1357 1203 interpretatione
1383 1154 1589 1192 Eustathii
1614 1154 1741 1205 magis
1768 1154 1836 1193 ob-

265 1214 450 1251 scuratur
480 1225 602 1262 quam
632 1213 886 1251 inlustratur.

1002 1304 1089 1347 575

549 1387 798 1445 ἀκράχολον
828 1386 902 1430 καὶ
935 1386 1155 1430 δύσκολόν
1186 1403 1228 1429 τι
1260 1386 1514 1443 φθέγγεται.

381 1475 551 1513 Bekker.
582 1474 732 1513 Anecd.
766 1476 811 1524 3,
846 1475 899 1512 18
946 1479 1148 1525 πανταχοῦ
1187 1473 1321 1529 χρήσῃ.
1377 1489 1413 1513 τι
1444 1475 1532 1513 add.
1564 1475 1711 1526 Bergk.
1767 1488 1837 1514 cur

264 1535 452 1586 antiquae
497 1535 750 1585 potissimum
801 1534 1027 1572 comoediae
1071 1534 1330 1572 tribuendum
1374 1535 1573 1573 censuerit
1613 1534 1836 1574 Meinekius

262 1607 344 1633 non
375 1596 535 1645 exputo.

1006 1673 1092 1715 576

549 1746 867 1801 αἰσχυνόμενος
899 1742 948 1787 δὲ
979 1743 1230 1800 περιπλέκει
1260 1744 1342 1799 τὴν
1373 1745 1622 1802 συμφοράν.

381 1831 553 1871 Bekker.
573 1831 723 1871 Anecd.
744 1834 783 1882 3,
805 1834 858 1871 22
892 1830 935 1870 ἐν
966 1831 1160 1886 συνουσία
1185 1836 1274 1883 χρῶ.
1320 1835 1360 1870 et
1386 1833 1485 1882 359,
1505 1834 1530 1870 4
1563 1830 1606 1871 ἐν
1632 1830 1836 1886 συνουσία.

264 1888 307 1930 δὲ
339 1892 427 1930 add.
460 1892 578 1930 Mein.
610 1890 684 1944 γὰρ
717 1892 839 1931 Dobr.
864 1891 967 1931 Adv.
1001 1891 1021 1930 I
1055 1893 1149 1930 619.

1009 2006 1095 2050 577

548 2090 714 2146 ἀνόητά
744 2086 803 2145 γ’,
835 2091 877 2133 εἰ
904 2088 1024 2132 τοῦτ’
1059 2086 1196 2145 ἦλθες
1226 2088 1440 2141 ἐπιτάξων
1471 2089 1578 2145 ἐμοί.

382 2179 552 2217 Bekker.
585 2178 733 2217 Anecd.
766 2179 811 2227 4,
849 2179 877 2216 4
921 2175 1008 2216 ἀντὶ
1050 2182 1120 2216 τοῦ
1164 2175 1332 2228 ἀνόητος
1377 2172 1414 2216 εἶ
1454 2176 1663 2216 ἐπιτάττων
1707 2183 1833 2217 τοῦτο.

258 2234 432 2277 Ἀττικὸν
463 2236 537 2290 γὰρ
569 2236 611 2277 τὸ
636 2235 761 2290 λέγειν
787 2235 935 2287 ἀνόητα
961 2236 996 2276 εἰ
1019 2233 1124 2276 τοῦτ’
1159 2235 1358 2284 ἐπιτάξεις.
1409 2233 1514 2288 ‘quis
1538 2250 1619 2275 non
1643 2239 1834 2288 agnoscat
1900 2274 1914 2278 ,

262 2297 488 2348 tragicum?
528 2310 622 2336 nam
653 2296 873 2336 ἐπιτάσσειν
903 2297 1149 2347 tragicorum
1181 2298 1254 2346 est,
1286 2296 1424 2335 comici
1449 2295 1697 2348 προστάττειν
1729 2297 1832 2336 dice-

262 2352 388 2396 bant'.
440 2356 575 2396 Cobet.
614 2357 659 2394 N.
694 2357 720 2395 1.
753 2358 822 2396 47.
872 2356 1079 2407 egregium
1124 2368 1217 2394 sane
1257 2357 1536 2406 praeceptum,
1579 2356 1644 2395 cui
1688 2357 1833 2406 tamen,

263 2429 505 2467 quamquam
535 2417 620 2466 ipse
652 2416 694 2454 in
724 2415 852 2454 indice
890 2415 1063 2455 comicae
1101 2414 1285 2454 dictionis
1323 2415 1504 2464 exempla
1534 2415 1646 2454 verbi
1684 2413 1834 2454 ἐπιτάτ-

262 2489 341 2514 τειν
373 2476 566 2527 eonlegit,
602 2477 737 2514 tacens
777 2475 1068 2525 obtemperavit
1098 2474 1148 2512 H.
1173 2474 1309 2513 Iacobi
1339 2474 1376 2511 V
1409 2482 1582 2514 cccxnv.
1596 2487 1649 2514 v1.
1681 2475 1835 2515 scilicet

264 2535 403 2574 eodem
433 2535 545 2574 velut
575 2535 660 2574 ictu
690 2535 958 2585 profligantur
990 2536 1030 2573 et
1056 2547 1103 2572 ex
1128 2533 1330 2591 comoedia
1355 2533 1553 2572 eiciuntur
1574 2534 1697 2572 Arist.
1713 2534 1832 2584 Vesp.

265 2596 331 2634 69.
366 2596 462 2633 686.
513 2595 697 2633 Pherecr.
733 2595 827 2634 144.
871 2594 1047 2644 Epicrat.
1083 2595 1152 2643 11,
1184 2594 1250 2632 36.
1297 2593 1477 2632 Mnesim.
1511 2595 1548 2642 3,
1584 2596 1620 2632 1.
1664 2593 1833 2632 Philem.

266 2655 331 2694 12.
375 2654 557 2693 Menand.
591 2656 688 2705 302,
722 2655 759 2693 6.

1000 2733 1086 2776 578

548 2814 606 2859 δι’
643 2816 849 2872 ἀσχολίας
879 2818 1043 2871 πολλῆς
1074 2814 1193 2872 (γὰρ)
1224 2811 1372 2869 ἦλθον
1404 2813 1474 2858 ἐπὶ
1504 2815 1617 2857 τόδε.

381 2903 552 2943 Bekker.
583 2903 728 2942 Anecd.
764 2905 838 2954 36,
870 2904 922 2942 31
969 2899 1056 2942 ἀντὶ
1092 2906 1167 2941 τοῦ.
1193 2901 1318 2941 καίτοι
1355 2899 1536 2954 ἀσχολίας
1581 2915 1649 2952 μοι
1686 2902 1833 2952 πολλῆς
