2014 3334
307 265 364 306 46
839 260 843 262 ’
941 265 1239 298 MENANAPOT

1052 396 1132 439 156

519 478 587 535 ἐφ’
627 473 660 536 93
693 486 876 535 φρονεῖς
907 478 1114 534 μέγιστον
1146 478 1304 521 ἀπολεῖ
1329 481 1460 522 τοῦτό
1493 491 1556 534 σε,

517 552 566 593 τὸ
599 551 749 593 δοκεῖν
780 548 862 592 τιν’
902 547 1034 592 εἶναι·
1079 548 1153 592 καὶ
1183 550 1267 605 γὰρ
1298 551 1463 601 ἄλλους
1494 553 1691 606 μυρίους.

424 637 616 676 Stobaeus
644 637 781 676 Floril.
804 639 870 686 22,
893 639 946 675 28
980 641 1049 675 τοῦ
1081 634 1204 675 αὐτοῦ
1231 632 1516 690 (Μενάνδρου)
1542 633 1870 693 Ἐμπιμπραμένῃ

305 698 354 735 A.
418 699 455 735 2.
487 692 582 746 uv’]
614 711 649 735 τι
680 697 725 735 B.
787 696 967 748 μυρίους,
998 697 1022 734 i.
1048 709 1081 734 e.
1113 694 1325 735 ἀπώλεσεν.

1043 836 1124 878 157

516 919 574 969 ὡς
606 918 780 973 ἀγαθόν
812 918 903 961 ἐστι
934 924 1113 975 πρᾶγμα
1143 919 1192 961 τὸ
1224 917 1437 972 γενέσθαι
1467 919 1588 969 τινὸς

515 989 691 1046 πατέρα.

424 1078 619 1116 Sssobaeus
651 1078 789 1116 Floril.
824 1079 889 1127 75,
924 1079 947 1116 6
991 1076 1238 1129 Μενάνδρου
1267 1073 1593 1128 Ἐμπιμπραμένῃ
1619 1077 1668 1116 Α.
1700 1075 1794 1127 ἐστι]
1827 1076 1869 1117 τό

302 1137 386 1175 AB.
435 1135 557 1187 τινὸς]
590 1135 737 1175 τέκνων
769 1138 891 1176 Dobr.

980 1240 1076 1283 158.
1110 1241 1195 1283 159

515 1322 587 1366 καὶ
621 1330 703 1366 νῦν
734 1320 844 1380 ὑπὲρ
875 1324 1047 1366 τούτων
1079 1323 1326 1378 συνάγουσι
1357 1323 1466 1365 κατὰ
1497 1325 1645 1378 μόνας.

871 1395 1127 1451 ἐπλήρωσέν
1157 1410 1203 1437 τε
1235 1396 1283 1437 τὸ
1317 1394 1612 1449 συναγώγιον.

420 1482 650 1521 Athenaeus
685 1484 722 1533 8,
755 1484 838 1522 365
856 1495 876 1521 c
920 1481 1054 1535 ἔλεγον
1086 1479 1128 1521 δὲ
1167 1481 1352 1534 συνάγειν
1390 1479 1456 1520 καὶ
1492 1479 1534 1520 τὸ
1566 1475 1646 1531 μετ’
1690 1478 1869 1532 ἀλλήλων

301 1540 444 1591 πίνειν,
476 1540 542 1580 καὶ
574 1541 822 1595 συναγώγιον
846 1540 888 1581 τὸ
917 1541 1148 1593 συμπόσιον.
1209 1539 1451 1593 Μένανδρος
1477 1539 1520 1580 έν
1540 1536 1868 1596 Ἐμπιμπραμένῃ

304 1595 366 1654 (έν
403 1599 673 1653 πιμπραμένηι
709 1597 766 1655 Α)
810 1599 876 1640 καὶ
911 1621 967 1628 -—
1007 1600 1143 1652 μόνας.
1199 1596 1277 1640 εἷθ’
1325 1598 1413 1652 ἑξῆς
1456 1599 1532 1651 ἔφη
1576 1602 1653 1638 κτλ.
1720 1598 1869 1651 μήποτε

301 1657 343 1698 δὲ
375 1657 481 1699 τοῦτ’
523 1659 601 1699 ἔστι
631 1660 672 1700 τὸ
710 1659 787 1700 ἀπὸ
821 1662 1032 1713 συμβολῶν
1062 1659 1320 1712 καλούμενον.
1369 1661 1418 1699 cf.
1449 1660 1621 1710 Ephipp.
1649 1661 1686 1698 4.
1718 1659 1868 1710 Diphil.

301 1720 369 1769 43,
406 1722 471 1759 28.
505 1721 606 1759 Poll.
641 1722 678 1771 6,
712 1723 736 1759 8
771 1724 1062 1774 συναγαγεῖν
1094 1719 1328 1771 συμπόσιον,
1361 1724 1563 1771 συστῆσαι,
1594 1721 1797 1771 πληρῶσαι
1821 1747 1831 1757 .
1857 1748 1866 1757 .

299 1783 575 1830 συναθροῖσαι.

843 1883 1318 1917 ΕΠΑΓΓΕΛΛΟΜΕΝΟΣ

416 1956 596 1996 Dubium
628 1959 688 1996 est
714 1971 793 2009 qua
819 1959 1108 2010 significatione
1139 1971 1237 1997 usus
1264 1958 1317 2007 sjf,
1341 1963 1472 2008 poeta.
1517 1959 1579 1996 est
1610 1957 1715 1995 enim
1746 1954 1864 2009 ἐπαγ-

297 2013 503 2067 γέλλεσθαι
535 2019 575 2055 et
603 2020 824 2065 promittere
861 2015 1022 2071 (Thom.
1053 2018 1160 2070 Mag.
1199 2015 1479 2070 ἐπαγγέλλομαι
1512 2013 1565 2063 ὡς
1596 2014 1659 2054 ἐπὶ
1688 2013 1730 2054 τὸ
1761 2014 1863 2055 πολὺ

297 2073 339 2113 τὸ
371 2071 671 2130 ὑπισχνοῦμαι),
704 2079 744 2116 et
767 2079 947 2126 profiteri
979 2075 1108 2126 (velut
1132 2078 1252 2116 Isocr.
1276 2081 1311 2128 1,
1346 2079 1414 2116 19.
1445 2077 1543 2115 Xen.
1562 2076 1679 2115 Mem.
1704 2079 1738 2125 1,
1761 2077 1798 2126 2,
1826 2077 1863 2114 7.

297 2134 400 2173 Plat.
431 2135 594 2186 Protag.
628 2138 710 2176 319
728 2150 762 2175 a.
813 2136 932 2187 Gorg.
964 2139 1048 2176 447
1065 2131 1104 2190 c)
1144 2139 1184 2175 et
1215 2135 1447 2190 ἐπαγγελίαν
1478 2137 1596 2175 alicui
1627 2136 1862 2174 denuntiare.

297 2194 345 2232 ef.
365 2194 688 2234 Meier-Schoem.
709 2196 795 2235 Att.
820 2196 933 2235 Proc.
955 2197 1038 2236 698
1053 2210 1092 2235 n.
1127 2198 1192 2235 13.
1223 2196 1461 2248 fragmentis
1490 2195 1592 2234 nihil
1624 2194 1863 2233 decernitur.

1042 2323 1125 2364 160

475 2405 524 2446 τὸ
557 2405 639 2446 σὸν
670 2406 880 2447 ταπεινὸν
912 2404 968 2448 ἂν
1001 2407 1056 2448 σὺ
1089 2405 1324 2462 σεμνύνῃς,
1356 2405 1492 2447 καλὸν

475 2474 556 2526 ἔξω
588 2483 806 2531 φανεῖται,
839 2475 932 2532 φίλ’
969 2478 1092 2533 ἄνερ·
1126 2475 1181 2519 ἂν
1214 2475 1253 2518 δ’
1291 2476 1422 2526 αὐτὸς
1453 2481 1582 2531 ποιῇς

474 2547 683 2589 ταπεινὸν
716 2547 822 2590 αὐτὸ
854 2547 926 2590 καὶ
957 2552 1088 2604 τιθῇς
1119 2547 1168 2590 ἐν
1199 2548 1372 2602 μηδενί,

473 2619 635 2667 οἰκεῖος
667 2614 797 2669 οὗτος
828 2619 1075 2674 κατάγελως
1105 2620 1339 2674 νομίζεται.
1395 2630 1398 2632 ·

412 2704 607 2743 Stobaeus
634 2704 770 2743 Floril.
799 2707 865 2755 22,
894 2707 946 2745 29
993 2704 1242 2756 Μενάνδρου
1264 2700 1620 2757 Ἐπαγγελλόμενος
1639 2704 1686 2742 Α.
1731 2692 1873 2756 εἰσαγὲ

293 2761 522 2814 γελλόμενος
560 2763 673 2802 Voss.
738 2767 773 2803 1.
812 2762 862 2803 ἂν
907 2778 982 2804 om.
1020 2765 1068 2803 A.
1130 2762 1197 2814 σὺ]
1243 2762 1291 2802 οὐ
1337 2764 1448 2803 Voss.
1491 2764 1612 2802 Hens.
1663 2762 1859 2818 σεμνύνῃς

293 2821 503 2872 Ephemer.
534 2822 615 2861 Ien.
645 2825 758 2862 1828
784 2837 823 2862 n.
858 2822 960 2874 148]
995 2822 1181 2878 σεμνύνῃ.
1245 2825 1283 2861 3.
1313 2826 1437 2870 τιθεῖς
1469 2823 1516 2862 A.
1554 2844 1601 2850 -
1640 2825 1676 2861 1.
1713 2820 1755 2860 τὸ
1787 2820 1859 2860 σὸν

292 2880 496 2932 ταπεινόν,
534 2881 559 2920 i.
591 2895 623 2920 e.
659 2883 840 2922 humilem
878 2887 985 2922 tuam
1024 2884 1279 2922 condicionem
1317 2883 1351 2921 si
1388 2884 1554 2921 honeste
1586 2883 1626 2920 et
1666 2893 1856 2932 generose

293 2941 397 2979 feres
423 2970 432 2978 .
452 2970 461 2979 .
482 2969 491 2979 .
518 2944 657 2979 eontra
688 2944 723 2980 si
754 2954 839 2981 eam
868 2944 951 2991 ipse
974 2942 1082 2982 vitae
1114 2942 1336 2992 agendique
1361 2942 1516 2980 rabione
1543 2942 1856 2980 contemnendam
