2014 3334
612 245 935 279 PAmzoumm
962 264 1005 270 -
1034 244 1310 279 ΣῙΚΊὫΝΙΟΣ
1670 243 1753 286 127

167 361 237 402 79.
269 360 341 400 80.
376 379 427 386 -
462 360 751 398 commemorat
781 357 1005 407 Sicyonium
1035 357 1218 408 Alciphr.
1251 360 1296 408 2,
1329 359 1373 408 4,
1410 360 1462 399 19
1501 351 1645 412 (exsor.
1678 358 1754 397 sub

165 419 232 466 tit⁴
256 411 604 472 Ἐστιτρεπόντων).
636 418 717 458 fuit
747 417 871 458 etiam
901 417 1084 457 Alexidis
1116 417 1258 458 fabula
1287 418 1549 470 cognominis.

917 534 1005 577 438

597 618 757 676 ἅβραν-
773 618 859 675 γὰρ
892 617 1233 674 ἀντωνούμενος

381 689 610 748 ἐρωμένην
642 690 754 747 αὐτῇ
786 687 869 746 μὲν
901 689 957 733 οὐ
988 687 1210 746 παρέδωκ’
1247 691 1378 747 ἔχειν,

383 761 537 820 τρέφει
569 759 619 806 δὲ
648 763 798 819 χωρίς,
831 761 891 813 ὡς
922 760 1168 817 ἐλευθέραν
1198 761 1366 819 πρέπει.

287 850 434 891 Suidas
464 846 589 902 ἅβρα·
621 846 866 901 Μένανδρος
898 878 908 888 .
939 878 950 888 .
981 878 992 889 .
1023 848 1238 906 Σικυωνίῳ
1269 852 1347 889 κτλ.
1423 852 1459 888 1.
1490 848 1581 902 ἅβρ.
1614 848 1752 900 Mein.]

168 909 237 952 καὶ
266 909 356 964 ἅβρ.
431 912 470 950 2.
501 908 622 966 ταύτῃ
655 908 845 962 Clericus.
919 911 958 950 3.
989 906 1124 961 τρέφει
1158 931 1208 936 -
1244 906 1461 962 ἐλευθέραν
1497 910 1620 951 Dobr.
1651 911 1752 950 Adv.

167 965 214 1010 11'
242 970 346 1022 278]
380 967 539 1023 τρέφειν
574 991 624 998 -
660 966 862 1025 ἐλευθέρα.
896 969 944 1009 de
976 966 1081 1025 ἅβρα
1113 970 1161 1009 cf.
1195 971 1262 1010 64.

915 1085 1003 1130 439

382 1169 716 1228 εὐλοιδόρητον,
749 1170 809 1222 ὡς
838 1171 970 1226 ἔοικε,
1002 1171 1209 1227 φαίνεται

381 1243 432 1286 τὸ
463 1248 545 1286 τοῦ
577 1243 850 1300 στρατιώτου
883 1248 1026 1299 σχῆμα
1058 1241 1131 1285 καὶ
1162 1243 1214 1286 τὸ
1245 1248 1326 1285 τοῦ
1359 1241 1501 1295 ξένου.

287 1330 485 1370 stobaeus
516 1331 654 1370 Floril.
688 1332 764 1383 53,
797 1332 823 1371 3
867 1329 1119 1382 Μενάνδρου
1150 1330 1365 1387 Σικυωνίῳ
1405 1310 1570 1384 (σικυῶ)
1604 1332 1650 1371 Α.
1720 1336 1754 1370 1.

0 1393 5 1427 ἱ
173 1388 464 1443 εὐλοιδώρητον
496 1391 612 1431 Voss.
644 1390 767 1430 Heus.
799 1390 917 1430 miles
948 1392 1037 1430 erat
1066 1390 1347 1440 Stratophanes
1378 1392 1425 1430 fr.
1458 1393 1556 1430 442.

918 1507 1007 1550 440

353 1616 357 1619 »
382 1590 408 1634 ὁ
439 1589 587 1634 πλέων
617 1592 833 1648 κατήχθη,
864 1579 1038 1648 κρίνεθ’
1075 1587 1206 1642 οὗτος
1236 1590 1465 1647 πολέμιος·

382 1662 462 1707 ἐὰν
493 1660 535 1706 δ’
570 1664 647 1721 ἔχῃ
678 1678 721 1707 τι
752 1664 968 1720 μαλακόν,
1000 1662 1303 1721 ἄγγαρεύεται.

288 1750 434 1790 Sujdas
465 1747 633 1804 ἅγγαροι
652 1781 662 1790 .
677 1782 685 1789 .
700 1780 710 1790 .
729 1749 797 1790 καὶ
826 1749 1122 1805 ἀγγαρεύεσθαι
1151 1753 1344 1791 καλοῦσιν
1376 1750 1506 1803 ὥσπερ
1530 1748 1645 1802 ἡμεῖς
1674 1757 1752 1791 νῦν

169 1809 211 1851 τὸ
243 1810 300 1859 εἰς
330 1810 552 1864 φορτηγίαν
589 1809 656 1850 καὶ
691 1810 880 1863 τοιαύτην
910 1810 999 1851 τινὰ
1036 1809 1256 1864 ὑπηρεσίαν
1294 1808 1476 1865 ἄγεσθαι.
1537 1810 1604 1851 καὶ
1635 1809 1750 1851 Μέν-

169 1871 317 1923 ανδρος
352 1869 418 1910 καὶ
451 1876 567 1912 τοῦτο
600 1870 644 1911 έν
673 1871 889 1928 Σικυωνίῳ
926 1871 1163 1924 παρίστησιν
1193 1874 1271 1911 κτλ.
1354 1874 1391 1910 2.
1425 1867 1461 1910 δ’
1497 1872 1586 1911 add.
1619 1872 1751 1912 Bentl.

169 1927 373 1984 ‘aspellam
408 1933 445 1971 si
481 1945 599 1981 quam
634 1944 763 1972 semem
793 1927 961 1976 detulit?
991 1932 1035 1971 in
1065 1935 1189 1983 portu
1221 1927 1329 1980 ‘fisco
1360 1928 1587 1971 damnatur'
1621 1933 1751 1971 Bentl.

169 1990 343 2043 Hesych.
368 1986 643 2045 ἀγγαρεύεται·
674 1988 745 2031 ὑπ’
767 1990 1021 2045 ἀγγαρευτῶν
1037 1990 1247 2043 κατέχεται.
1288 1991 1462 2031 Bekker.
1481 1992 1630 2031 Anecd.
1652 1993 1751 2043 325,

171 2053 196 2090 5
230 2048 403 2105 ἅγγαρος
433 2080 445 2092 .
469 2081 480 2091 .
505 2081 516 2091 .
546 2050 655 2104 παρὰ
685 2054 768 2100 τοῖς
799 2051 1018 2104 βαρβάροις
1050 2049 1071 2091 ὅ
1101 2051 1291 2103 δημόσιος
1322 2051 1655 2104 γραμματοφόρος
1681 2048 1750 2104 (cs.

171 2111 396 2152 Blomfield.
423 2113 573 2163 AAesch.
604 2113 681 2163 Ag.
716 2107 844 2165 273),
888 2110 987 2152 ὅθεν
1030 2110 1324 2166 ἀγγαρεύεσθαι
1366 2110 1409 2150 τὸ
1453 2111 1510 2158 εἰς
1555 2112 1752 2163 δημοσίαν

0 2146 9 2237 ἰ
171 2171 303 2223 χρείαν
333 2169 555 2223 ὑπηρετεῖν.
598 2175 640 2212 et
670 2175 719 2211 11
745 2172 896 2212 τίθεται
928 2169 970 2212 δὲ
1003 2202 1012 2211 .
1045 2202 1055 2211 .
1086 2202 1097 2212 .
1127 2170 1196 2212 καὶ
1227 2170 1291 2212 ἐπὶ
1321 2176 1412 2211 τῶν
1443 2176 1525 2211 τοῦ
1556 2170 1751 2223 λιμένος

0 2238 10 2261 ¹
169 2233 542 2284 παραφυλακῶν.

918 2314 1003 2356 441

0 2367 11 2454 Ξ
458 2396 569 2452 κακὴ
601 2394 684 2452 μὲν
714 2397 830 2451 ὄψις,
863 2395 913 2440 έν
944 2394 994 2440 δὲ
1026 2398 1217 2440 δείλαιαι
1249 2395 1421 2453 φρένες.

0 2466 9 2505 3
86 2487 88 2489 ’
291 2482 460 2523 Photius
491 2487 534 2523 et
559 2483 704 2523 Suidas
733 2481 837 2535 κακὴ
869 2480 942 2535 μὲν
973 2481 1086 2535 ὄψις·
1116 2482 1250 2535 κόμμα
1279 2483 1496 2535 παροιμίας
1526 2485 1603 2522 κτλ.
1636 2480 1749 2521 Μέν-

0 2511 15 2635 i
173 2542 319 2595 ανδρος
349 2543 575 2600 Σικυωνίῳ.
637 2544 785 2584 omisso
824 2544 1000 2583 auctoris
1038 2545 1279 2595 fabulaeque
1316 2544 1476 2583 nomine
1513 2543 1749 2594 Diogenian.

176 2605 216 2652 5,
250 2604 319 2643 89.
369 2603 512 2654 Apost.
545 2606 585 2654 9,
617 2605 671 2643 23
706 2599 883 2660 (δειλίᾳ).
945 2604 995 2643 cf.
1027 2604 1199 2643 Philem.
1233 2605 1301 2643 21.

0 2665 14 2755 {i
920 2722 1008 2764 442

345 2801 660 2859 Στρατοφάνη,
690 2804 816 2847 λιτόν
846 2801 943 2847 ποτ’
979 2800 1092 2860 εἶχες
1122 2803 1370 2859 χλαμύδιον
1398 2800 1473 2845 καὶ
1504 2798 1627 2844 παῖδ’
1661 2801 1751 2845 ἕνα.

295 2890 467 2929 Photius
497 2889 782 2942 Στρατοφᾶνη·
813 2889 886 2942 τὴν
917 2888 1106 2942 κλητικὴν
1136 2894 1296 2928 πτῶσιν.
1358 2886 1603 2940 Μένανδρος
1627 2891 1751 2928 Σικυ-

175 2949 282 3006 ωνίῳ
306 2952 383 2990 κτλ.
427 2947 507 2989 καὶ
537 2947 612 2989 ἀεὶ
642 2949 793 2998 οὕτως
823 2949 947 3004 λέγει
980 2946 1276 3003 (Μένανδρος).
1319 2962 1392 3000 per
1415 2951 1545 2989 totam
1571 2950 1749 2988 fabulam
