2014 3334
538 229 904 266 ΚΑΤΑΛΟΓΑΔΗΝ
929 227 1452 263 ΜΕΊῈΣΧΗΜΑΤΙΣΜΕΝΑ
1694 224 1777 267 671

204 341 332 396 (τίδ’
373 342 447 384 ἕκλ.
479 349 558 383 τῶν
587 356 630 383 π.
654 355 685 382 τ.
713 338 788 396 γ.);
824 336 829 396 Ι
864 339 948 395 οὐχ
978 335 1079 392 ’ἧψα
1111 340 1259 396 δᾷδας
1290 337 1366 379 οὐκ
1398 334 1588 391 (fortasse
1620 333 1780 390 καύτὸς)

205 403 629 458 ἒστεφανωσάμην;
669 434 679 443 .
711 433 719 442 .
751 433 760 442 .
796 401 802 454 Ι
835 400 920 455 οὐχ
963 400 1175 441 εἱστίασα
1210 399 1321 447 τοὺς
1363 399 1555 450 φίλους;
1599 401 1688 438 ποῖ
1725 396 1782 449 δή

203 480 273 519 μοι
301 470 422 506 ταῦτα
453 459 514 517 (π.
546 461 596 514 δὴ
628 457 760 516 τάδε);
891 515 893 517 ¹

328 526 380 565 18
419 526 522 571 ταῖς
557 522 849 574 νουμηνίαις
881 521 888 572 Ι
922 520 1048 578 νόμῳ
1079 517 1151 572 μὲν
1182 518 1361 567 πόλεως
1393 516 1620 571 ἕθύομεν·
1663 522 1782 559 νοῦν

205 581 242 626 δ’
278 583 365 626 οὐκ
395 582 520 636 ἔχειν
547 579 553 634 Ι
581 580 889 634 ἠπιστάμεθα
921 575 1118 636 (-μεσθα)
1150 578 1236 631 τὴν
1266 579 1545 631 θεραπείαν.

327 645 428 694 166,
462 645 516 683 26
562 640 605 682 ἕν
647 641 722 695 γὰρ
766 639 816 693 δὴ
859 644 941 689 τοῖς
983 643 1142 688 πολλοῖς
1176 639 1183 688 Ι
1215 637 1389 687 καύτὸς
1426 637 1724 691 ἐκαλούμην,
1761 635 1782 677 ὃ

203 703 436 759 πρότερον
473 701 620 755 μόνος
657 700 784 757 μόνῳ
818 700 825 750 Ι
858 701 1029 748 συζῶν·
1068 698 1335 751 ὑπήκουσα,
1376 697 1442 738 καὶ
1479 697 1627 738 κακὸν
1664 696 1783 738 ἑκὼν

205 761 394 819 (fortasse
426 758 510 803 ἀλλ’
546 759 647 802 ἑκὼν
678 776 714 801 κ.
745 757 864 815 μέγα)
892 760 898 810 Ι
926 759 1276 812 ἕπεσπασάμην.
1330 757 1383 806 ὡς
1413 757 1489 812 γὰρ
1521 758 1782 811 εἰσῆλθον...

204 822 339 877 ἑώρων
357 820 594 875 ἡμικύκλιον
613 818 905 873 ἠσκημένον·
933 820 940 871 Ι
966 820 1175 872 τάπητας
1201 817 1278 859 ἐπὶ
1302 818 1523 870 βάθρων,
1549 818 1783 870 τράπεζαν

203 883 244 932 ἐξ
274 882 481 938 ἀργύρου
514 877 731 937 (ἀργυρᾶν)
760 876 787 936 Ι,
818 879 1190 934 τραπεζοποιούς
1221 874 1298 934 (sic
1312 873 1380 932 E),
1406 875 1621 930 ὀψοποιόν,
1653 877 1784 918 οἰνο-

203 943 346 996 χόους
382 939 498 997 (add.
529 936 620 996 καὶ)
659 941 898 994 χρυσίδας.
980 942 1085 991 167,
1120 942 1174 980 1Ο
1212 936 1488 978 ἀναστένων
1525 935 1699 992 ’ἤλεγξα
1735 937 1783 978 τὸ

203 1003 380 1054 πάθος,
429 1001 551 1042 ὥστε·
593 1000 671 1041 καὶ
710 1000 717 1050 Ι
755 998 932 1054 γέλωτα
981 1003 1212 1052 παρεῖχον
1254 1002 1352 1046 τοῖς
1396 998 1662 1050 συμπόταις
1703 995 1783 1049 ἤδη

202 1062 476 1115 μεθύουσιν
514 1057 713 1117 (fortasse
743 1058 821 1115 γέλ.
858 1064 949 1113 μεθ.
980 1058 1164 1112 παρέχειν
1195 1074 1226 1098 τ.
1259 1055 1323 1112 σ.).
1359 1058 1365 1108 Ι
1399 1053 1452 1110 ἧν
1488 1057 1574 1111 γὰρ
1607 1057 1656 1109 δὴ
1690 1088 1700 1097 .
1734 1090 1741 1097 .
1775 1088 1784 1096 .

201 1128 431 1180 τοσοῦτος
462 1117 595 1170 οἶνος
625 1120 739 1161 ὅσον
769 1135 843 1174 περ
873 1120 1003 1172 ὕδωρ
1035 1117 1120 1175 (καὶ
1139 1136 1174 1173 γ.
1193 1130 1273 1159 τοσ.
1294 1114 1368 1159 οἶν.
1396 1117 1492 1158 ὅσον
1516 1117 1580 1158 ῢδ.
1599 1113 1785 1173 παρῆν).Ι

203 1182 485 1236 αὐλητρίδες
516 1179 833 1232 τούντεῦθεν,
858 1179 924 1220 καὶ
944 1176 1045 1235 (αἷς)
1073 1178 1359 1232 ηὐλούμεθα
1386 1178 1393 1227 Ι
1420 1176 1530 1231 μέχρι
1549 1177 1684 1231 πόρρω
1703 1193 1783 1218 που

204 1249 283 1283 τῶν
314 1248 482 1283 νυκτῶν.
731 1282 736 1292 Ι,

327 1305 422 1353 168,
457 1304 510 1342 18
553 1299 602 1341 ἐν
638 1299 726 1354 γὰρ
763 1299 1034 1353 ἀλλοτρίοις
1070 1302 1236 1347 κακοῖς
1270 1299 1275 1348 Ι
1309 1297 1365 1338 ού
1403 1297 1608 1350 χαλεπὸν
1646 1298 1784 1351 πορί-

205 1367 385 1403 σασθαι
415 1361 588 1415 λόγους
619 1359 871 1413 εὐπρεπεῖς
902 1356 972 1415 (οὔ
1003 1375 1063 1400 τοι
1093 1373 1133 1399 π.
1159 1375 1190 1412 χ.
1217 1357 1327 1411 εὐπρ.
1354 1353 1420 1413 λ.).
1449 1357 1454 1408 Ι

326 1425 422 1474 169,
449 1424 474 1462 8
508 1420 628 1462 οὕτω
662 1418 710 1460 δὲ
731 1416 841 1474 (add.
861 1418 910 1471 δὴ
932 1434 979 1460 ex
998 1418 1058 1473 M)
1084 1417 1161 1459 καὶ
1192 1417 1310 1473 πρὸς
1339 1417 1392 1458 τὰ
1419 1412 1780 1477 δυσχερέστεραΙ

202 1488 292 1523 τῶν
334 1481 624 1535 πραγμάτων
671 1479 865 1533 ἔχουσιν
913 1479 1184 1532 ἅνθρωποι·
1233 1481 1333 1526 τοῖς
1375 1475 1460 1530 μὲν
1504 1476 1785 1517 δεινότατον

203 1538 329 1583 εἶναι
360 1541 501 1582 δοκεῖ
524 1540 653 1595 φυγή
681 1538 842 1594 (δοκεῐΙ
869 1543 950 1588 τοῖς
974 1555 1015 1592 μ.
1040 1555 1083 1591 φ.
1111 1539 1145 1580 δ.
1171 1533 1312 1593 εἶναι),
1338 1541 1462 1578 τοῖσι
1489 1535 1537 1576 δὲ
1565 1538 1571 1587 Ι
1599 1535 1785 1589 ἀτιμία,

203 1606 359 1643 τοῖσιν
385 1599 434 1641 δὲ
461 1599 692 1653 δήμευσις
719 1597 910 1655 (fortasse
936 1614 966 1639 τ.
993 1597 1036 1638 δὲ
1060 1598 1271 1652 χρημάτων
1295 1598 1416 1638 πάλιν
1439 1593 1443 1653 Ι
1467 1593 1590 1650 δήμ.).
1644 1600 1695 1637 15
1724 1596 1784 1648 μή

204 1678 285 1715 μοι
314 1659 592 1714 νομοθέτει,
622 1660 747 1700 τίσιν
778 1658 941 1713 ἀλγεῖν
973 1656 1146 1714 (ἑπαλγ.)
1178 1656 1316 1706 ἄξιον
1349 1658 1356 1707 Ι
1391 1690 1398 1697 .
1425 1689 1434 1697 .
1461 1688 1470 1697 .
1502 1663 1587 1705 πῶς
1619 1656 1668 1697 οὐ
1701 1655 1785 1709 σχέ-

202 1726 310 1763 τλιον
337 1720 403 1774 ἐμὲ
428 1719 500 1774 μὲν
525 1723 578 1777 τῷ
597 1720 722 1760 πάθει
741 1717 959 1771 πιέζεσθαι,
983 1718 1032 1758 τὸ
1059 1716 1102 1758 δὲ
1126 1721 1185 1775 τῷ
1210 1717 1478 1758 πεπονθότι
1499 1711 1504 1771 Ι
1527 1715 1645 1770 μέγα
1671 1712 1781 1771 (add.

205 1777 341 1838 τοῦτο)
373 1779 545 1834 μικρὸν
576 1784 674 1828 τοῖς
705 1778 975 1819 ἀκούουσιν
1007 1779 1190 1828 δοκεῖν;

329 1844 425 1894 172,
460 1843 513 1881 15
559 1838 618 1888 ὡς
661 1840 828 1881 τοίνυν
870 1834 953 1890 ἧκε
991 1833 1081 1891 (ἧκε
1106 1834 1156 1892 τ.)
1194 1837 1394 1890 φερόμενα
1436 1836 1488 1876 τὰ
1532 1836 1658 1890 παρὰ
1703 1843 1785 1889 τῆς

205 1902 366 1955 τύχης,
396 1901 441 1941 τί
468 1899 522 1953 μὴ
550 1897 638 1955 (ού)
667 1897 672 1953 Ι
699 1896 793 1953 παρ’
822 1896 928 1951 ἡμᾶς
959 1897 1202 1940 εἰσέπεσεν
1234 1898 1384 1946 οὕτως
1415 1896 1573 1951 ἔγγύς;
1608 1896 1695 1937 οὐκ
1726 1892 1785 1949 ἦν

205 1962 412 2010 εἴσοδος;
441 1964 448 2007 Ι
475 1991 485 2000 .
505 1991 514 1999 .
534 1992 543 2001 .
569 1957 915 2016 κεκλῃσμέναις
939 1957 1126 2011 ἐνέτυχε
1151 1961 1253 2006 ταῖς
1279 1953 1389 2013 (add.
1410 1953 1541 2011 ἐμαῖς)
1567 1954 1783 2011 θύραιςςΙ

207 2021 293 2063 οὐκ
324 2021 468 2062 ἔστιν·
500 2017 595 2060 ἀλλ’
631 2018 718 2060 οὐκ
749 2015 858 2060 οἶδα
888 2019 933 2059 τί
961 2017 1204 2073 δεδρακὼς
1236 2014 1346 2072 (add.
1378 2015 1453 2071 ἐγὼ
1481 2017 1487 2067 Ι
1515 2013 1645 2070 ταῦτ’)
1678 2015 1785 2069 ἠδί-

206 2097 366 2135 κημαμ

331 2143 427 2190 175,
460 2143 515 2181 20
554 2139 632 2180 διὰ
667 2145 758 2180 τῶν
795 2137 1015 2191 ὀμμάτων
1043 2139 1048 2188 Ι
1077 2136 1207 2187 ὀξεῖά
1243 2153 1300 2185 τις
1327 2132 1462 2191 (ὀξεῖ’)
1495 2134 1646 2188 ὀδύνη
1678 2137 1786 2176 κάτ-

207 2214 330 2243 εισιν
367 2201 434 2249 εἰς
470 2198 555 2252 τὴν
591 2200 795 2253 καρδίαν
829 2196 835 2253 Ι
863 2229 872 2238 .
899 2229 908 2238 .
935 2232 943 2239 .
966 2198 1248 2251 τριώροφον
1279 2196 1366 2251 γὰρ
1398 2195 1620 2250 ἑκάτερος
1651 2194 1786 2248 ἡμῶν

209 2258 285 2316 (τρ.
309 2259 377 2315 ήμ.
403 2259 457 2301 ἓκ.
482 2259 536 2314 γ.)
568 2260 727 2300 οἰκίαν
759 2261 766 2309 Ι
801 2259 938 2300 οἰκεῖ·
988 2257 1064 2298 κᾶν
1096 2257 1366 2310 ἀφυπνισθῶ,
1402 2255 1561 2309 θέαμα
1598 2262 1787 2309 πρῶτον

207 2320 233 2374 ἡ
265 2327 347 2362 τοῦ
378 2321 594 2375 γείτονος
621 2321 627 2370 Ι
655 2318 802 2372 χλιδή.
864 2318 930 2358 καὶ
960 2321 1242 2374 προαπαντᾷ
1274 2323 1352 2358 τῶν
1383 2315 1524 2358 ἄλλων.

330 2384 432 2432 176,
465 2383 492 2420 4
524 2379 674 2420 οὐκοῦν
716 2377 876 2432 ἑτέρωσε
919 2377 1072 2431 βέλτιον
1115 2380 1335 2431 μεταβῆναι
1371 2407 1382 2417 .
1414 2407 1423 2416 .
1461 2376 1579 2428 καλή
1617 2391 1666 2430 γε
1697 2382 1787 2416 τῶν

209 2441 521 2494 ἀτυχημάτων
559 2440 684 2487 ἴασις
715 2435 768 2494 (κ.
794 2436 830 2492 γ’
867 2439 969 2487 ἴασις
1004 2444 1083 2478 τῶν
1114 2437 1172 2478 ἀτ.
1210 2432 1334 2491 ἕμοί)·
1399 2440 1451 2476 12
1490 2435 1661 2476 λοιπὸν
1701 2431 1788 2475 οὖν

209 2501 290 2542 τὸν
333 2498 465 2541 οὐδέν
513 2515 603 2552 μου
649 2495 743 2554 (οὐκ
786 2496 908 2552 ἐμοῦ)
954 2498 961 2548 Ι
1006 2497 1237 2551 πρότερον
1286 2496 1464 2549 ἀμείνω
1508 2495 1627 2547 τάμὰ
1669 2495 1786 2547 πριά-

209 2576 332 2614 μενον
362 2559 490 2614 ἔχειν
522 2555 629 2613 (τᾶμ’
664 2554 784 2614 ἔχειν)
818 2557 896 2598 καὶ
927 2555 1117 2612 (fortasse
1138 2559 1225 2597 add.
1247 2554 1316 2610 δὴ)
1349 2556 1490 2609 λόγον
1518 2557 1524 2605 Ι
1553 2555 1601 2595 ἐν
1632 2559 1788 2595 τοῖσιν

211 2620 543 2675 ἐργαστηρίοις
575 2614 702 2659 εἶναι
732 2618 902 2659 πολύν·
930 2618 936 2668 Ι
965 2614 1002 2658 ‘6
1041 2613 1159 2657 δεῖν’
1191 2613 1411 2656 ἀπέδοθ’·
1451 2614 1472 2655 ὅ
1505 2612 1620 2655 δεῖν’
1658 2614 1787 2666 ἐπρί-

212 2677 323 2721 ατο’.
375 2683 428 2720 18
456 2682 632 2719 πωλεῖν
658 2678 818 2731 δεήσει
843 2677 987 2718 πάλιν
1005 2673 1114 2731 (πάλ.
1137 2672 1141 2731 Ι
1163 2679 1309 2717 πωλεῖν
1335 2671 1390 2730 δ.)
1410 2674 1486 2714 καὶ
1513 2675 1788 2727 μεταπηδᾶν

156 2764 165 2781 ι
211 2740 380 2781 ἄλλοσε
404 2768 414 2779 .
436 2769 446 2779 .
466 2769 476 2779 .
501 2738 664 2779 δεινόν
694 2753 799 2778 τινα
829 2743 1003 2778 τοῦτον
1034 2735 1244 2788 πόλεμον
1275 2731 1488 2788 ἐξεύρηκ’
1524 2733 1632 2786 ἐμοί
1662 2730 1786 2789 (ἐξεύ-

212 2815 306 2854 ρηκε
337 2815 404 2852 μοι
436 2795 504 2852 Β)·
533 2800 538 2847 Ι
568 2794 677 2853 (add.
707 2798 747 2838 τί
772 2796 886 2852 γάρ;)
924 2796 1068 2837 πάλιν
1104 2794 1189 2848 τὴν
1226 2796 1385 2836 οἰκίαν
1422 2790 1782 2849 ἀποδώσομαιςΙ

212 2859 278 2901 καὶ
308 2860 452 2900 πάλιν
485 2854 674 2912 (fortasse
704 2872 746 2898 π.
771 2872 810 2897 τε
840 2853 963 2911 τάμὰ)
996 2855 1344 2910 σκευαγωγήσω
1377 2851 1486 2907 (add.
1519 2850 1691 2908 φέρων);

334 2922 432 2976 179,
467 2921 520 2958 15
553 2916 822 2972 ἀνοιγνύτω
853 2931 922 2965 τις
953 2919 1052 2964 τοῖς
1082 2914 1254 2967 πένησι
1285 2913 1368 2966 τὴν
1400 2912 1524 2953 ὁδόν.
