2014 3334
841 243 1139 279 ΜΙΣΟΓΤΝΗΣ
1727 245 1785 287 95

199 354 336 409 Clam„
367 356 585 408 probatum
605 355 876 397 Herwerdeno
899 354 993 398 obs.
1014 356 1102 396 orit.
1128 358 1209 395 122
1232 357 1333 396 conl.
1356 356 1514 408 [Iseon]
1542 360 1577 410 1,
1604 359 1656 397 21
1688 360 1786 397 extr.

199 417 237 457 5.
271 414 323 456 ἂν
355 429 431 457 om.
451 416 568 456 Voss.
590 415 703 456 Stob.
724 417 821 456 105.
854 412 975 456 οὐδὲν
1000 414 1053 466 B]
1083 413 1222 456 οὐθὲν.
1265 415 1434 468 Σιμύλε]
1463 412 1494 456 ὦ
1514 415 1654 469 Δημέα
1675 419 1786 458 Stob-

202 477 286 517 105
319 470 370 528 (ὦ
391 489 467 516 om.
491 472 557 531 Β).
596 475 758 528 Δημύλε
776 476 896 515 Mein.
961 478 999 517 6.
1032 474 1107 532 ὅτῳ
1128 475 1259 526 Grot]
1293 475 1407 517 όπου.
1439 475 1483 517 ἐν
1510 470 1541 534 ᾧ
1562 477 1786 518 Stob.105.

198 536 248 576 cf.
281 535 418 576 Cobet.
452 537 501 576 N.
535 537 562 575 l.
594 538 650 577 88
684 531 850 591 (Mnem.
870 549 961 576 nov.
984 535 1023 574 II
1050 517 1136 576 433
1171 535 1245 592 ὅτῳ
1277 534 1330 588 μὴ
1364 535 1431 576 καὶ
1460 536 1586 577 κακὸν
1605 536 1791 590 πρόσεστί

194 591 262 650 τι).
292 611 328 636 τι
347 609 424 636 om.
443 596 561 637 Voss
617 598 656 636 8.
688 611 731 636 εν
751 594 830 636 ἐστι
848 596 887 636 A
905 596 1103 648 probante
1125 597 1245 636 Mein.
1265 596 1303 634 V
1327 598 1422 636 104.
1455 612 1490 636 τι
1509 598 1542 636 Β
1557 597 1692 649 Voss]
1714 613 1784 638 τοι.

198 657 237 697 8.
271 659 295 697 9
329 653 373 695 εν
405 654 488 696 ἐστί
514 671 574 696 τοι
606 654 765 709 ἀγαθὸν
797 652 866 696 ἀπ’
903 654 1026 708 αὐτῆς
1059 655 1183 708 δῆλον
1215 655 1260 695 O.
1288 657 1420 696 Hense
1453 658 1563 697 Lect.
1585 657 1696 697 Stob.
1718 660 1786 698 31.

195 714 271 769 ἔχει
302 715 341 755 τί
367 731 428 756 τοι
464 712 468 771 Ι
504 714 663 770 ἀγαθὸν
694 712 764 756 ἀπ’
799 715 923 768 αὐτῆς
953 722 1032 764 πᾶς
1062 731 1120 764 τις
1152 714 1284 756 ἐλθὼν
1309 719 1387 755 κτλ.
1429 717 1569 759 Heims
1574 718 1678 758 oeth.
1699 718 1786 757 Ind.

194 776 321 816 Bonn.
358 778 470 816 1867
517 778 756 817 aest.xn11.
812 777 985 816 fortasse
1030 772 1098 815 ἀπ’
1147 774 1270 828 αὐτῆς
1314 770 1471 824 αυθις.
1539 791 1633 816 nam
1677 779 1786 817 liberi

196 837 358 887 quidem
389 849 462 877 nec
481 837 599 877 bene
614 838 679 876 hic
712 836 1014 889 coniunguntur
1045 849 1138 876 cum
1164 837 1308 876 ceteris
1339 837 1587 876 matlimonii
1607 850 1783 877 commo-

196 897 258 936 dis
283 909 414 948 neque
440 897 605 937 fuerunt
629 897 711 936 illis
737 897 989 948 temporibus
1015 894 1174 950 ἀγαθὸν
1198 895 1554 949 ἀναμφισβήτητον
1576 891 1643 950 (cf.
1665 893 1786 951 418).

199 959 266 997 10.
297 955 365 996 τὸν
396 953 533 1009 ἔχονθ’
569 954 730 1009 ἑαυτὴν,
761 959 960 1002 maritum,
993 957 1199 997 Herwerd.
1232 957 1337 998 Nov.
1357 957 1446 997 add.
1469 958 1556 998 crit.
1578 959 1647 998 39.
1719 960 1785 997 12.

196 1015 270 1070 ὅρα
289 1015 341 1067 Β]
364 1013 450 1073 ὁρᾷ.
514 1019 581 1057 14.
603 1013 640 1057 δ’
663 1015 849 1073 ἐκλέγῃΑ
871 1016 975 1068 108]
998 1014 1041 1057 δὲ
1060 1014 1356 1073 λέγῃςΑἶΤοεε.
1381 1019 1448 1058 69.
1515 1020 1581 1058 16.
1613 1017 1786 1070 προσδο-

195 1074 386 1129 κωμένων
410 1058 512 1129 108]
535 1075 862 1131 προσλεγομένων
878 1079 947 1118 69.
973 1075 1302 1131 προσγενομένων
1322 1078 1438 1118 Voss.
1460 1079 1528 1119 69.
1559 1080 1786 1132 προσλελεγ-

196 1134 328 1189 μένων
357 1137 392 1176 Β
427 1139 495 1179 69.
546 1135 727 1194 ὀδυνήσῃ
762 1136 865 1189 108]
899 1136 948 1178 οὗ
981 1137 1136 1190 δυνήση
1171 1140 1238 1178 69.

317 1199 355 1237 4.
388 1195 431 1237 ἐν
463 1195 571 1255 αὐτῷ
604 1193 676 1255 (τῷ
706 1179 955 1252 πράγματι)“
945 1213 970 1237 1.
991 1212 1024 1238 e.
1050 1199 1093 1237 in
1117 1199 1404 1239 mafirimonio.
1454 1201 1493 1239 6.
1523 1200 1677 1239 nullam
1701 1211 1784 1238 rem

195 1259 407 1309 inveneris,
445 1260 510 1299 cui
536 1271 614 1298 non
651 1261 741 1299 boni
778 1260 928 1308 aliquid
964 1260 1083 1299 simul
1120 1262 1155 1298 et
1183 1261 1280 1299 mali
1311 1261 1491 1300 innatum
1522 1261 1582 1299 sit.
1645 1259 1783 1311 itaque

196 1320 290 1369 post
320 1316 479 1373 ἀγαθόν
509 1332 589 1359 non
621 1322 709 1359 erat
737 1319 1121 1373 jnterpungendum.

948 1449 1036 1492 326

486 1530 683 1588 ἐθύομεν
715 1530 764 1575 δὲ
795 1532 1004 1598 πεντάκις
1034 1538 1112 1588 τῆς
1143 1531 1322 1590 ἡμέρας,

485 1603 778 1661 ἐκυμβάλιζον
810 1603 849 1647 δ’
889 1603 996 1648 ἑπτὰ
1026 1605 1299 1662 θεράπαιναι
1331 1604 1497 1663 κύκλῳ·

485 1676 535 1719 αί
563 1675 603 1719 δ’
643 1677 880 1729 ὠλόλυζον.

318 1763 463 1804 Strabo
486 1767 524 1816 7,
547 1766 630 1804 297
664 1763 836 1812 ἅπαντες
860 1769 930 1817 τῆς
956 1764 1269 1817 δεισιδαμιονίας
1301 1763 1499 1818 ἀρχηγοὺς
1531 1764 1683 1805 οἴονται
1715 1763 1784 1812 τὰς

196 1826 406 1877 γυναῖκας·
439 1819 555 1864 αὗται
581 1822 624 1864 δὲ
655 1823 722 1864 και
746 1823 840 1872 τοὺς
871 1822 1023 1879 ἄνδρας
1041 1828 1335 1879 προκαλοῦνται
1354 1823 1453 1878 πρὸς
1478 1823 1548 1872 τὰς
1574 1823 1637 1864 ἐπὶ
1661 1823 1783 1864 πλέον
1861 1829 1866 1835 ”

197 1884 413 1936 θεραπείας
444 1890 523 1924 τῶν
554 1888 665 1924 θεῶν
691 1914 700 1924 .
727 1915 736 1924 .
763 1915 773 1925 .
798 1884 867 1924 τὸν
900 1883 942 1925 δὲ
963 1885 1209 1940 Μισογύνην
1235 1883 1337 1925 αὐτὰ
1370 1881 1462 1939 (scr.
1489 1881 1628 1939 ταύτὰ)
1661 1890 1784 1925 ταῦτα

0 1980 6 2002 ,τ
198 1943 432 1996 αἰτιώμενον
477 1939 608 1998 (ποιεῖ
646 1942 910 1999 Μένανδρος)
954 1948 1031 1986 κτλ.
1107 1948 1145 1986 3.
1183 1945 1229 1985 αἱ
1263 1943 1307 1985 δὲ
1339 1948 1435 1985 sunt
1471 1946 1650 1996 reliquae
1682 1959 1783 1997 quae

0 2003 12 2075 ἱ
201 2005 367 2044 aderant
398 2006 598 2044 mulieres.

952 2100 1037 2142 327

835 2182 951 2226 ἕλκει
983 2180 1032 2226 δὲ
1064 2185 1412 2241 γραμματείδιον

486 2252 625 2308 ἐκεῖσε
658 2255 853 2312 δίθυρον
883 2253 958 2298 καὶ
989 2255 1276 2312 παράστασις,
1310 2257 1387 2311 μιά

487 2327 672 2384 δραχμή·

319 2413 619 2464 Harpocraffion
646 2417 816 2467 148,1,
853 2415 1042 2467 Photius,
1081 2415 1226 2455 Suidas
1257 2414 1594 2465 παράστασις..
1629 2412 1707 2452 ἔστι
1740 2410 1781 2452 δὲ

201 2471 352 2525 δραχμὴ
385 2472 708 2526 καταβαλλομένη
741 2473 820 2514 ὑπὸ
850 2480 929 2514 τῶν
962 2473 1230 2527 δικαζομένων
1261 2473 1331 2522 τὰς
1363 2474 1466 2521 ἰδίας
1499 2474 1620 2520 δίκας.
1668 2471 1782 2512 Μέν-

200 2532 346 2585 ανδρος
378 2532 597 2590 Μισογύνῃ
630 2537 707 2573 κτλ.
779 2538 815 2574 1.
847 2535 1153 2588 γραμματείὸιον
1186 2535 1223 2573 N
1256 2533 1397 2584 Harp]
1437 2536 1700 2587 γραμματεῖον
1732 2534 1781 2572 A.

199 2591 445 2646 γραμμάτιον
467 2594 514 2633 B.
545 2594 833 2647 γραμματίδιον
866 2598 939 2634 cet.
972 2598 1013 2634 eb
1045 2596 1162 2634 Phot.
1183 2617 1241 2621 -—
1260 2609 1404 2647 γραμμ.
1438 2596 1499 2633 est
1531 2594 1706 2644 libellus,
1739 2593 1782 2631 in

199 2665 278 2703 quo
311 2655 424 2693 actor
461 2655 503 2693 et
539 2667 685 2694 nomen
722 2668 842 2694 suum
879 2660 920 2694 et,
958 2668 1120 2694 causam
1154 2655 1373 2694 scribebat:
1412 2654 1482 2704 qui
1520 2653 1680 2692 libellus
1711 2666 1780 2691 reo

199 2713 446 2753 tradebatur.
511 2713 680 2767 δίθυρος
724 2717 861 2754 autem
898 2715 1063 2766 dicitur,
1107 2715 1203 2765 quia
1239 2727 1287 2752 ex
1326 2713 1482 2752 duabus
1526 2713 1678 2751 tabulis
1716 2713 1782 2751 vel

200 2771 355 2812 duobus
380 2773 489 2812 foliis
521 2775 746 2814 constabais.
797 2775 898 2814 Poll.
928 2777 995 2826 10,
1016 2777 1070 2814 57
1104 2772 1410 2827 γραμματείδιον
1442 2772 1615 2825 δίθυρον
1647 2769 1674 2824 ἢ
1702 2772 1782 2825 τρί-

199 2845 349 2884 πτυχον
374 2829 401 2884 ἢ
426 2831 492 2871 καὶ
516 2833 712 2873 πλειόνων
742 2840 913 2887 πτυχῶν.
974 2833 1149 2884 Hesyoh.
1178 2833 1370 2884 δίθυρον’
1402 2831 1689 2886 γραμματίδιον
1721 2832 1781 2871 δί-

199 2905 361 2944 πτυχον.
401 2893 509 2931 idem
539 2893 659 2946 θυρίς
679 2924 688 2933 .
708 2923 718 2933 .
738 2924 747 2933 .
767 2894 940 2947 θυρίδας
966 2890 1132 2932 Ἀττικοὶ
1163 2891 1231 2939 τὰς
1257 2898 1335 2931 τῶν
1366 2891 1606 2945 γραμμάτων
1641 2889 1781 2944 (γραμ-

201 2952 369 3004 ματείων
390 2950 637 3008 Hemsterh.)
658 2954 829 3007 ’πτυχάς·
861 2952 927 2994 καὶ
954 2953 1127 3006 δίθυρον
1159 2950 1357 3006 λέγουσιν·
1391 2950 1440 2991 οὐ
1465 2952 1658 3004 τρίθυρον
1684 2950 1781 2991 ἀλλὰ

0 3059 37 3135 'KQ
