2014 3334
275 240 362 283 490
653 250 656 254 <
922 243 1182 277 ΑΔΕΣΠΟΤΑ

1014 351 1102 394 432

1259 412 1351 454 ἔστι
1381 412 1465 468 γὰρ

486 481 539 523 τὰ
569 482 710 524 πολλὰ
741 488 833 532 τοῖς
863 485 1068 524 πολλοῖσι
1098 489 1178 526 τοῦ
1211 484 1394 526 δείπνου
1425 483 1565 540 χάριν.

392 567 573 607 Clemens
605 567 718 607 Alex.
751 568 870 608 Paed.
903 571 942 620 2,
979 571 1015 621 1,
1048 570 1072 609 5
1118 567 1197 608 ἔστι
1227 568 1301 623 γὰρ
1334 567 1387 618 ὥς
1417 568 1579 622 ἀληθῶς
1608 573 1685 611 κτλ.
1748 573 1842 611 πολ-

272 628 373 665 λοῖσι
404 625 555 677 Klotz.]
587 630 756 675 πολλοῖς.

1014 708 1101 751 433
1241 765 1259 773 -

1216 772 1304 825 εἰμι
1334 770 1419 826 γὰρ

486 834 552 881 ἐπ’
589 839 726 883 αὐτὸν
756 840 841 896 ἤδη
873 840 951 882 τὸν
981 843 1219 896 κολοφῶνα
1249 846 1330 883 τοῦ
1361 841 1509 896 λόγου.

392 925 608 976 Gregorius
640 926 757 978 Cypr.
790 927 901 966 Leid.
934 928 977 977 2,
1013 929 1064 966 17
1111 924 1173 966 ἐπὶ
1215 926 1394 980 μεγάλων
1442 925 1509 967 καὶ
1547 925 1841 980 ἀναντιρρήτων

272 983 338 1024 καὶ
378 984 551 1038 μεγάλην
592 985 705 1038 ἰσχὺν
749 985 927 1038 ἐχόντων.
989 985 1185 1039 ἱστόρηται
1223 985 1297 1040 γὰρ
1337 992 1414 1027 τῶν
1458 985 1501 1027 ἐν
1536 983 1647 1043 ’Λσίᾳ
1687 986 1841 1027 πόλεων

272 1043 608 1096 ἐκκλησιαζουσῶν
657 1044 724 1085 καὶ
766 1044 934 1097 ψήφους
976 1043 1327 1098 καταβαλλομένων
1377 1044 1501 1098 μηδὲν
1549 1044 1644 1094 τέως
1695 1046 1842 1099 ἰσχύειν

272 1103 411 1155 αὑτάς,
451 1105 486 1144 εἰ
521 1103 574 1156 μὴ
613 1104 679 1145 καὶ
716 1102 741 1156 ἡ
780 1110 849 1145 τοῦ
893 1107 1137 1156 Κολοφῶνος
1180 1107 1473 1158 καταβληθεῖσα
1514 1104 1556 1146 τὸ
1599 1111 1720 1158 κῦρος
1761 1110 1842 1155 τοῖς

271 1162 560 1216 ἐψηφισμένοις
590 1163 737 1205 ἐδίδου.
789 1179 998 1216 perperam
1029 1166 1266 1206 Leutsohius
1299 1162 1440 1206 ‘scribe
1466 1162 1581 1218 τᾶρ”,
1614 1166 1765 1206 scilicet
1794 1169 1842 1206 ut

271 1225 342 1263 flat
386 1227 476 1264 tetr.
516 1226 640 1264 trooh.
681 1225 818 1264 eadem
855 1225 1036 1276 Append.
1068 1239 1178 1275 prov.
1212 1228 1258 1277 2,
1294 1227 1364 1276 15,
1407 1226 1486 1264 nisi
1529 1226 1634 1276 quod
1675 1226 1842 1276 praebet

271 1279 350 1334 εἶμι
379 1282 453 1336 γὰρ
479 1281 558 1336 ἤδη
584 1280 645 1323 ἐπ’
682 1283 802 1324 αὐτὸν
826 1287 904 1324 κτλ.
955 1284 1121 1336 Gregor.
1140 1286 1323 1324 NazianZ.
1344 1284 1454 1325 Orat.
1474 1285 1494 1323 I
1514 1286 1570 1325 50
1594 1279 1672 1336 εἶμι
1695 1283 1769 1338 γὰρ
1787 1306 1837 1313 -

270 1348 339 1382 τοῦ
371 1342 501 1396 λόγου.
558 1357 627 1383 eur
659 1345 883 1384 comoediae
923 1345 1126 1384 abiudioet
1157 1345 1360 1384 Nauokius
1391 1345 1538 1383 Bullet.
1570 1345 1731 1396 Petrop.
1762 1345 1841 1384 XII

272 1404 355 1442 516
389 1417 468 1442 non
499 1404 630 1443 video:
674 1417 767 1443 nam
806 1404 870 1443 usi
907 1406 1000 1443 sunt
1039 1417 1083 1443 eo
1120 1405 1331 1455 proverbio
1369 1403 1498 1443 multi.
1550 1404 1652 1444 Plat.
1684 1404 1780 1456 Leg.
1814 1407 1837 1443 2

271 1465 369 1501 extr.
403 1457 535 1510 οὗτος.
557 1494 565 1502 .
587 1461 793 1514 ,κολοφὼν
825 1461 886 1502 ἐπὶ
917 1465 990 1519 τῷ.
1018 1462 1138 1520 ,λόγῳ
1170 1461 1332 1516 ῥηθέντι
1364 1462 1548 1515 εἰρήσθω.
1598 1464 1837 1514 Euthydem.

272 1524 387 1561 301e
418 1525 631 1572 κολοφῶνα
662 1521 841 1574 ἐπιτίθης
871 1527 915 1577 τῇ
949 1522 1083 1576 σοφίᾳ,
1114 1524 1184 1562 ubi
1216 1524 1264 1562 ef.
1294 1523 1499 1562 Heindorf.
1526 1522 1690 1562 Aristid.
1719 1525 1755 1574 2,
1783 1525 1837 1562 98

270 1582 404 1620 Dindf.
438 1577 516 1633 εἶμι
547 1578 582 1621 δ’
613 1578 673 1621 ἐπ’
709 1581 830 1621 αὐτὸν
861 1580 939 1633 ἤδη
965 1581 1033 1622 τὸν
1058 1597 1091 1621 κ.
1124 1588 1201 1622 τῶν
1220 1582 1434 1628 Πλάτωνος
1466 1580 1661 1634 ῥημάτων.
1699 1582 1837 1620 Liban.

270 1642 309 1679 II
331 1643 428 1693 541,
449 1643 473 1680 8
508 1641 592 1693 ἥκω
625 1638 660 1681 δ’
691 1638 750 1681 ἐπ’
781 1640 902 1681 αὐτὸν
924 1639 1038 1693 [ἤδη]
1060 1640 1127 1681 τὸν
1158 1645 1369 1692 κολοφῶνα
1401 1646 1492 1680 τῶν
1523 1646 1700 1692 κακῶν,
1731 1640 1838 1692 quod

271 1702 440 1740 fortasse
473 1702 646 1740 alterum
678 1704 739 1741 est
769 1702 1050 1753 fragmentum.
1102 1702 1219 1740 aliter
1243 1701 1550 1740 usitatissimum
1583 1701 1838 1751 proverbium

270 1761 559 1810 interpretatur
590 1761 733 1800 Strabo
770 1763 835 1811 14,
869 1762 951 1800 643
985 1763 1026 1799 et
1057 1774 1196 1800 rursus
1228 1762 1347 1800 aliter
1374 1761 1540 1811 Gregor.
1565 1759 1681 1811 Cypr.
1706 1763 1743 1810 2,
1770 1762 1837 1799 86.

271 1820 400 1859 Schol.
432 1817 603 1860 Aristid.
638 1823 733 1868 627,
769 1823 835 1861 10.
885 1833 976 1860 cum
1007 1820 1171 1872 Gregor.
1200 1823 1238 1871 2,
1273 1822 1324 1860 17
1360 1819 1558 1860 consentit
1589 1819 1718 1859 Schol.
1737 1819 1838 1859 Plat.

273 1880 477 1919 Theaetet.
510 1881 592 1919 451
629 1881 766 1928 Bekk„

1215 2018 1344 2074 ἀνδρὶ
1374 2019 1459 2075 γὰρ

484 2097 693 2134 πεινῶντι
722 2089 924 2134 κλέπτειν
956 2088 1044 2133 ἔστ’
1080 2089 1327 2144 ἀναγκαίως
1358 2091 1470 2146 ἔχον.

389 2179 587 2218 Macarius
616 2180 654 2226 2,
678 2179 741 2216 14.
794 2179 917 2217 Maut.
938 2191 1046 2228 prov.
1072 2180 1107 2227 1,
1131 2179 1195 2217 16.
1247 2177 1390 2216 Suidas
1421 2174 1536 2228 ἀνδρὶ
1565 2181 1760 2216 πεινῶντι.
1785 2196 1831 2203 --

270 2236 343 2291 γὰρ
375 2238 462 2277 add.
495 2238 705 2293 Burneius,
738 2239 1020 2277 tetrametrum
1050 2237 1176 2276 trooh.
1203 2249 1287 2276 esse
1320 2249 1494 2276 censens.

1006 2351 1094 2395 435

915 2434 1126 2491 ὀξύτερον
1185 2465 1197 2478 .
1258 2466 1268 2477 .

484 2509 531 2551 οἰ
557 2510 751 2564 γείτονες
781 2506 995 2564 βλέπουσι
1025 2513 1114 2549 τῶν
1146 2504 1413 2549 &amineum

389 2595 570 2646 Append.
589 2608 699 2645 prov.
720 2597 759 2646 4,
780 2596 831 2635 31
867 2592 930 2634 ἐπὶ
954 2598 1031 2633 τῶν
1056 2591 1275 2633 λανθάνειν
1299 2590 1352 2644 μὴ
1380 2590 1625 2645 δυναμένων.
1664 2593 1713 2633 ef.
1733 2593 1835 2632 Plat.

270 2668 368 2694 eom.
402 2658 497 2695 204.
541 2657 675 2706 potest
708 2667 791 2694 esse
823 2656 915 2694 tetr.
946 2654 1071 2693 trooh.

995 2792 997 2794 ·
1011 2769 1098 2811 436

700 2887 707 2895 .
770 2850 895 2895 αὐτοὶ
925 2848 1031 2895 καθ’
1068 2850 1237 2895 ἑαυτῶν
1268 2852 1350 2907 τὴν
1381 2851 1508 2894 κόνιν

484 2924 706 2981 ἀμώμενοι
733 2923 969 2980 ’φάνησαν.
