2014 3334
244 239 331 281 542
629 208 632 213 s
897 242 1159 275 ΑΔΕΣΠΟΤΑ

988 350 1071 392 757

529 439 684 487 σχῖνον
717 432 975 488 διατρώγων

361 518 587 569 Hesychius
631 517 797 556 εἰώθασι
827 516 900 568 τὴν
925 521 1062 569 σχῖνον
1087 518 1247 571 τρώγειν
1281 519 1323 558 οἱ
1343 518 1674 571 καλλωπιζόμενοι
1698 516 1812 560 ἕνεκα

242 582 312 616 τοῦ
333 580 502 616 λευκοῢν
521 576 615 624 τοὺς
646 574 821 624 ὀδόντας.
873 577 1018 616 Zenob.
1039 579 1077 629 5,
1099 580 1152 617 96
1175 579 1265 618 add,
1295 576 1387 630 παρ’
1422 577 1443 618 ὃ
1469 578 1536 617 καὶ
1568 578 1658 626 τοὺς
1682 578 1812 619 τοιού-

243 650 335 683 τους
367 635 716 688 σχινοτρώκτας
747 635 940 689 λέγουσιν.
990 637 1225 689 Diogenian.
1253 639 1292 690 8,
1320 641 1387 678 13.
1436 640 1484 678 cf.
1516 651 1618 689 quae
1650 639 1813 678 adnota-

243 697 373 735 vimus
404 697 456 735 ad
486 696 707 747 Antiphan.
740 699 808 737 39.

983 788 1067 831 758

532 847 614 890 οὐκ
645 848 926 904 αἰσθήσομαι.

363 933 412 974 οὐ
443 933 773 988 προσποιήσομαι.
823 935 1005 974 Photius.
1053 935 1150 974 nihil
1179 947 1239 974 me
1268 938 1410 976 sentire
1439 938 1642 977 simulabo.

983 1050 1067 1093 759

527 1123 802 1177 πλευμονίαν
832 1122 970 1164 νόσον

363 1196 436 1248 τὴν
473 1196 674 1250 ἐρωτικήν.
712 1197 891 1236 Photius.
941 1197 1111 1247 Hesych.
1155 1197 1391 1248 πλευμονία·
1435 1196 1552 1244 νόσος
1591 1194 1617 1248 ἡ
1650 1195 1812 1250 ἐρωτική

244 1253 342 1311 (adl.
363 1258 482 1307 Soph.
502 1259 549 1296 fr.
571 1259 669 1306 856,
693 1260 728 1297 7.
764 1258 815 1296 15
836 1253 918 1308 N.).
955 1254 1176 1308 utrubique
1207 1260 1300 1307 post
1333 1256 1451 1296 νόσον
1483 1252 1638 1310 (νόσος)
1672 1258 1812 1297 distin-

244 1317 448 1368 guendum
475 1320 551 1356 est:
585 1318 763 1368 alioquin
796 1317 900 1355 enim
927 1317 1120 1356 dixissent
1150 1315 1223 1367 τὴν
1249 1315 1436 1369 ἐρωτικὴν
1466 1316 1598 1356 νόσον.

991 1433 1075 1475 760

528 1492 648 1543 ὑψοῦ
680 1490 856 1550 διᾴττει.

364 1578 406 1619 ἕν
425 1578 522 1630 ὕψει
542 1577 643 1634 ὁρμᾷ
663 1577 729 1616 καὶ
747 1576 879 1630 τρέχει.
917 1579 1099 1618 Photius.
1131 1578 1303 1629 Hesych.
1346 1576 1457 1629 ὑψοῦ
1485 1574 1626 1633 διᾴττει
1653 1573 1819 1632 (διαιτεῖ

243 1636 363 1693 cod.)·
396 1639 452 1686 εἰς
481 1638 588 1690 ὕψος
620 1636 732 1694 ὁρμᾷ.

989 1719 1071 1760 761

529 1777 717 1834 Κέρδων
746 1785 888 1833 γαμεῖ.

362 1866 599 1917 Diogenian.
625 1865 744 1904 Vind.
777 1867 820 1915 3,
854 1867 880 1903 4
929 1862 1036 1915 παρὰ
1078 1862 1120 1903 τὸ
1165 1861 1291 1915 ὄνομα
1334 1863 1482 1917 εἴρηται
1525 1861 1588 1903 ε’πὶ
1630 1869 1706 1903 τῶν
1746 1862 1812 1903 διὰ

229 1924 381 1986 ἐκέρδος
414 1923 661 1977 αἱρουμένων
700 1923 767 1963 τὸν
805 1923 945 1977 γάμον.
997 1924 1140 1963 Fes‘cus
1173 1918 1329 1977 (Paul.)
1366 1938 1404 1974 p.
1436 1925 1490 1962 56
1522 1924 1574 1962 Μ.
1605 1921 1812 1975 Κέρδωνα,

244 1998 354 2035 quem
384 1998 453 2024 nos
484 1987 693 2024 lucrionem
723 1996 915 2023 vocamus.

989 2076 1074 2118 762

529 2143 653 2203 βάλλ’
690 2147 733 2198 ἐς
764 2148 955 2203 φθόρον.

362 2235 543 2286 Append.
574 2248 685 2284 prov.
720 2237 763 2284 1,
794 2235 850 2272 48
902 2231 965 2272 ἐπὶ
1001 2238 1079 2272 τῶν
1119 2229 1290 2284 ὀλέθρου
1327 2231 1461 2280 ἀξίων.
1509 2233 1557 2271 cf.
1589 2233 1737 2272 Macar.
1773 2234 1809 2281 2,

248 2297 313 2334 72.
363 2293 402 2341 ἐς
434 2293 498 2345 Κ.]
533 2293 598 2341 εἰς.
645 2294 695 2333 cf.
725 2293 944 2343 Antiphan.
978 2294 1074 2341 245,
1112 2296 1145 2332 1.

990 2397 1074 2439 763

531 2455 635 2499 δέκα
666 2456 886 2511 τούβολοῦ

363 2532 543 2583 Append.
575 2545 685 2582 prov.
714 2535 750 2582 1,
783 2532 837 2570 93
889 2529 951 2569 ἐπὶ
987 2535 1066 2569 τῶν
1103 2527 1272 2580 μηδενὸς
1302 2528 1437 2579 ἀξίων,
1468 2527 1604 2580 ἐπειδὴ
1637 2528 1684 2568 τὰ
1716 2527 1810 2568 δέκα

244 2597 314 2631 τοῦ
347 2589 492 2643 ὀβολοῦ
523 2589 822 2642 πιπρασκόμενα
852 2589 960 2628 πάνυ
997 2587 1100 2628 ἐστὶν
1131 2586 1277 2640 εὐτελῆ.
1326 2590 1374 2628 cf.
1405 2590 1547 2639 EupoL
1582 2590 1677 2628 185.
1726 2589 1808 2627 An-

245 2652 397 2702 tiphan.
431 2652 528 2691 135.
577 2651 739 2689 Timocl.
774 2651 841 2689 18.

991 2729 1076 2771 764

530 2793 682 2832 Δᾶτον
714 2788 898 2843 ἀγαθῶν

366 2866 510 2904 Strabo
545 2867 582 2912 7,
616 2867 697 2904 331
733 2865 780 2902 fr.
808 2865 862 2903 33
895 2861 984 2914 περὶ
1013 2860 1081 2901 τὸν
1105 2861 1380 2912 Στρυμονικὸν
1411 2861 1559 2901 κόλπον
1589 2859 1719 2907 πόλεις
1739 2891 1747 2899 .
1768 2891 1776 2899 .
1798 2891 1807 2900 .

236 2921 431 2976 ’Ἀργιλος,
463 2925 712 2976 Δραβῆσκος,
738 2922 884 2972 Δάτον,
917 2921 1010 2975 ὅπερ
1041 2920 1107 2960 καὶ
1131 2919 1293 2973 ἀρίστην
1324 2921 1455 2973 χώραν
1479 2920 1556 2972 ἔχει
1578 2918 1645 2958 καὶ
1668 2917 1809 2968 εὔκαρ-
