2014 3334
840 258 940 292 ΤΗΣ
966 258 1094 293 ΝΕΑΣ
1683 252 1773 294 445

945 402 1028 446 189

417 490 553 549 σύκςο,
585 488 646 544 μὰ
675 488 758 543 τὴν
788 488 1022 543 Δήμητρα,
1055 490 1195 528 σῦκον
1227 480 1333 527 οὐδὲ
1365 483 1415 526 ἓν

352 600 356 601 ⁷
412 560 555 612 οὕτως
585 560 744 616 ὅμοιον
774 557 971 614 γέγονεν.
1019 554 1029 565 “

317 647 454 689 Cicero
485 648 615 699 Epist.
646 647 734 687 Att.
765 648 805 697 4,
839 647 878 697 8,
914 647 938 685 2
971 646 1018 686 de
1045 645 1232 684 Trebonio
1255 655 1427 692 prorsus
1465 644 1534 682 tibi
1564 643 1783 689 adsentior,-

199 710 246 749 de
285 708 472 754 Domitio,
517 706 626 764 σύκῳ
669 728 720 735 -
760 677 944 760 γέγονεν,
987 717 1106 755 quam
1149 707 1204 744 est
1239 705 1316 743 ista
1356 701 1579 753 περίστασις
1616 705 1784 742 nostrae.

201 768 436 822 Diogenian.
465 771 504 817 7,
530 769 584 808 37
600 748 844 819 ὁμοιότερος
871 764 1016 806 σύκου·
1047 769 1163 804 τοῦτο
1195 762 1432 815 παραπαίζει
1464 760 1529 801 διὰ
1559 759 1634 813 τὴν
1665 758 1785 813 ἐμφέ-

201 843 312 882 ρειαν
342 833 421 868 τῶν
453 827 598 868 σύκων.
649 828 700 867 cf.
731 827 850 878 Diog.
869 825 987 865 Vind.
1008 827 1047 876 3,
1075 826 1142 864 53.
1194 824 1376 874 Apostol.
1401 824 1468 872 12,
1491 824 1558 862 73.
1596 822 1783 861 Eustath.

202 890 328 938 1963,
361 890 415 928 63
449 883 679 942 (παροιμία)
711 883 936 944 ὁμοιότερος
974 884 1101 925 σύκου
1139 882 1204 923 ἐπὶ
1233 888 1312 922 τῶν
1348 881 1477 933 πάντη
1517 880 1785 934 παρεοικότων

198 944 285 988 κατ’
320 945 431 999 ὄψιν.
463 948 661 999 Theophr.
683 946 800 986 Char.
820 948 860 996 5,
882 942 906 985 2
940 943 1111 985 εἰσιόντα
1136 948 1264 995 φῆσαι
1296 941 1421 982 σύκου
1448 939 1652 993 ὁμοιότερα
1684 937 1785 981 εἶναι

199 1003 266 1063 (τὰ
295 1004 454 1064 παιδία)
486 1009 539 1064 τῷ
573 1006 702 1059 πατρί.
765 1006 1186 1046 Plut.M0r.1077c
1230 1002 1358 1060 σύκῳ,
1401 1000 1449 1042 τὸ
1492 1007 1575 1042 τοῦ
1618 1000 1785 1055 λόγου,

199 1072 324 1108 σῦκον
354 1065 516 1122 γέγονεν
547 1065 859 1120 ἀπαράλλακτον.

950 1182 1036 1226 190

988 1254 1221 1303 τοιούτους
1252 1252 1384 1309 ἁρετὴ

417 1330 533 1373 ἔοικε
563 1330 811 1385 τροφίμους
840 1328 946 1377 τοὺς
978 1324 1136 1381 ἑαυτῆς
1169 1324 1411 1368 δεικνύναι.

325 1417 544 1468 Procopius
576 1416 707 1467 Epist.
741 1416 808 1455 25.
874 1416 911 1454 1.
941 1410 968 1465 ἡ
1001 1411 1063 1467 ἀρ.
1126 1414 1164 1452 2.
1195 1411 1289 1460 τοὺς
1321 1409 1424 1451 ἓαυτ.
1456 1410 1558 1451 ἔοικε
1590 1426 1643 1463 τρ.
1676 1411 1710 1450 δ.

883 1556 890 1564 ’
950 1554 1032 1598 191

417 1641 452 1685 ὢ
483 1645 560 1697 τῆς
591 1639 822 1696 ἐπνθήκης·
864 1633 963 1682 οἷον
995 1633 1052 1681 αὖ
1083 1638 1133 1680 τὸ
1167 1637 1379 1694 δεύτερον

416 1712 525 1769 ἡμῖν
556 1714 726 1756 ἔσεισεν
790 1746 799 1755 .
861 1745 871 1754 .

323 1800 523 1840 Aristides
554 1799 576 1839 Ι
609 1800 707 1839 130.
737 1803 758 1838 1
793 1798 912 1837 Dind.
962 1791 993 1836 ὦ
1022 1818 1076 1825 --
1104 1795 1262 1836 ἔσεισεν
1317 1792 1348 1834 ὦ
1379 1799 1450 1836 τοῦ
1480 1800 1669 1849 τραγικοῦ
1701 1795 1786 1835 δαί-

205 1875 348 1913 μονος.
399 1856 464 1908 ,ὁς
493 1858 538 1899 ἐν
568 1859 707 1912 βραχεῖ
732 1857 775 1898 τὸ
802 1858 934 1912 δρᾶμα
965 1854 1223 1897 συνέκλεισεν.
1262 1859 1324 1896 est
1350 1856 1481 1896 oraffio
1514 1855 1570 1904 εἰς
1595 1852 1787 1895 Ἐτεωνέα

206 1919 430 1972 ἐπικήδειος
468 1922 508 1959 et
547 1920 822 1971 praecesserat
865 1915 896 1957 ὢ
933 1921 1015 1957 του
1060 1913 1288 1967 δευτέρου
1331 1915 1558 1968 πτώματος,
1595 1911 1680 1963 οιος
1718 1912 1784 1966 ἐφ’

207 1980 280 2036 οἴῳ
303 1982 358 2037 τῷ
384 1978 461 2036 νέῳ
485 1983 623 2020 κεῖσαι.
673 1991 813 2020 versus
834 1980 858 2018 2
879 1979 1051 2018 fortasse
1071 1977 1290 2028 explendus
1316 1973 1337 2015 ὅ
1356 1976 1534 2024 θάνατος
1552 1973 1626 2027 τὴν
1645 1975 1788 2016 οἰκίαν.

207 2022 418 2093 perpeiam
450 2040 638 2080 Reiskius
671 2039 878 2090 Sophoclis
910 2037 1062 2089 Oedipo
1095 2036 1180 2077 Col.
1211 2036 1357 2076 tribuit
1387 2049 1490 2088 quae
1525 2037 1670 2088 tragici
1702 2048 1787 2076 esse

207 2114 291 2141 non
322 2112 441 2152 posse
472 2102 648 2140 metrum
680 2101 838 2152 arguat.

959 2214 1044 2257 192

422 2299 702 2357 ἀφροδισίων
735 2295 818 2342 οὖν
850 2300 912 2350 εἰς
942 2299 993 2341 τὸ
1024 2297 1149 2349 τέλος
1179 2303 1257 2353 τῆς
1287 2296 1454 2353 ἡδονῆς

422 2372 528 2423 ὁδὸς
559 2372 614 2415 οὐ
645 2370 710 2428 μί’
747 2370 881 2414 ἐστίν.

329 2459 610 2499 Aristaenetus
629 2460 702 2510 Ep.
731 2461 844 2511 1,12
878 2454 934 2510 (p
962 2460 1045 2498 144
1066 2452 1230 2512 Herch.)
1264 2455 1339 2497 οὐκ
1371 2471 1446 2496 ουν
1477 2461 1556 2495 τῶν
1588 2454 1699 2539 οέφρ.,Ι
1729 2454 1790 2504 ὡς

151 2580 155 2585 l
212 2518 300 2571 ἔφη
332 2534 423 2570 τις,
454 2518 510 2567 εἰς
539 2517 583 2559 τὸ
614 2524 683 2572 τῆς
712 2515 777 2571 ἡδ.
808 2534 840 2558 τ.
871 2515 931 2558 ὃὸ.
963 2517 1066 2558 ἐστιν
1097 2517 1178 2570 μία.

957 2659 1041 2702 193

1028 2749 1121 2792 τοῖς
1154 2743 1330 2797 ζητοῦσι
1360 2742 1446 2798 γὰρ

428 2815 478 2859 τὸ
510 2814 702 2858 σπάνιον
733 2814 806 2857 ἀεί
832 2828 924 2865 πως
955 2813 1161 2857 ἐπιτείνει
1191 2814 1270 2856 τὸν
1300 2815 1460 2856 πόθον.

334 2903 552 2956 Procopius
583 2902 712 2954 Episss.
747 2903 800 2942 37
845 2899 954 2954 παρὰ
985 2902 1141 2957 σαυτῷ.
1163 2902 1447 2954 ,γνωμολογεῖς
1478 2897 1531 2947 ὡς
1562 2898 1603 2940 τὸ
1635 2910 1699 2940 σπ.
1731 2898 1792 2940 ἀεὶ

214 2966 295 3011 τοῖς
326 2963 355 3011 ζ.
387 2961 482 3004 ἐπιτ.
512 2977 542 3003 τ.
574 2976 613 3002 π.
