2014 3334
262 235 348 277 252
609 252 612 256 ν
898 235 1196 271 MENANAPOT

993 357 1107 399 1000

548 440 829 497 ἀττικουργές
861 438 1163 498 (ἀττικουργῆ)

380 525 421 564 τὸ
454 525 708 578 εἰργασμένον
745 526 813 567 τὸν
851 526 1006 567 ἀττικὸν
1044 526 1208 580 τρόπον,
1246 525 1296 566 οὐ
1332 526 1457 577 μόνον
1494 525 1730 577 ὑποδήματα
1766 524 1834 565 καὶ

262 591 421 635 σκεῦος,
463 584 558 625 ἀλλὰ
598 585 664 625 καὶ
704 586 857 639 ῥήματα
897 586 963 626 καὶ
1006 587 1076 626 εἴτι
1116 584 1221 626 ἄλλο.
1283 585 1569 638 ἀττικουργῆ
1614 585 1716 636 φησί
1751 599 1831 625 που

264 642 516 697 Μένανδρος.
575 647 744 686 Bekker.
780 647 930 686 Anecd.
963 650 1068 697 461,
1106 649 1172 686 30.
1235 642 1316 685 ‘aaz
1359 645 1429 685 εἴτι
1472 643 1583 684 ἄλλο·
1628 644 1724 684 ἀλλὰ
1767 644 1833 684 καὶ

262 703 446 756 ῥήματα
478 703 765 759 ἀττικουργῆ
798 707 900 758 φησί
926 720 1005 746 που
1038 701 1307 757 Μένανδροςῖ
1368 706 1486 744 Mein.

992 823 1102 865 1001

545 882 690 936 βαθύς

379 966 467 1006 ἀντὶ
492 973 562 1007 τοῦ
589 967 776 1020 πονηρός.
821 968 924 1008 οὕτω
944 966 1198 1020 Μένανδρος.
1244 968 1401 1007 Suidas.
1426 969 1452 1008 i.
1478 982 1509 1007 e.
1535 966 1831 1020 βαθυγνώμων.

260 1027 379 1066 aliter
410 1028 611 1078 Posidipp.
646 1031 713 1078 27,
747 1030 784 1067 4.
812 1030 850 1068 5.

468 1134 479 1144 ·
995 1110 1108 1151 1002

547 1168 703 1223 βοίδης

378 1254 618 1293 Eustathius
661 1256 757 1306 962,
793 1257 845 1294 18
892 1254 949 1293 ὅτι
985 1253 1052 1293 καὶ
1088 1254 1143 1301 εἰς
1179 1252 1444 1305 ἀναισθησίας
1481 1260 1646 1306 σκῶμμα
1682 1253 1831 1305 λαμβά-

258 1327 366 1352 νεται
403 1310 423 1351 ὅ
455 1313 574 1364 βοῦς,
613 1314 731 1364 δηλοῖ
761 1313 828 1353 καὶ
864 1312 884 1354 ὁ
922 1312 1030 1366 παρὰ
1061 1314 1290 1368 Μενάνδρῳ
1328 1314 1487 1365 βοίδης,
1525 1313 1547 1353 ὅ
1577 1313 1654 1354 ἐστι
1691 1316 1831 1369 πρᾷος,

259 1371 426 1423 εὐήθης,
458 1369 554 1412 καθ’
590 1370 799 1425 ὁμοιότητα
828 1379 899 1414 τοῦ
931 1372 1118 1425 ἀμνοκῶν
1152 1369 1295 1426 (Arist.
1326 1375 1398 1425 Eq.
1433 1368 1550 1428 264).

991 1490 1105 1533 1003

544 1549 820 1604 βουκόρυζαν

377 1633 450 1686 τὴν
489 1634 661 1688 μεγάλην
697 1634 882 1689 κόρυζαν.
937 1634 1003 1675 καὶ
1039 1637 1245 1689 κορυζᾶν
1283 1634 1351 1675 τὸν
1389 1635 1556 1689 ἰσχυρῶς
1592 1637 1830 1689 κορυζῶντα.

259 1692 514 1748 Μένανδρος.
559 1695 715 1734 Suidas.
743 1694 933 1748 κορυζᾶν]
960 1696 1265 1749 βουκορυζῶντα
1285 1697 1411 1746 Toup.
1443 1694 1689 1749 βουκόρυζον
1712 1696 1829 1735 Hem-

259 1756 431 1794 sterhus.
475 1755 702 1808 κορυζῶντα
727 1756 974 1806 Bernhardy.
1017 1756 1268 1809 βουκορυζᾶν
1293 1754 1439 1794 Naber.
1466 1756 1609 1794 Mnem.
1635 1755 1830 1795 nov.VIII

260 1816 359 1854 425.
390 1814 564 1865 Hesych.
609 1813 867 1868 βουκόρυζος·
905 1813 1162 1866 ἀναίσθητος,
1193 1813 1390 1862 ἀσύνετος.
1442 1812 1629 1854 similisser
1660 1811 1830 1868 ὀρθοκό-

259 1875 378 1927 ρυζον
409 1874 587 1924 Alciphr.
621 1876 659 1923 3,
691 1876 759 1924 48,
793 1876 831 1914 5.
882 1875 930 1914 cf.
962 1874 1132 1915 Lobeck.
1166 1875 1315 1926 Phryn.
1347 1876 1445 1914 434.

988 1991 1104 2033 1004

543 2051 760 2105 βρυχᾶται

377 2136 674 2189 κλαυθμυρίζει,
717 2133 770 2183 ὡς
812 2135 975 2175 παιδίον
1019 2140 1152 2187 φωνεῖ
1184 2134 1211 2188 ἢ
1255 2135 1430 2190 δακρύει,
1479 2133 1532 2182 ὥς
1575 2132 1828 2189 Μένανδρος.

261 2194 391 2234 Schol.
423 2196 612 2234 Nicandr.
644 2196 826 2245 Alexiph.
861 2197 955 2234 221.

990 2310 1103 2353 1005

545 2370 835 2424 δεδείπνηκας

378 2454 633 2510 Μένανδρος.
678 2456 847 2495 Bekker.
867 2456 1015 2495 Anecd.
1036 2458 1104 2508 89,
1126 2458 1193 2495 29.
1237 2456 1342 2507 quod
1373 2469 1443 2495 cur
1465 2456 1706 2506 excerpserit.
1725 2457 1825 2495 Ant-

259 2517 438 2555 atticista
474 2516 620 2555 nescio.
683 2514 981 2566 δεδειπνήκασι,
1019 2529 1094 2566 quo
1126 2516 1254 2566 magis
1293 2515 1461 2554 atticum
1493 2516 1619 2554 videri
1649 2516 1828 2565 potuerit

260 2576 501 2626 δεδειπνᾶσι,
522 2575 639 2613 Mein.
662 2576 721 2614 ed.
743 2575 832 2614 mai.
878 2578 920 2614 at
941 2575 1165 2614 δεδειπνᾶσι
1186 2576 1291 2627 quod
1311 2575 1435 2614 sciam
1460 2588 1658 2626 nusquam
1684 2577 1826 2626 exstat,

261 2634 532 2686 δεδείπναμεν,
572 2634 825 2674 δεδειπνάναι
858 2635 995 2674 multis
1028 2635 1126 2674 loeis
1160 2630 1228 2688 (cf.
1261 2635 1464 2685 Hermipp.
1499 2631 1586 2687 60),
1622 2633 1826 2684 δεδειπνή-

259 2705 349 2733 κασι
378 2696 470 2744 plus
503 2695 637 2734 semel.
1288 2700 1292 2703 ’

988 2774 1102 2816 1006

545 2834 781 2890 διήρτησεν

378 2918 630 2970 ἐξηπάτησεν.
673 2919 797 2968 οὕτως
829 2918 1083 2974 Μένανδρος.
1123 2919 1275 2970 Sujdas.
1304 2920 1477 2959 Zonaras
1503 2920 1587 2959 533
1621 2919 1826 2971 διαριῆσαι
