2014 3334
305 226 356 259 V1
710 211 712 214 ’
882 243 886 246 -
951 226 1220 260 PRAEFATIO

306 349 467 376 cernere
503 337 545 376 in
587 336 649 375 his
686 334 866 387 reliquiis
901 349 1152 388 nequaquam
1188 337 1335 388 ubique
1372 339 1526 376 certum
1563 338 1617 377 sit
1653 340 1693 376 et
1735 338 1865 389 facile,

307 396 439 435 omnia
468 398 516 435 ut
547 398 661 435 erant
686 396 908 448 coniuncta,
940 392 1012 434 sed
1045 397 1181 436 eodem
1205 409 1282 447 quo
1315 398 1448 436 cetera
1478 397 1719 436 incertarum
1750 397 1863 436 fabu-

307 456 436 495 larum
469 455 694 506 fragmenta
725 454 861 493 ordine
893 467 965 494 suo
991 455 1175 506 quodque
1206 456 1292 495 loco
1323 467 1524 495 recensere
1551 456 1679 495 satius
1708 450 1865 510 duxi*).

427 515 495 553 sed
515 515 549 553 si
567 514 827 553 monostichis
853 514 1009 553 omissis
1029 515 1126 554 haec
1145 515 1267 554 editio
1286 515 1480 554 iacturam
1507 515 1646 554 fecisse
1671 516 1866 566 videatur,

306 574 452 613 sarcire
485 574 673 612 damnum
710 575 876 612 conatus
915 586 1004 612 sum
1041 573 1186 613 additis
1223 574 1456 625 fragmentis
1494 574 1607 614 novis
1640 587 1740 625 quae
1777 587 1864 613 cum

309 633 414 684 apud
446 645 511 672 eos
544 633 612 684 qui
637 633 848 683 proverbia
873 633 1104 684 glossasque
1133 634 1393 683 conlegerunt
1423 634 1510 671 tum
1537 633 1643 683 apud
1661 633 1867 701 sophistas

306 692 486 743 aliosque
517 692 737 742 primorum
768 705 804 741 p.
837 691 927 730 Chr.
957 705 994 731 n.
1027 692 1276 731 saeculorum
1309 693 1521 742 scriptores
1559 694 1728 732 exstant.
1789 705 1868 743 qua

308 752 356 790 de
386 764 429 790 re
460 751 502 790 in
532 750 667 790 Herm.
699 751 776 791 vol.
806 750 899 788 XXI
932 753 973 790 et
1002 751 1044 790 in
1075 752 1176 791 Mus.
1201 743 1433 790 Rhenfvol.
1464 751 1675 790 XXXXIII
1703 751 1868 790 uberius

308 810 487 850 disserui.
542 812 635 849 sunt
672 811 808 849 autem
843 810 884 848 in
924 823 971 849 ea
1007 823 1049 849 re
1081 811 1159 850 duo
1197 810 1348 861 pariter
1378 813 1423 849 ut
1453 811 1511 849 ita
1551 810 1679 850 dicam
1717 810 1870 860 scopuli

307 870 478 910 vitandi:
510 861 706 920 siquidem
731 881 811 908 non
835 869 966 908 minus
991 869 1208 908 cavendum
1235 871 1295 909 est
1319 882 1368 908 ne
1395 869 1490 921 quid
1514 869 1620 908 inter
1645 869 1870 909 comoediae

309 930 534 980 fragmenta
572 928 788 978 recipiatur
819 928 924 979 quod
960 941 1038 968 non
1071 929 1124 968 sit
1153 929 1397 979 comoediae,
1430 941 1550 979 quam
1579 941 1628 967 ne
1660 929 1755 979 quid
1785 929 1870 968 sine

311 1000 431 1027 causa
455 987 690 1026 excludatur
715 988 821 1038 quod
846 988 1085 1027 comicorum
1112 1001 1198 1027 esse
1222 988 1418 1027 videatur.
1467 1000 1605 1027 verum
1632 1001 1720 1026 cum
1741 988 1870 1027 multo

314 1047 471 1086 facilius
497 1047 551 1086 sit
575 1059 678 1096 quae
701 1059 781 1085 non
805 1049 912 1086 recte
941 1049 1101 1097 recepta
1126 1047 1206 1086 sint
1231 1047 1428 1097 expellere
1453 1059 1572 1098 quam
1599 1059 1699 1097 quae
1726 1047 1876 1086 omissa

310 1107 390 1145 sint
420 1106 591 1156 repetito
629 1106 765 1144 labore
804 1106 1020 1158 conligere,
1058 1106 1157 1144 illud
1189 1106 1299 1156 prius
1329 1106 1571 1156 periculum,
1604 1106 1720 1145 modo
1753 1119 1802 1144 ne
1833 1106 1875 1144 in

311 1165 551 1204 temeritatis
578 1165 727 1203 crimen
751 1165 1005 1215 incurrerem,
1031 1165 1160 1204 minus
1186 1165 1418 1216 fugiendum
1445 1165 1549 1203 duxi.
1601 1165 1742 1215 quodsi
1767 1164 1875 1216 Scyl-

310 1225 391 1263 lam
427 1224 533 1263 inter
569 1226 610 1263 et
647 1223 875 1275 Charybdin
913 1236 1073 1263 cursum
1115 1237 1192 1264 non
1231 1224 1445 1263 infeliciter
1488 1224 1662 1263 tenuisse
1700 1224 1876 1275 videbor,
1922 1250 1928 1253 ν

311 1283 408 1323 satis
441 1296 637 1334 superque
670 1296 736 1322 ero
768 1286 988 1322 contentus.

429 1343 611 1382 consulto
641 1355 713 1392 per
749 1344 877 1381 totam
908 1342 1140 1392 editionem,
1179 1345 1374 1393 quantum
1405 1342 1609 1382 commode
1641 1343 1727 1381 fieri
1758 1355 1873 1392 posse

310 1402 538 1450 videbatur,
568 1402 761 1441 brevitati
793 1401 941 1440 studui.
1003 1402 1071 1451 sic,
1102 1404 1150 1440 ut
1180 1403 1254 1441 hoc
1283 1404 1377 1440 utar
1409 1402 1607 1452 exemplo,
1638 1402 1680 1440 in
1712 1401 1875 1441 Stobaei

312 1461 459 1511 eclogis
490 1460 558 1499 ubi
590 1461 638 1499 de
670 1461 916 1510 singulorum
948 1461 1125 1510 capitum
1157 1461 1386 1500 auctoribus
1423 1461 1603 1500 codicum
1635 1461 1874 1511 optimorum

312 1516 568 1574 (Parisinum.
586 1520 673 1559 dico
699 1518 737 1558 A
762 1522 802 1558 et
823 1516 1188 1572 Vindobonensem)
1219 1520 1366 1559 indicia
1391 1522 1605 1571 exstarent,
1630 1520 1875 1571 reliquorum

310 1580 505 1619 librorum
535 1580 763 1618 notationes
793 1580 960 1629 referre,
991 1580 1067 1618 nisi
1099 1580 1194 1629 quid
1225 1580 1266 1617 in
1293 1580 1350 1618 eis
1381 1582 1588 1629 praeterea
1619 1580 1874 1619 memorabile

311 1639 470 1688 inesset,
489 1638 632 1677 inutile
653 1638 759 1677 duxi.
784 1638 936 1688 pariter
956 1638 1025 1677 ubi
1044 1639 1313 1689 fragmentum
1335 1639 1495 1690 aliquod
1515 1639 1651 1688 magni
1670 1639 1874 1689 Etymolo-

312 1698 391 1749 gici
410 1697 649 1736 auctoritate
668 1697 907 1748 firmaretur,
929 1696 1101 1736 Gudiani
1127 1710 1361 1736 consensum
1385 1701 1526 1737 notare
1551 1698 1633 1736 fere
1660 1698 1875 1749 supersedi,

311 1757 391 1796 nisi
422 1769 565 1807 operae
590 1757 765 1806 pretium
797 1769 881 1795 esse
907 1756 1125 1796 videretur:
1157 1759 1204 1796 ut
1229 1758 1262 1796 si
1285 1757 1374 1806 quis
1399 1757 1498 1796 talia
1522 1758 1706 1807 supplere
1732 1757 1875 1808 adgre-

315 1816 447 1855 diatur
479 1828 599 1866 opera
630 1828 717 1854 meo
749 1815 908 1866 quidem
940 1816 1086 1855 iudicio
1117 1829 1197 1855 non
1228 1816 1441 1855 admodum
1471 1817 1689 1867 fructuosa,
1721 1806 1875 1867 largain

314 1876 395 1915 sine
425 1875 545 1914 dubio
576 1875 619 1913 in
649 1887 738 1913 mea
770 1875 941 1914 editione
972 1875 1208 1914 inventurus
1241 1875 1293 1914 sit
1323 1888 1502 1914 messem.
1565 1876 1711 1926 quippe
1741 1888 1874 1914 neces-

314 1935 419 1974 saria
444 1947 543 1985 quae
569 1934 800 1974 viderentur
825 1947 978 1973 summo
1006 1947 1093 1973 cum
1120 1935 1257 1973 labore
1288 1935 1518 1985 conquisivi,
1550 1948 1630 1974 non
1654 1935 1876 1974 necessaria

314 1994 450 2045 defugi
486 1994 614 2044 magis
652 2006 772 2044 quam
809 1993 1003 2043 adpetivi:
1048 2007 1289 2044 quamquam
1328 1996 1575 2033 constantem
1611 1994 1652 2032 in
1692 1994 1875 2043 eligendo

315 2053 498 2092 omnibus
535 2052 680 2103 videri,
717 2053 759 2091 in
795 2054 909 2091 tanta
951 2053 1188 2103 praesertim
1224 2053 1373 2092 laboris
1411 2053 1696 2104 diuturnitate,
1734 2056 1775 2092 et
1810 2053 1875 2092 vel

312 2112 428 2151 iustis
460 2111 665 2150 desideriis
698 2112 925 2151 satisfacere
958 2111 1238 2151 difficillimum
1270 2115 1341 2151 est.

431 2171 479 2209 A.
505 2171 691 2210 Meinekii
729 2171 900 2210 editione
938 2171 1089 2210 minore
1127 2171 1169 2210 in
1206 2171 1448 2210 conficienda
1483 2183 1572 2209 mea
1608 2171 1689 2209 iam
1725 2170 1814 2209 inde
1853 2184 1877 2210 a

315 2231 441 2280 primo
481 2230 678 2269 volumine
715 2243 814 2269 usus
853 2243 941 2269 sum
978 2231 1036 2268 ita
1073 2232 1119 2268 ut
1160 2230 1302 2269 deletis
1340 2243 1441 2280 quae
1481 2230 1607 2279 repeti
1648 2230 1795 2269 nollem
1835 2232 1876 2268 et

315 2289 461 2328 additis
499 2302 600 2340 quae
642 2302 740 2340 opus
781 2301 865 2328 esse
905 2290 1137 2328 viderentur
1177 2290 1335 2340 singula
1373 2289 1482 2327 illius
1524 2289 1618 2327 folia
1658 2301 1748 2328 cum
1787 2302 1876 2328 mea

314 2347 570 2388 adnotatione
603 2348 766 2387 seorsim
799 2348 954 2388 adiecta
985 2348 1115 2398 operis
1146 2349 1357 2387 traderem.
1401 2361 1479 2399 quo
1510 2348 1552 2386 in
1581 2348 1741 2399 negotio
1774 2348 1876 2387 sicut

315 2420 502 2457 magnam
532 2407 766 2447 delictorum
806 2407 1121 2458 multitudinem,
1159 2407 1341 2457 inprimis
1371 2420 1627 2446 numerorum
1661 2421 1740 2447 non
1769 2409 1875 2446 recte

316 2468 567 2506 enotatorum
594 2467 747 2517 copiam
772 2467 877 2505 haud
909 2467 1093 2518 exiguam
1118 2466 1333 2506 identidem
1365 2469 1412 2505 ut
1436 2467 1590 2505 ferebat
1614 2467 1717 2506 ratio
1744 2479 1873 2505 emen-

410 2567 443 2612 *)
471 2568 635 2603 ceterum
661 2568 830 2612 Athenis,
855 2569 897 2603 ut
915 2579 982 2614 per
1006 2568 1151 2603 litteras
1177 2567 1371 2604 certiorem
1392 2579 1451 2603 me
1470 2567 1562 2604 fecit
1581 2567 1676 2614 Spir.
1696 2568 1875 2603 Lambros

317 2615 373 2650 vir
399 2614 637 2660 clarissimus,
668 2615 706 2650 in
732 2615 886 2651 aedibus
912 2615 1110 2651 ministerii
1144 2614 1389 2651 institutionis
1415 2615 1587 2661 publicae
1614 2616 1728 2651 codex
1754 2616 1877 2652 exstat

317 2661 587 2707 miscellaneus,
614 2662 857 2708 bombycinus
889 2662 1027 2699 saeculi
1052 2662 1168 2707 XIIII,
1201 2674 1273 2710 quo
1303 2665 1452 2707 praeter
1483 2663 1558 2698 alia
1582 2663 1766 2708 quaedam
1790 2674 1873 2699 con·

317 2709 481 2744 tinentur
498 2709 747 2755 Παραινέσεις
765 2709 994 2757 Μενάνδρου
1014 2709 1110 2745 κατὰ
1129 2714 1310 2756 στοιχεῖον
1330 2711 1472 2756 (versus
1485 2714 1569 2753 413)
1589 2712 1628 2746 et
1646 2709 1875 2756 Μενάνδρου

317 2756 381 2792 καὶ
409 2758 644 2798 Φιλιστίωνος
673 2762 817 2803 γνῶμαι
848 2757 913 2794 καὶ
943 2757 1132 2793 διάλεκτοι
1164 2760 1304 2803 (versus
1331 2757 1479 2793 circiter
1503 2759 1599 2804 310).
1648 2759 1742 2793 haec
1773 2768 1811 2794 se
1836 2760 1876 2794 in

318 2803 513 2839 annalibus
543 2803 709 2840 Instituti
740 2805 995 2852 francogallici
1026 2805 1210 2841 editurum
1243 2816 1323 2840 esse
1354 2805 1576 2850 promiserat
1599 2805 1655 2840 vir
1680 2805 1743 2840 cl.:
1775 2806 1874 2849 quod

317 2863 405 2887 num
429 2850 561 2887 fecerit
584 2852 719 2887 nescio.
764 2864 884 2897 pauca
909 2863 1003 2898 quae
1027 2863 1172 2888 mecum
1198 2851 1489 2888 communicavit
1506 2853 1716 2898 fragmenta
1734 2863 1757 2888 a
1776 2852 1874 2889 Men-

319 2898 478 2935 andreae
505 2898 639 2935 aetatis
665 2899 854 2946 elegantia
881 2902 918 2937 et
942 2900 1065 2936 indole
1090 2899 1201 2945 longe
1227 2899 1435 2936 abhorrent.

1389 2999 1401 3023 t
