2014 3334
746 242 913 277 AAHAA
939 243 1199 278 οΠοΤΕΡΑΣ
1671 239 1756 282 591

913 352 1029 396 1105

467 412 785 468 παραλλάττων

305 499 447 541 Pollux
481 501 520 549 2,
555 501 621 539 16.
683 499 732 539 cf.
767 500 865 539 860.

915 602 1029 645 1106

466 662 794 718 παρασαβοξζειν

299 749 467 789 Photius
503 750 608 799 383,
645 750 699 789 16
743 747 1083 801 παραμαίνεσθαι·
1126 746 1205 788 ἀπὸ
1244 753 1315 788 τοῦ
1353 748 1494 800 σαβοῦ.
1547 746 1640 795 τοὺς
1681 746 1757 800 γὰρ

180 807 289 862 παρὰ
330 810 384 866 τῷ
427 808 614 864 Σαβαζίῳ
653 807 918 860 βακχεύοντας
960 809 1125 847 καλοῦσι
1169 806 1320 860 σαβοὺς
1362 806 1429 847 καὶ
1471 805 1513 847 τὸ
1551 807 1759 859 βακχεύειν

182 867 378 921 capacem.
421 868 634 922 παραισαβ.
674 868 759 908 οοᾱ“.
797 871 918 919 atque
957 867 1129 919 Hesych.
1173 867 1500 920 παραισαβάζειν·
1537 881 1758 919 παρανενο-

182 926 398 980 [μ]ηκέναι.
456 926 535 968 ἀπὸ
566 932 636 968 τοῦ
668 928 807 980 σαβοῦ.

916 1020 936 1062 1
947 1020 1028 1063 107

467 1080 732 1137 παρδαμοέλη

304 1167 471 1207 Photius
495 1166 748 1219 καρδαμάλη·
779 1167 881 1217 μᾶζα
912 1164 954 1204 ἐκ
979 1164 1186 1219 καρδάμου
1211 1162 1454 1218 μεμαγμένη,
1485 1165 1626 1217 βρῶμα
1650 1163 1759 1218 γινό-

185 1240 306 1278 μενον
336 1225 547 1278 Περσικόν.
597 1226 640 1266 οἱ
667 1223 709 1274 δὲ
739 1225 1026 1279 παρδαμάλη
1057 1223 1248 1278 λέγουσιν.
1301 1220 1400 1264 ‘scih
1424 1227 1566 1274 poetae
1591 1220 1759 1264 comici'.

186 1286 304 1325 Mein.
348 1286 522 1337 Hesych.
554 1285 805 1339 καρδαμάλη·
838 1285 951 1336 μᾶζα.
1012 1285 1062 1324 cf.
1084 1285 1230 1324 Αἴλιοι).
1251 1286 1289 1335 3,
1313 1285 1425 1323 114f
1441 1279 1645 1337 (Eustath.
1662 1286 1759 1335 743,

188 1347 254 1385 17.
283 1347 410 1397 1414,
442 1347 510 1395 31,
541 1346 610 1385 ubi
642 1357 851 1397 perperam
882 1357 972 1384 cum
1004 1343 1070 1383 GE
1099 1345 1244 1384 Athen.
1276 1341 1543 1397 καρδαμύλη).

887 1487 894 1494 ·
915 1461 934 1503 1
946 1460 1028 1503 108

468 1520 809 1577 παρελαχάνιζες

302 1607 470 1647 Photius
519 1605 790 1659 παρέπρασσές
833 1622 869 1646 τι
911 1604 976 1645 καὶ
1015 1609 1190 1658 μετεῖχες,
1248 1619 1269 1645 e
1300 1609 1422 1656 poeta
1458 1606 1608 1645 comico
1640 1606 1759 1645 Euri-

185 1667 316 1718 pidem
350 1669 539 1717 carpente
571 1667 826 1718 desumptum
858 1667 994 1705 censet
1013 1665 1243 1705 Dindorfius
1274 1666 1316 1704 in
1336 1665 1453 1705 Thes.
1474 1666 1499 1704 l.
1519 1679 1578 1717 gr.
1619 1666 1757 1705 cornici

185 1739 272 1766 esse
309 1726 427 1766 facile
471 1727 662 1777 concedo,
706 1727 775 1766 sed
818 1725 1054 1776 Euripidem
1101 1725 1267 1764 inrideri
1308 1738 1388 1765 non
1430 1725 1656 1764 necessaria
1699 1728 1761 1764 est

184 1786 328 1836 opinio.
377 1789 514 1837 pobest
544 1786 651 1825 enim
675 1798 761 1825 esse
788 1785 937 1826 domini
969 1798 1083 1824 servo
1110 1785 1402 1836 exprobrantis,
1427 1785 1533 1834 quod
1558 1785 1600 1823 in
1626 1797 1758 1824 emen-

185 1845 235 1885 do
267 1845 419 1896 aliquid
452 1846 553 1884 lucri
585 1845 663 1885 sibi
692 1845 902 1885 invenerit.

915 1962 935 2004 1
945 1960 1027 2003 109

469 2021 851 2077 παριλλαίνουσαν

252 2115 255 2117 ’
304 2104 650 2160 παραβλέπουσαν.
692 2107 875 2147 Photius.
907 2106 1134 2158 Hesychius
1164 2105 1493 2158 παριλλαίνουσα·
1523 2104 1758 2159 παρεμβλέ-

185 2177 328 2208 πουσα.
384 2167 434 2207 cf.
466 2166 684 2218 ἰλλῶπτειν,
716 2165 1047 2220 ἐγκατιλλώπτειν,
1077 2165 1283 2214 ἐπιλλίζειν
1314 2168 1389 2205 cet.

914 2284 935 2325 1
945 2284 1029 2326 110

469 2343 684 2400 πεδότριψ

305 2429 474 2469 Photius
524 2427 545 2469 ὅ
581 2428 754 2477 πολλοὺς
797 2427 963 2481 χρόνους
1007 2426 1050 2467 ἕν
1093 2425 1231 2475 πέδαις
1279 2426 1467 2480 γεγονώς·
1517 2425 1583 2466 καὶ
1625 2424 1757 2466 πέδων

187 2485 208 2527 ὁ
240 2486 357 2536 αὐτὸς
396 2487 463 2528 καὶ
499 2485 716 2540 ὀψιπέδων.
765 2488 980 2528 Herodian.
1011 2488 1031 2526 I
1065 2489 1169 2538 246,
1201 2489 1256 2527 25
1288 2486 1500 2540 βαρύνεται
1532 2486 1759 2538 σκευότριψ,

187 2547 417 2600 παιδότριψ,
449 2580 458 2589 .
483 2577 494 2588 .
525 2547 742 2601 χοιρότριψ,
768 2547 962 2600 οἰκότριψ,
992 2546 1196 2599 πεδότριψ.
1247 2547 1294 2586 cf.
1317 2547 1487 2586 Lobeck.
1507 2546 1639 2585 Paral.
1659 2548 1757 2585 292.

186 2607 344 2647 incudis
382 2608 565 2648 comicae.
614 2621 712 2648 usus
744 2610 806 2648 est
837 2608 958 2647 etiam
990 2607 1154 2646 Lucian.
1174 2606 1276 2645 Tim.
1300 2608 1366 2645 14.
1392 2606 1492 2645 Adv.
1525 2605 1685 2644 Saturn.
1719 2607 1756 2644 8.

186 2664 320 2706 πέδων
351 2667 557 2718 Aristoph.
588 2668 637 2709 fr.
670 2669 738 2717 97,
769 2664 977 2719 ὄψιπέδων
1008 2667 1191 2706 Menand.
1227 2668 1352 2705 1049.

915 2783 937 2825 1
947 2783 966 2825 1
975 2783 996 2826 1
1005 2783 1027 2825 1

471 2842 652 2898 πεοίδης

305 2928 475 2968 Bekker.
514 2928 661 2969 Aneed.
702 2930 776 2979 72,
814 2930 869 2968 26
915 2927 1160 2980 χελυνοίδης·
1205 2924 1227 2966 ὁ
1257 2924 1330 2978 τὴν
1373 2926 1542 2979 χελύνην
1584 2920 1757 2982 μεγάλην
