2014 3334
467 249 834 284 ΑΠΟΛΕΙΠΟΤΣΑ
862 269 905 274 -
932 248 1137 282 ΑΔΗΛΩΝ
1162 247 1425 281 ΔΡΑΜΑΊῺΝ
1650 245 1734 288 381

268 363 502 404 Athenaeus
536 365 581 414 9,
615 362 765 402 384cd
818 355 922 414 ’ἦσαν
965 358 1031 400 καὶ
1068 357 1299 412 ἡμίκραιραι
1336 357 1497 398 πολλαὶ
1516 358 1739 410 δελφάκων.

148 424 391 477 μνημονεύει
423 419 461 462 δ’
497 420 629 462 αὐτῶν
661 420 880 474 Κρωβυλος
914 418 1140 473 (κρωβύλος
1166 415 1222 474 A)
1262 418 1305 459 ἐν
1346 419 1738 474 Ψευδυποβολιμαίῳ

149 486 227 524 κτλ.
311 487 347 524 1.
379 483 566 535 εἰσῆλθεν
596 481 648 533 L]
683 482 874 534 εἰσῆλθον
906 482 956 521 Α.
1036 483 1074 521 2.
1108 477 1144 520 δ’
1181 478 1256 534 ἐγὼ
1290 478 1445 531 Dindf.]
1485 477 1584 533 λέγω
1617 479 1666 519 A.
1697 475 1734 532 γ’

149 542 225 599 ἐγὼ
259 545 408 585 Musur.
473 543 522 584 cf.
553 542 709 593 Amips.
744 545 781 583 7.

927 623 950 666 7

364 695 438 739 καὶ
463 696 714 751 πλεκτάνην
741 696 936 751 στιφρὰν
962 690 1145 751 σφόδρ’,
1172 693 1222 737 ἐν
1248 678 1430 744 τούτοις.
1449 691 1499 736 τέ
1521 707 1610 736 που

366 769 695 825 αἰσχυνόμενον
726 764 844 825 ἧπαρ
876 768 1126 824 καπρίσκου
1158 766 1459 823 σκατοφάγου.

266 857 502 898 Athenaeus
535 855 753 907 3,107ef
794 854 944 907 μήποτε
982 852 1024 894 δὲ
1063 852 1131 894 καὶ
1168 852 1388 907 Κρώβυλος
1427 847 1652 907 (ρωβουλος
1683 847 1740 905 A)

148 914 170 957 ὁ
201 915 503 974 κωμῳδιοποιὸς
541 914 831 968 αἰσχυνόμενον
871 910 955 955 εἷπε
993 913 1035 954 τὸ
1073 919 1256 954 τοιοῦτον
1294 908 1402 965 ἧπαρ
1442 911 1485 952 ἐν
1524 912 1739 952 Ψευδυπο-

148 977 341 1034 βολιμαίω
373 975 498 1030 λέγων
530 975 655 1024 οὕτως
677 978 755 1016 κτλ.
819 974 880 1026 ἐν]
914 973 979 1015 ἐπὶ
998 976 1117 1014 Mein.
1142 976 1255 1014 Anal.
1277 974 1374 1013 Ath.
1396 975 1464 1013 48.
1529 975 1567 1012 2.
1598 972 1739 1024 καπρί-

149 1048 247 1077 σκου
281 1037 535 1091 σκατοφάγου
561 1035 745 1087 Porson.]
784 1051 851 1075 και
881 1036 1073 1088 πρίσκους
1105 1034 1340 1088 καταφάγου
1360 1034 1408 1073 Α.
1429 1056 1482 1060 —-
1514 1034 1564 1074 ef.
1584 1033 1739 1072 Alexid.

153 1100 248 1147 110,
285 1100 352 1138 17.
385 1094 547 1148 pudore
577 1098 772 1146 suffusum
809 1099 929 1136 vocat
965 1097 1099 1172 ieecur,
1142 1096 1331 1148 quoniam
1369 1096 1454 1134 fere
1487 1099 1648 1134 omento
1680 1094 1739 1132 in-

152 1159 291 1198 voluta
333 1153 662 1209 adponebantur’
667 1189 675 1197 .
732 1156 929 1209 πλεκτάνῃ
974 1152 1209 1196 ‘conlective
1256 1158 1350 1195 sunt
1395 1155 1583 1194 bracchia
1625 1155 1741 1204 poly-

151 1214 322 1269 porum'.
373 1219 493 1258 Mein.

269 1279 487 1318 Praeterea
517 1279 567 1319 cf.
598 1279 647 1318 fr.
682 1281 719 1318 9.

694 1393 901 1428 ΑΔΗΛῼΝ
926 1394 1191 1429 ΔΡΑΜΑΤΩΝ

363 1528 451 1583 ἐγὼ
485 1524 534 1570 δὲ
566 1528 678 1584 πρὸς
709 1528 763 1570 τὰ
794 1527 943 1584 θερμὰ
974 1522 1109 1569 ταῦθ’
1143 1526 1370 1585 ὑπερβολῇ

365 1601 471 1651 τοὺς
503 1600 750 1651 δακτύλους
782 1600 1015 1655 δήπουθεν
1047 1600 1236 1650 Ἰδαίους
1267 1601 1367 1656 ἔχω,
1403 1648 1406 1651 ,

366 1671 440 1716 καὶ
471 1673 551 1715 τὸν
582 1671 776 1729 λάρυγγ’
810 1672 970 1727 ἥδιστα
1001 1679 1146 1730 πυριῶ
1179 1673 1413 1728 τεμαχίοις.

366 1748 416 1787 Β.
448 1744 648 1801 κάμινος,
683 1744 766 1787 οὐκ
797 1745 1051 1802 ἄνθρωπος.

270 1821 506 1860 Athenaeus
543 1824 579 1865 1,
615 1821 670 1860 5f
708 1819 817 1873 παρὰ
847 1820 1055 1876 Κρωβύλῳ
1097 1822 1150 1876 τῷ
1181 1822 1342 1876 κωμικῷ
1376 1814 1471 1875 (τις)
1504 1829 1630 1872 φησιν
1661 1822 1739 1859 κτλ.

152 1894 189 1920 v.
218 1882 331 1920 1—-3
365 1880 510 1920 Suidas
546 1880 760 1932 Τιμαχίδας
791 1913 798 1920 .
833 1910 842 1920 .
875 1913 882 1919 .
917 1879 984 1920 καὶ
1014 1879 1235 1933 Κρώβυλός
1273 1891 1398 1932 φησιν
1429 1883 1507 1920 κτλ.
1576 1895 1613 1920 v.
1649 1883 1683 1919 1.
1714 1883 1737 1919 2

153 1940 298 1980 Suidas
331 1942 373 1980 et
405 1941 581 1980 Zonaras
617 1942 730 1981 1085
761 1936 948 1988 Ἰδαίους·
979 1939 1174 1993 ψυχρούς.
1206 1943 1283 1980 κτλ.
1348 1943 1386 1980 3.
1419 1937 1594 1994 φάρυγγ’
1628 1940 1740 1979 Suid.

157 2002 293 2053 Τιμαχ.
335 2006 485 2052 πυρειῶ
517 2000 595 2040 OE.
644 2001 840 2053 τεμαχίοις
873 2001 983 2040 Suid.
1025 2003 1109 2052 Τιμ.
1143 2004 1184 2040 et
1211 1999 1262 2052 L]
1296 2000 1486 2053 τεμάχοις.
1527 2000 1741 2052 τεμαχείοις

153 2059 195 2101 C.
244 2061 469 2113 τεμμαχίοις
488 2061 535 2100 Ε.
568 2082 623 2088 -
663 2063 700 2101 1.
731 2059 932 2116 ὑπερβολῇ
965 2062 1149 2112 coniung.
1183 2074 1273 2100 oum
1305 2060 1448 2129 θερμά.
1530 2063 1571 2101 2.
1604 2057 1739 2100 ‘heluo

153 2121 300 2172 aliquis
319 2121 521 2173 gloriatur
553 2134 594 2161 se
614 2122 758 2161 Idaeos
790 2122 951 2174 digitos,
983 2122 1008 2160 i.
1029 2135 1062 2161 e
1087 2122 1194 2161 ferro
1227 2123 1268 2160 et
1294 2123 1377 2160 aeri
1403 2121 1554 2161 similes
1579 2121 1740 2172 habere,

153 2181 299 2232 quibus
344 2181 452 2221 cibos
498 2181 766 2222 calidissimos
811 2182 962 2233 absque
1005 2182 1091 2221 ullo
1135 2182 1284 2221 doloris
1327 2194 1445 2221 sensu
1490 2183 1739 2221 contrectare

153 2237 308 2292 possit?
341 2241 509 2282 Kuster.
554 2242 603 2281 cf.
624 2242 746 2281 etiam
766 2235 937 2282 Lobeck.
958 2242 1369 2294 Aglaoph.111181.
1433 2241 1577 2281 Suidas
1597 2242 1741 2281 Idaeos

153 2301 448 2352 interpretatur
475 2303 652 2351 friyidos,
685 2302 711 2341 i.
731 2315 763 2341 e.
795 2303 940 2342 caloris
971 2302 1185 2353 patientes,
1219 2303 1359 2353 quales
1385 2303 1551 2341 fuerunt
1576 2303 1740 2352 Dactyli

152 2361 274 2412 Idaei,
306 2359 527 2413 ευπάλαμοι
546 2361 807 2414 θεράποντες,
839 2363 879 2402 οἳ
902 2367 1051 2415 πρῶτοι
1081 2360 1222 2414 τέχνην
1247 2362 1491 2414 πολυμήτιος
1504 2358 1740 2413 “Ηφαίστοιο

153 2415 273 2474 εὗρον
303 2420 347 2461 ἐν
380 2420 558 2478 οὐρείῃσι
589 2421 748 2474 νάπαις,
780 2421 911 2462 ἰόεντα
936 2422 1102 2474 σίδηρον
1128 2421 1167 2470 ἐς
1192 2428 1287 2502 πῦρ2
1308 2418 1342 2461 τ’
1377 2420 1563 2476 ἤνεγκαν.
1608 2423 1740 2461 Schol.

153 2480 572 2534 Apollon.Rhod.1,
608 2484 734 2523 1129.
785 2477 1451 2535 of.Preller.Myth.gr.².I518

936 2601 962 2642 9

872 2674 1048 2728 χλωρὸν
1081 2670 1319 2727 ἐρέβινθόν
1353 2688 1453 2714 τινα

371 2742 648 2798 ἐκοττάβιζον
681 2745 812 2787 κενὸν
845 2744 968 2795 ὅλως.
1034 2747 1081 2786 Β.
1114 2744 1316 2799 τράγημα
1349 2742 1398 2786 δὲ

370 2815 491 2857 ἔστιν
522 2816 720 2870 πιθήκου
751 2821 884 2859 τοῦτο
917 2818 1063 2872 δήπου
1097 2816 1360 2872 δυστυχοῦς.

275 2901 508 2940 Athenaeus
542 2904 580 2951 2,
614 2903 699 2942 54e
730 2902 950 2955 Κρώβυλος
976 2905 1053 2942 κτλ.
1119 2905 1156 2942 2.
1188 2902 1367 2956 τράγημα
1400 2899 1442 2941 δὲ
1463 2902 1616 2954 Dindf.]
1650 2918 1739 2955 τρα-

155 2959 309 3014 γήματα
341 2957 378 3000 δ’
414 2961 497 3002 GE.
549 2961 722 3014 δυστυχῆ
755 2964 798 3002 Ε.
863 2964 914 3002 ad
952 2963 1360 3015 Ψευδυποβολιμαῖον
1399 2965 1566 3014 propter
1598 2964 1740 3003 simili-
