2014 3334
207 201 295 241 408
592 230 595 235 ,
861 201 1122 235 ΑΔΕΣΠΟΤΑ

213 309 355 363 ὀρνέου
389 313 560 362 μιμηλοῦ
591 309 657 350 καὶ
689 309 991 362 εὐεξαπατήτου,
1022 309 1075 359 ὡς
1101 309 1270 364 ἀλλαχοῦ
1301 318 1438 364 σαφῶς
1469 313 1665 364 δηλοῦται.
1717 311 1780 353 διὸ

213 371 280 410 καὶ
310 367 336 421 ἡ
362 370 550 427 κωμῳδία
577 369 811 410 σκώπτουσα
842 370 934 418 τοὺς
954 364 1198 422 Ἀθηναίους
1229 366 1259 411 ὦ
1285 372 1400 424 μόνοι
1431 367 1524 412 ὦτοι
1548 378 1626 412 τῶν
1643 369 1782 424 Ἑλλή-

210 446 315 481 νων,
348 428 446 481 ἕφη,
483 430 720 482 λοιδοροῦσα
750 429 925 478 ἐκείνους
957 428 1009 478 ὡς
1047 430 1145 487 ῥᾷον
1176 430 1457 483 ἀπατωμένους
1489 427 1548 480 οἷς
1578 430 1782 472 ἀκούουσι.

213 491 447 532 Athenaeus
481 492 518 541 9,
552 492 649 529 390.
678 493 699 529 1
743 488 1046 541 ἀνθρωποειδὴς
1078 489 1121 530 δέ
1152 489 1253 531 ἐστιν
1286 489 1325 544 (ὅ
1357 487 1472 546 ὦτος)
1502 490 1575 543 τὴν
1607 491 1782 546 μορφήν,

210 548 279 590 καὶ
308 549 471 589 πάντων
503 548 671 601 μιμητὴς
710 549 782 589 ὅσα
819 548 870 589 ἂν
907 547 1123 602 ἅνθρωπος
1153 556 1266 606 ποιῇ,
1309 551 1443 603 διόπερ
1477 550 1543 591 καὶ
1573 550 1665 598 τοὺς
1696 550 1782 599 ἐξα-

210 607 467 661 πατωμένους
512 607 657 664 ῥαδίως
701 607 744 649 ἐκ
787 614 857 649 τοῦ
900 608 1084 662 τυχόντος
1127 610 1169 650 οἵ
1206 609 1372 662 κωμικοὶ
1414 610 1540 659 ὤτους
1582 613 1781 651 καλοῦσιν.

209 670 350 709 Aelius
391 669 610 720 Dionysius
648 669 834 708 Eustath.
874 671 977 720 561,
1020 672 1044 709 8
1089 669 1182 717 τοὺς
1225 670 1398 744 χαύνους
1439 669 1506 710 καὶ
1547 670 1783 719 κενοδόξους

211 728 336 776 ὤτους
373 727 553 768 ἐκάλουν.
609 729 850 768 Eustathius
885 730 1013 780 1687,
1048 731 1103 770 60
1147 730 1190 769 οἵ
1222 729 1321 802 ῥᾷον
1364 729 1443 770 ’ὑπὸ
1487 735 1556 770 τοῦ
1599 728 1784 782 τυχόντος

210 787 500 839 ἐξαπατώμενοι
537 782 630 827 ὦτοι
661 786 849 841 ἐλέγοντο.
898 787 1216 843 προσφυέστερον
1249 786 1284 829 δ’
1320 788 1370 829 ἂν
1402 785 1494 830 ὦτοι
1524 792 1706 830 καλοῖντο
1737 789 1788 830 οἰ
1847 803 1850 805 ·

212 848 260 888 ἐκ
303 847 450 900 μόνης
485 846 632 899 ἀκοῆς
671 846 963 902 ἀπεριέργως
999 847 1078 888 καὶ
1111 847 1433 897 ἀνεξετάστως
1469 848 1652 901 ἀπάτην
1697 848 1784 888 πά-

212 920 415 960 σχοντες.
471 920 572 958 quae
605 908 817 959 originatio
838 909 1008 948 fortasse
1039 909 1127 959 ipsa
1147 923 1304 961 quoque
1334 923 1381 949 ex
1413 910 1617 949 comoedia
1649 909 1784 960 aliqua

212 969 339 1007 fluxit.
388 968 511 1008 verba
542 979 664 1017 supra
695 969 896 1019 exscripta
927 981 974 1006 ex
1004 968 1119 1007 initio
1150 969 1358 1019 parabasis
1391 971 1552 1020 sumpta
1583 970 1687 1008 sunt.

972 1084 1028 1126 48

494 1163 756 1223 Ἀνδροκλέα
787 1167 866 1209 τὸν
898 1165 970 1209 ἀπ’
1007 1167 1216 1223 αἰγείρων

331 1251 555 1302 Hesychius
588 1248 656 1291 ἀπ’
692 1252 891 1305 αἰγείρων”
923 1256 999 1292 κτλ.
1050 1251 1138 1292 ἀντὶ
1167 1257 1237 1292 τοῦ
1264 1252 1542 1304 συκοφάντην,
1573 1251 1708 1304 ἐπειδὴ
1742 1251 1786 1292 ἐκ

214 1318 281 1363 τῆς
320 1310 361 1350 ἐν
398 1316 443 1365 τῇ
482 1310 606 1367 ἀγορᾷ
644 1311 820 1366 αἰγείρου
857 1311 904 1351 τὰ
947 1312 1112 1352 πινάκια
1149 1311 1336 1364 ἐξῆπτον,
1382 1311 1577 1352 τουτέστιν
1616 1311 1786 1364 ἐξήρτων

215 1371 257 1412 οἱ
279 1370 439 1423 ἔσχατοι.
491 1371 653 1411 Cratino
685 1372 830 1411 tribuit
848 1372 994 1424 Bergk.
1015 1373 1059 1411 R.
1081 1386 1111 1411 c.
1133 1373 1217 1411 Att.
1240 1374 1337 1424 261,
1370 1373 1417 1412 de
1444 1373 1500 1412 eis
1527 1372 1597 1424 qui
1621 1375 1786 1423 propter

214 1432 495 1482 paupertatem
515 1433 712 1471 extremos
743 1431 784 1470 in
804 1432 962 1471 theatro
994 1425 1141 1472 cuneos*
1165 1433 1414 1482 occupabant
1446 1445 1668 1472 sermonem
1699 1444 1786 1471 esse

214 1494 339 1530 ratus.
381 1492 424 1529 at
443 1503 489 1529 ea
507 1490 786 1540 interpretatio
807 1491 854 1530 ad
878 1492 963 1530 sola
981 1493 1103 1531 verba
1129 1491 1171 1530 οι
1191 1489 1343 1543 ε’σχατοι
1366 1492 1556 1542 pertinet:
1585 1492 1787 1542 prioribus

216 1551 429 1590 Androcles
455 1550 504 1588 ab
523 1550 722 1601 Hesychio
751 1553 799 1589 ut
824 1552 1081 1590 calumniator
1102 1553 1208 1590 recte
1233 1551 1449 1602 significari
1471 1551 1643 1591 videtur.
1691 1552 1786 1590 fort.

214 1611 321 1649 idem
358 1609 427 1660 qui
463 1609 660 1659 Ecphant.
692 1611 730 1649 4.
768 1609 918 1649 Oratin.
952 1612 1049 1650 208.
1077 1612 1161 1650 263
1200 1611 1406 1650 inridetur.
1469 1611 1518 1650 cf.
1550 1611 1684 1660 adesp.
1718 1611 1786 1650 51.

216 1670 339 1709 verba
369 1682 418 1708 ex
447 1670 635 1719 parabasi
667 1670 874 1719 exscripta.

975 1750 1032 1791 49

503 1830 648 1889 (ὅταν)
683 1832 883 1888 ἀστράψῃ
917 1833 993 1874 διὰ
1026 1834 1205 1883 Πυκνός

336 1917 423 1958 ἀντὶ
452 1923 522 1958 τοῦ
556 1915 607 1958 δι’
625 1915 831 1971 Ἅρματος.
862 1919 1035 1969 Hesych.
1055 1917 1248 1974 ἀστράψῃ.
1299 1917 1392 1958 ὅταν
1411 1920 1499 1959 add.
1522 1920 1638 1959 Mein.
1681 1920 1788 1959 idem

219 1976 394 2030 ἀστραπὴ
429 1975 480 2017 δι’
504 1975 716 2030 ’Ἀρματος
753 1975 984 2030 Ἀθηναῖοι,
1023 1976 1137 2018 ὁπότε
1169 1976 1220 2018 δι’
1250 1975 1446 2031 “Ἀρματος
1477 1977 1611 2027 αὐτοῖς
1648 1977 1790 2032 ἀστρά-

218 2048 344 2090 ψειεν,
376 2036 550 2089 ἔπεμπον
581 2037 636 2085 εἰς
668 2037 742 2078 δύο
774 2037 897 2085 θεοὺς
926 2037 1019 2085 τοὺς
1052 2036 1286 2091 λεγομένους
1311 2038 1558 2086 Πυθιαστάς.
1603 2039 1787 2079 Eustath.

221 2101 320 2150 266,
348 2100 400 2137 39
436 2096 514 2137 ἔστι
544 2103 613 2149 τῆς
639 2094 812 2150 Ἀττικῆς
843 2096 961 2145 τόπος
993 2096 1035 2137 ἐν
1059 2097 1253 2149 Πάρνηθι
1271 2095 1402 2150 Ἀρμα
1427 2097 1684 2150 καλούμενος,
1714 2098 1790 2138 κεί-

221 2172 338 2209 μενος
368 2155 483 2209 περὶ.
534 2156 715 2208 .Φυλήν.
764 2156 806 2197 τὸ
839 2155 881 2196 δὲ
911 2157 1194 2209 παροιμιῶδες,
1227 2155 1373 2197 ὁπόταν
1403 2156 1586 2213 ἀστράψη
1619 2154 1671 2197 δι’
1694 2155 1790 2210 ’Ἁρ-

221 2232 340 2268 ματος
378 2212 454 2271 (Η.
491 2217 626 2256 Iacobi
657 2217 694 2254 V
727 2213 994 2269 cccxxxvm).
1061 2218 1109 2257 cf.
1143 2217 1327 2256 Bursian.
1360 2216 1501 2268 Geogr.
1533 2231 1592 2268 gr.
1630 2217 1652 2257 I
1692 2219 1790 2257 252.

221 2277 359 2327 Unger
379 2277 503 2315 Theb.
522 2276 663 2315 Parad.
684 2277 767 2316 409
785 2289 841 2327 sq.
892 2276 1068 2315 dubitari
1099 2277 1166 2316 vix
1192 2278 1326 2326 potest
1351 2276 1448 2327 quin
1466 2276 1640 2316 Pericles
1667 2277 1789 2328 signi-

220 2337 362 2375 ficetur
394 2332 461 2388 (cf.
483 2336 618 2386 adesp.
642 2330 726 2389 10),
759 2336 828 2386 qui
858 2338 905 2375 ut
929 2336 1112 2386 Iuppiter
1143 2332 1194 2374 δι’
1212 2332 1408 2387 ρἈρματος
1433 2335 1476 2374 in
1501 2336 1685 2375 contione
1710 2336 1788 2375 ful·-

223 2397 351 2446 guret.
389 2395 513 2434 Arist.
547 2395 642 2434 Ach.
677 2397 757 2435 531
805 2391 1008 2448 ἤστραπτ’,
1045 2394 1221 2449 ἐβρόντα.
1281 2395 1507 2434 tetrametri
1546 2396 1791 2446 anapaestici

223 2455 375 2494 exitum
406 2467 491 2494 esse
523 2455 620 2494 dicit
650 2455 883 2505 Meinekius,
915 2456 956 2494 in
982 2468 1026 2495 eo
1058 2455 1176 2494 metri
1207 2467 1350 2506 genere
1375 2455 1666 2505 paenultimam
1695 2469 1789 2505 pro-

224 2515 315 2553 duci
346 2527 460 2564 posse
492 2527 668 2553 censens.

981 2594 1039 2637 50

510 2677 629 2733 παρὰ
658 2678 813 2732 κωφὸν
843 2673 990 2734 (ἔοικ’)
1023 2677 1307 2732 ἀποπαρδεϊν.

342 2763 548 2815 παροιμία·
575 2762 636 2802 ἐπὶ
656 2761 922 2815 ἀναισθήτων.
965 2763 1130 2803 Photius
1151 2765 1247 2811 385,
1266 2765 1332 2803 14.
1363 2761 1608 2815 ἀποπαρδεῖν
1631 2762 1786 2812 Cobet.]

226 2821 477 2874 ἀποπέρδειν.
539 2819 651 2862 ἔοικ’
693 2823 782 2862 add.
814 2823 861 2871 K.
899 2824 946 2862 ut
984 2823 1036 2862 sit
1065 2824 1156 2862 tetr.
1196 2835 1311 2874 anap.
1344 2824 1485 2862 exitus.
1549 2835 1790 2874 quamquam

225 2880 332 2934 παρὰ
369 2897 403 2921 κ.
442 2880 563 2922 ἀποπ.
613 2883 734 2922 etiam
769 2883 943 2922 trimetri
984 2895 1077 2934 pars
1122 2895 1207 2942 esee
1250 2885 1420 2934 poterat.
1479 2882 1650 2934 Hesych.
1685 2881 1792 2934 παρὰ
