2014 3334
604 252 749 286 ΦῘΛῘΠ
754 250 911 284 ΠῙΔΟΤ
971 247 1339 284 ΑΔΩΝΙΑΖΟΤΣΑΙ
1683 244 1739 286 30
1746 244 1766 284 l

960 359 984 401 7

399 447 650 504 μυιοσόβην
681 444 834 500 λαβὼν
865 438 1117 501 παραστηθ’
1154 441 1330 485 ἐνθάδε.

303 534 450 575 Pollux
473 536 540 586 10,
562 534 618 574 94
648 530 724 583 τὴν
753 530 1027 584 μυιοσόβην..
1047 528 1173 570 ,ἔστιν
1199 527 1330 582 εὑρεῖν
1354 526 1422 568 καὶ
1453 526 1496 567 ἕν
1523 523 1769 576 Ἀναξίππου

181 594 414 652 Κιθαρωδῷ
445 596 524 634 κτλ.
586 593 704 632 initio
736 590 804 631 καὶ
835 592 924 631 add.
956 591 1077 631 Mein.
1109 591 1180 631 sed
1210 590 1342 630 multa
1373 589 1454 628 alia
1487 584 1592 642 (τὴν,
1624 586 1673 627 σὺ
1707 583 1769 639 δὲ)

181 657 353 707 possunt
383 654 575 706 suppleri.

894 732 1054 766 ΦΡΕΑΡ

303 810 362 850 Of.
394 810 552 861 Diphili
583 810 725 850 fabula
757 808 1019 861 cognominis.

964 926 989 968 8

400 1013 456 1054 σὺ
489 1008 538 1053 δὲ
568 1011 651 1066 τὴν
682 1009 837 1066 μέλην,
869 1011 1082 1065 Συρίσκε,
1114 1005 1298 1063 ταυτηνὶ
1332 1007 1478 1061 λαβὼν

400 1085 584 1138 ἔνεγκον
615 1081 686 1125 ἐπὶ
717 1083 766 1125 τὸ
799 1079 933 1138 μνῆμ’
971 1080 1132 1137 ἐκείνῃ,
1164 1079 1432 1136 μανθάνεις;

399 1153 473 1198 καὶ
497 1155 730 1210 κατάχεον.

305 1242 539 1282 Athenaeus
575 1244 642 1294 11,
675 1244 760 1281 486
771 1242 820 1280 ef
854 1238 962 1292 μέλη.
1012 1239 1115 1279 οὕτω
1147 1238 1332 1278 καλεῖταί
1367 1252 1456 1277 τινα
1486 1236 1676 1291 ποτήρια,
1714 1231 1772 1277 ὧν

186 1301 429 1355 μνημονεύει
466 1297 718 1350 Ἀνάξιππος·
753 1299 796 1341 ἐν
843 1298 988 1353 Φρέατι
1030 1297 1155 1353 λέγων
1197 1298 1323 1346 οὕτως
1359 1301 1436 1338 κτλ.
1530 1300 1568 1339 2.
1610 1296 1772 1351 ἔνεγκον

186 1363 339 1403 Iacobs.
359 1362 464 1402 Add.
483 1362 580 1401 Ath.
603 1360 708 1412 269]
739 1356 867 1414 ἔνεγκ’
901 1361 950 1400 Α.
999 1361 1115 1400 iubet
1138 1359 1272 1399 nescio
1299 1359 1390 1411 quis
1419 1372 1581 1399 servum
1611 1358 1773 1398 mulieri

186 1425 370 1463 mortuae
401 1422 638 1462 libationem
669 1423 787 1462 ferre.

764 1633 1199 1707 ΦΙΛΙΠΠΙΔΗΣ

307 1756 478 1795 Meinek.
510 1755 531 1794 Ι
562 1756 662 1795 471.
696 1758 734 1794 2.
783 1755 979 1806 Droysen.
1012 1753 1246 1793 Hellenism.
1274 1753 1293 1791 I
1320 1754 1406 1793 500
1426 1766 1465 1791 n.
1493 1754 1560 1792 61.
1603 1753 1770 1792 Waehs-

189 1817 316 1856 muth.
348 1813 499 1856 Athen.
531 1815 552 1854 I
586 1817 670 1855 624
691 1828 728 1854 n.
762 1817 800 1854 2.

800 1930 1165 1964 ΑΔΩΝΙΑΖΟΤΣΑΙ

310 2007 370 2047 Of.
395 2007 567 2046 Meinek.
593 2006 613 2045 I
646 2007 745 2046 349.
778 2007 864 2046 472
898 2008 940 2045 et
970 2006 1120 2056 Diphil.
1153 2006 1221 2044 50.
1274 2005 1424 2044 similes
1456 2008 1553 2044 sunt
1584 2007 1773 2045 Διονυσι-

189 2067 355 2116 άζουσαι
387 2067 594 2118 Timoolis‚
629 2065 1024 2119 Θεσμοφοριαζουσαι
1055 2065 1353 2116 Aristophanis.

405 2243 851 2300 ἀναμασχαλιστῆρας
965 2184 987 2226 1

309 2332 455 2371 Pollux
476 2332 628 2380 5,100
663 2325 730 2384 (de
752 2333 899 2370 ornatu
917 2325 1125 2384 muliebri)
1157 2328 1247 2382 περὶ
1278 2327 1320 2369 δὲ
1351 2333 1434 2377 τοῖς
1466 2327 1639 2382 στέρνοις
1672 2329 1772 2383 αἰγί-

192 2392 264 2440 δας
301 2390 367 2431 καὶ
411 2394 733 2464 μασχαλιστῆρας.
802 2388 870 2429 καὶ
912 2388 1306 2442 ἀναμασχαλιστῆρας
1352 2390 1596 2441 Φιλιππίδης
1640 2388 1660 2429 ὅ
1704 2395 1774 2442 τῆς

190 2451 399 2508 κωμωδίας
442 2465 609 2503 ποιητης
653 2449 696 2490 ἐν
735 2446 1079 2498 Ἀδωνιαζούσαις.
1148 2449 1541 2503 ἀναμασχαλιστῆρας
1580 2449 1770 2500 Bekker.]

190 2510 551 2565 ἆναμασχαλιστηρ,
592 2508 656 2558 ὥς.
719 2510 948 2562 Hesychius
992 2509 1350 2562 ἀναμασχαλιστήρ·
1395 2505 1499 2557 εἶδος
1539 2511 1770 2563 γυναικείου

190 2571 355 2623 κόσμου.
405 2569 773 2623 ἀμφιμασχαλιστήρ
806 2570 867 2619 (Za
891 2572 1000 2620 peler
1001 2572 1082 2618 ine)
1115 2571 1233 2624 Mein.
1266 2571 1326 2609 ed.
1358 2571 1451 2609 mai.

413 2731 416 2735 .
534 2749 545 2761 Ι
965 2687 992 2730 2

406 2762 540 2812 γυναι

312 2832 399 2873 ἀντὶ
430 2839 500 2874 τοῦ
530 2837 727 2891 γυναῖκες.
781 2834 1022 2886 Φιλιππίδης
1049 2830 1402 2882 Ἀδωνιαζούσαις..
1431 2834 1603 2874 Bekker.
1622 2834 1771 2874 Anecd.

194 2896 268 2946 86,
303 2896 370 2934 12.
432 2895 481 2934 cf.
519 2894 701 2935 Phereer.
736 2896 804 2934 91.
866 2895 1028 2934 dubitat
1066 2895 1115 2934 de
1152 2894 1381 2945 Philippide
1413 2894 1567 2934 Nauck.
1622 2895 1771 2934 Bullet.

194 2954 353 3005 Petrop.
379 2954 477 2993 XIII
510 2955 609 2994 360.
