2014 3334
757 270 1105 306 suppnmun
1129 271 1237 306 von.
1264 272 1299 306 11
1732 269 1818 314 ‘143

245 383 314 434 22,
337 384 375 422 2.
418 381 554 434 Steph.
581 382 675 434 Byz.
706 381 871 435 Φρυγία.
925 381 1055 422 Schol.
1075 382 1201 423 Arist.
1223 383 1296 423 Av.
1317 384 1415 424 493.
1465 383 1649 424 Bursian.
1670 382 1816 437 Geogr.

357 497 549 554 Ὀπώρα.
591 502 639 541 of.
672 501 796 542 etiam
825 501 981 541 Aelian.
1015 502 1139 552 Epist.
1168 503 1193 541 8
1226 504 1360 553 p.18.
1397 505 1448 543 19
1482 502 1670 544 Hereher.

365 563 462 613 167,
487 563 526 602 4.
559 561 692 601 Plaut.
717 562 881 602 Poennl.
909 563 946 610 3,
975 563 1012 611 3,
1041 563 1094 602 87
1127 563 1311 602 vetustdte
1335 564 1425 602 vino
1450 563 1622 603 eddruulo
1653 566 1815 604 aetatem

240 621 399 671 inriqes.
416 641 467 649 —
485 623 524 661 5.
544 619 682 661 πέπων
701 623 793 661 ante
813 634 876 660 me
896 621 1108 672 Emporias
1127 621 1340 661 Adversar.
1359 623 1456 662 349.
1489 622 1538 663 of.
1555 623 1706 674 Epinio.
1723 625 1761 674 1,
1776 625 1814 663 6.

364 682 461 732 170,
490 683 525 720 1.
571 680 740 732 Κτήσων
770 679 814 721 ἐκ
845 678 1060 733 Κεραμέων
1092 683 1154 721 est
1187 679 1430 732 [Demosth.]
1465 683 1533 733 59,
1565 684 1633 723 48.

362 743 459 791 172,
486 742 510 781 6
545 739 651 797 αὐτῷ
683 739 732 780 σὺ
764 740 910 792 χαίρων
940 740 1145 781 Herwerd.
1175 743 1270 780 186.

361 802 460 852 173,
493 802 560 840 13.
610 797 800 842 ὀπτάνιον
832 800 955 840 etiam
986 801 1150 852 lapides.
1214 801 1419 841 Riemann.
1457 801 1552 842 Rev.
1585 802 1634 841 de
1671 802 1810 853 philol.

361 921 458 969 174,
478 921 503 960 3
524 920 696 959 fortasse
717 932 791 960 sor.
810 917 890 971 ἤδη
906 915 1145 959 ’πανελθών.
1167 941 1223 947 -
1242 922 1289 960 11
1309 918 1590 972 περιεζωμένος
1603 921 1809 961 Herwerd.

361 981 458 1019 179.
489 982 537 1019 ut
566 980 711 1019 Eubul.
741 982 838 1032 117,
860 981 897 1020 9.
926 981 982 1019 10
1013 980 1090 1019 huo
1114 993 1193 1019 non
1218 980 1405 1031 pertinet,
1436 981 1494 1020 sic
1519 981 1700 1020 Menand.
1723 982 1806 1022 865

241 1038 365 1079 dubia
395 1042 502 1079 certe
533 1051 598 1079 res
629 1042 701 1079 est.

362 1100 459 1150 193,
486 1101 523 1139 3.
554 1112 634 1138 non
666 1099 867 1150 persuasit
896 1098 996 1138 mihi
1026 1099 1320 1139 Herwerdenus
1349 1101 1443 1139 187.

359 1160 462 1208 200,
491 1160 517 1198 4
556 1157 709 1211 φόρους
746 1157 920 1198 δεκάτων
958 1159 1088 1210 suppl.
1120 1159 1220 1198 Ellis
1252 1160 1384 1198 Amer.
1417 1159 1556 1199 Journ.
1590 1158 1648 1198 VI
1681 1161 1717 1199 5.
1751 1180 1807 1187 --

238 1218 277 1258 5.
313 1220 394 1266 τοῖς
437 1216 588 1270 λιμέσιν
632 1232 705 1270 pro
748 1219 832 1266 ταῖς
863 1216 1021 1258 πόλεσιν
1059 1217 1104 1258 Ο.
1137 1218 1304 1258 Crusius
1341 1232 1378 1269 p.
1408 1220 1504 1258 621.
1555 1222 1598 1258 at
1634 1218 1692 1258 ibi
1728 1231 1807 1259 non

236 1277 376 1317 sedent
407 1278 559 1329 cetarii,
592 1278 661 1318 sed
692 1278 734 1317 in
765 1279 864 1318 foro.

352 1339 455 1389 201,
482 1340 520 1378 2.
550 1341 632 1386 τοῖς
662 1337 880 1393 Βορεάδαις
904 1334 931 1390 ἢ
955 1341 1104 1378 θᾶττον
1130 1336 1152 1377 ὅ
1175 1351 1211 1376 τι
1240 1336 1392 1377 τούτων
1422 1335 1542 1390 τρέχει
1573 1338 1727 1377 Kaibel.
1748 1359 1806 1366 ——

238 1397 276 1436 4.
303 1410 405 1448 quae
431 1398 638 1437 Nauckius
665 1394 796 1438 adfert
820 1398 910 1437 Mel.
937 1397 974 1436 V
1001 1399 1086 1438 236
1113 1398 1155 1437 in
1179 1410 1269 1436 mea
1295 1397 1468 1437 editione
1491 1397 1694 1449 adscripta
1712 1400 1808 1437 sunt

235 1456 287 1496 ad
317 1456 474 1497 Alexid.
504 1459 571 1509 18,
597 1459 637 1497 4.

355 1518 454 1557 206.
485 1517 534 1556 of.
560 1517 683 1556 etiam
714 1517 884 1556 Meinek.
916 1516 1034 1555 Anal.
1066 1516 1160 1555 Ath.
1190 1518 1257 1556 75.

354 1577 452 1627 209,
479 1579 516 1616 2.
548 1590 627 1616 non
658 1589 749 1616 mea.
780 1579 842 1615 est
873 1576 1112 1627 emendatio,
1146 1576 1215 1615 sed
1241 1575 1286 1615 G.
1306 1576 1526 1615 Hermanni
1546 1577 1653 1627 Epit.
1679 1577 1804 1616 doctr.

231 1648 287 1675 m.
314 1648 412 1676 xvn.

354 1698 450 1745 211,
478 1698 503 1735 2
535 1694 694 1735 θανάτα
722 1694 874 1735 τούτων
904 1700 982 1734 τῶν
1014 1700 1132 1747 τριῶν
1163 1695 1333 1735 Vindob.

354 1757 453 1806 216,
478 1757 516 1795 3.
550 1755 599 1794 de
630 1756 844 1795 Mnesitheo
875 1755 926 1794 of.
958 1754 1092 1805 adesp.
1122 1756 1220 1795 106.
1249 1757 1284 1794 7.

353 1816 451 1866 219,
480 1817 504 1855 5
536 1813 662 1866 μόνον
693 1812 797 1854 ἐστὶν
827 1812 1078 1866 ὑποκόρισμα
1108 1814 1281 1866 Madvig.
1317 1814 1416 1855 Adv.
1444 1815 1531 1854 crit.
1557 1815 1619 1854 ΠΙ
1651 1817 1718 1856 67.

352 1876 450 1925 220,
477 1876 514 1914 4.
547 1876 595 1914 fr.
623 1876 690 1924 27,
721 1876 756 1914 3.
785 1876 810 1913 4
844 1875 1000 1914 confert
1032 1872 1079 1913 O.
1105 1873 1271 1913 Orusius
1302 1888 1340 1924 p.
1368 1876 1464 1913 621.

353 1936 450 1986 222,
477 1936 504 1974 4
536 1933 649 1974 οἴνου
682 1931 824 1985 ὀσμήν,
856 1936 902 1972 ut
932 1933 1101 1974 Philem.
1128 1934 1195 1984 98,
1223 1935 1259 1972 3.
1286 1935 1313 1972 4
1341 1928 1563 1987 (Herwerd.
1593 1929 1709 1988 187).

353 1995 452 2036 226.
484 1994 532 2034 cf.
565 2006 670 2033 nunc
701 1994 823 2032 etiam
854 1993 1009 2032 Kaibel.

354 2055 450 2104 230,
476 2055 515 2092 4.
548 2053 685 2104 Eurip.
718 2053 856 2104 Suppl.
882 2054 992 2092 1069
1028 2050 1183 2103 όμοιον·
1222 2050 1271 2092 οὐ
1302 2050 1376 2105 γὰρ
1407 2050 1461 2103 μὴ
1493 2051 1604 2108 κίχῃς
1633 2049 1669 2103 μ’
1703 2051 1802 2092 ἑλὼν

230 2112 322 2164 χερί.
369 2113 441 2153 ubi
466 2113 517 2153 of.
544 2126 646 2164 quae
671 2112 880 2152 adnotavit
906 2112 1347 2151 Marklandus.a1iter
1372 2108 1532 2165 (όμοιον
1555 2110 1620 2151 καὶ
1647 2112 1802 2152 δίκαιον

230 2169 496 2227 coniungens)
522 2173 628 2224 quod
653 2173 867 2224 vulgatum
892 2173 954 2211 est
978 2172 1159 2212 defendit
1184 2170 1228 2211 O.
1256 2171 1422 2211 Crusius
1446 2186 1482 2223 p.
1513 2174 1609 2211 622.
1666 2176 1799 2211 tamen

230 2232 271 2271 in
302 2232 484 2271 Alexidis
515 2233 742 2284 fragmento
774 2245 880 2271 nunc
912 2244 1070 2282 quoque
1102 2231 1355 2270 scribendum
1386 2232 1488 2270 duco
1521 2228 1643 2271 ὄναιο.

343 2294 455 2343 231,
476 2294 525 2331 2.
559 2265 604 2332 3⁰
619 2292 704 2331 sine
742 2291 920 2331 auctoris
957 2291 1116 2330 nomine
1156 2291 1277 2330 etiam
1312 2291 1551 2331 Eustathius
1587 2293 1712 2343 1598,
1743 2293 1795 2330 31

231 2346 297 2406 (Ο.
325 2323 510 2391 Kaehler.
540 2346 658 2406 904).

349 2413 448 2463 234,
474 2413 512 2451 4.
535 2413 573 2451 5.
604 2411 742 2462 Eurip.
764 2411 811 2451 fr.
831 2411 917 2450 433
937 2410 986 2449 N.
1013 2405 1180 2463 (Ἔρως)
1206 2407 1249 2449 ἐν
1274 2412 1356 2457 τοῖς
1387 2407 1648 2461 ἀμηχάνοισιν
1679 2407 1795 2449 εὐπο-

231 2470 403 2526 ρώτατος
433 2472 589 2511 confert
619 2470 668 2509 H.
695 2470 812 2509 Weil.
845 2469 941 2509 Rev.
972 2469 1060 2509 orit
1091 2471 1216 2518 1885,
1245 2471 1340 2509 276

352 2532 450 2577 245,
480 2533 529 2570 11
565 2526 591 2581 ἡ
624 2526 660 2569 δ’
695 2527 813 2569 ἄνοια
843 2527 1015 2576 παιδός
1048 2528 1248 2568 Herwerd.
1285 2530 1381 2568 195.

351 2586 500 2639 247‚'5
535 2589 694 2642 λίχνος
724 2587 799 2642 γὰρ
830 2586 932 2640 ἁνήρ
963 2588 1069 2628 idem
1098 2590 1192 2628 187.
1483 2606 1485 2609 ¹

353 2649 492 2701 Φρύξ,
525 2649 615 2689 add.
649 2649 888 2688 Aristaenet.
923 2648 1048 2698 Epist.
1080 2651 1115 2698 1,
1144 2649 1195 2687 15
1229 2661 1266 2698 p.
1296 2649 1377 2686 147
1411 2646 1600 2687 Hercher.

351 2711 449 2759 255,
482 2712 506 2748 5
538 2708 757 2761 πρόχειρον
789 2703 925 2747 οἶνον
950 2705 1162 2759 ἀκρατῶς
1191 2707 1392 2746 Herwerd.
1424 2708 1518 2746 188.
1563 2719 1642 2746 non
1667 2707 1795 2747 oredo.

350 2770 454 2820 262,
488 2770 512 2807 2
557 2767 920 2819 διαλλαξάμενος
966 2763 1117 2822 ᾔθεον
1159 2766 1250 2818 βίον
1292 2766 1465 2817 Madvig.
1506 2766 1673 2805 Advers.
1710 2766 1797 2806 crit.

352 2889 450 2936 266,
483 2889 519 2927 6.
543 2889 581 2926 7.
624 2887 811 2926 Eustath.
848 2887 972 2933 1863,
1000 2886 1055 2925 58
1090 2881 1226 2936 (Mein.
1259 2885 1318 2924 ed.
1351 2884 1443 2923 min.
1476 2880 1597 2938 xvm)
1628 2883 1797 2936 λόπισμα

232 2949 382 3002 εἴρηται
411 2945 478 2987 καὶ
508 2944 640 2994 λέπος·
673 2941 759 2986 οἷον
785 2944 949 2992 οὐδενὸς
973 2943 1047 2998 γὰρ
1072 2940 1222 2984 πώποτ’
1257 2941 1452 2996 ἀπέβαλεν
1478 2941 1645 2996 ὀσπρίου
1669 2942 1797 2991 λέπος.
