2014 3334
493 223 922 268 'AMQIZBHTnleA
947 234 1031 267 ΚΑΙ
1057 233 1448 267 ΨΕΎΔΕΠΙΓΡΑΦΔ
1686 230 1771 273 271

929 343 1041 386 1121

411 413 501 470 ὁρῶ
532 412 618 458 τιν’
655 412 726 458 ἐπὶ
756 418 838 457 τοῦ
869 415 1065 470 βήματος
1095 414 1435 470 καθεδούμενον

315 501 490 542 Cramer.
521 501 670 541 Anecd.
702 500 774 541 Ox.
798 501 818 540 I
846 503 944 552 255,
978 503 1032 540 22
1066 501 1319 553 καθεδοῦμαι
1349 504 1428 541 κτλ.
1472 499 1580 552 παρὰ
1606 499 1774 540 Μενάν-

197 561 290 620 δρῳ.
338 575 550 614 perperam
572 562 837 601 Menandrum
862 561 1088 602 nominavit
1114 575 1186 612 pro
1207 562 1480 612 Aristophane
1501 557 1628 614 (Plut.
1650 557 1774 614 382):

194 625 244 663 ut
272 622 396 662 mirer
426 622 547 662 etiam
581 634 605 661 a
637 622 850 662 Duebnero
882 621 1103 661 Menandro
1135 621 1354 673 adsignari.

930 726 1046 769 1122

318 801 447 842 Schol.
468 802 632 842 Hesiod.
652 802 801 853 Theog.
826 803 908 842 138
937 801 1156 841 Menandro
1182 801 1327 840 tribuit
1352 799 1432 856 ἐρᾷ
1465 797 1550 851 μὲν
1581 797 1774 852 ὄμβρων

195 864 319 916 γαῖα.
368 864 412 902 at
443 864 506 901 est
535 862 791 905 notissimum
825 861 1030 912 Euripidis
1062 861 1337 914 fragmentum
1370 862 1468 912 890,
1497 863 1519 900 7
1554 860 1615 911 N„
1647 873 1774 910 neque

195 922 238 961 id
269 922 459 962 credibile
497 924 560 962 est
590 924 676 961 tam
713 922 858 962 stolide
887 922 1154 962 Menandrum
1192 921 1533 972 transscripsisse,
1570 923 1617 959 ut
1653 921 1776 958 etiam

195 994 334 1023 vocem
364 984 459 1036 γαῖα
488 982 694 1022 retineret.

930 1051 1044 1095 1123

316 1127 522 1178 Euripidis
543 1128 591 1166 fr.
613 1128 699 1167 526
720 1127 770 1166 N.
814 1127 918 1166 falso
950 1126 1146 1166 tribuitur
1171 1126 1391 1165 Menandro
1410 1125 1593 1176 Apostol.
1616 1125 1654 1172 6,
1676 1125 1728 1163 67
1740 1123 1776 1162 b.

927 1243 1044 1286 1124

318 1318 525 1370 Euripidis
556 1319 603 1357 fr.
637 1300 722 1358 925
754 1318 805 1358 N.
854 1319 958 1358 falso
989 1318 1186 1358 tribuitur
1212 1318 1431 1357 Menandro
1457 1317 1639 1356 Mantiss.
1666 1330 1776 1367 prov.

201 1382 238 1430 1,
271 1381 299 1418 4
330 1381 430 1419 extr.

930 1447 1045 1491 1125

319 1523 511 1575 Aeschyli
531 1524 579 1563 fr.
597 1525 677 1563 151
702 1524 749 1562 N.
771 1521 905 1573 inepte
925 1523 1143 1562 Menandro
1165 1523 1403 1574 adsignatur
1417 1522 1597 1572 Apostol.
1613 1523 1651 1572 8,
1673 1523 1726 1560 89
1740 1522 1776 1559 k.

931 1641 1045 1683 1126

319 1715 526 1767 Sophoclis
557 1717 606 1755 fr.
627 1717 712 1755 842
733 1716 783 1755 N.
834 1716 1053 1756 Menandro
1087 1716 1326 1768 adsignatur
1361 1715 1539 1765 Apostol.
1576 1715 1642 1764 13,
1677 1715 1775 1753 36a.

931 1833 1045 1876 1127

418 1906 590 1962 Θρᾷκες
622 1900 734 1962 ὅρκι’
770 1904 853 1948 οὐκ
883 1903 1151 1948 ἐπίστανται.

322 1991 522 2031 Zenobius
550 1994 589 2043 4,
623 1994 676 2031 32
786 1990 930 2043 ταύτης
961 1990 1152 2045 μέμνηται
1184 1989 1428 2044 Μένανδρος
1465 1988 1508 2029 ἐν
1544 1994 1590 2045 τῇ
1630 1987 1778 2044 πρώτῃ.

201 2049 245 2091 ἐν
281 2056 326 2106 τῇ
363 2050 499 2107 πρώτῃ
532 2047 754 2105 Ἐπικλήρῳ
789 2052 942 2092 Schott.
987 2052 1035 2092 de
1076 2053 1268 2092 historico
1307 2052 1536 2102 cogitarunt
1571 2050 1777 2088 Hemster-

202 2111 361 2160 husius,
398 2111 664 2162 Niebuhrius,
696 2112 938 2163 Meinekius,
969 2113 1040 2152 alii
1072 2107 1141 2166 (cf.
1173 2113 1354 2151 Mueller.
1383 2112 1538 2162 Fragm.
1572 2110 1664 2148 hist.
1697 2109 1779 2147 IIII

203 2173 299 2211 204.
321 2169 437 2225 448).
473 2172 668 2211 comicum
688 2172 905 2223 significari
924 2174 1088 2212 censent
1105 2172 1249 2212 Miller.
1279 2172 1486 2222 Melanges
1502 2171 1598 2209 355.
1624 2169 1779 2207 Nauck.

201 2230 352 2270 Bullet.
384 2229 584 2283 Petropol.
616 2231 717 2271 XIII
750 2234 834 2272 373
849 2246 888 2273 n.
923 2235 959 2272 7.

934 2337 1048 2380 1128

322 2410 496 2463 Hesych.
528 2409 743 2462 ἀφαιᾶσαι·
783 2409 1018 2464 ἀπαλγῆσαι.
1069 2410 1434 2465 ἀπολειτουργῆσαι.
1484 2408 1550 2448 καὶ
1581 2406 1780 2448 ἀπολέσαι.

205 2467 226 2510 ὅ
258 2469 377 2518 αὐτὸς
408 2471 580 2521 δελφοῖς.
625 2467 832 2522 Ἀδελφοῖς
863 2473 1029 2512 Florens
1055 2471 1203 2512 Christ.
1236 2466 1482 2510 ‘Menander’
1514 2470 1566 2508 M.
1587 2469 1780 2519 Schmidt,

204 2531 274 2581 qui
304 2532 479 2580 temptat
509 2529 691 2582 ἀφ(εἶναι
715 2533 780 2572 vel
811 2526 967 2586 έσθαι)·
1007 2530 1133 2583 ἐᾶσαι,
1164 2531 1396 2580 ἀπαλλάξαι,
1427 2528 1780 2581 ἀπολειτουργῆσαι

204 2588 271 2629 καὶ
307 2588 516 2630 ἀπολῦσαι.
571 2593 639 2630 sed
676 2594 958 2642 praeterquam
992 2593 1100 2643 quod
1131 2593 1228 2630 haec
1267 2591 1400 2630 omnia
1431 2602 1596 2639 prorsus
1627 2589 1781 2627 incerta

207 2653 314 2701 sunt,
340 2646 528 2701 Ἀδελφοί
556 2651 721 2690 fuerunt
752 2651 873 2690 etiam
906 2651 1099 2700 Alexidis,
1130 2650 1386 2701 Philemonis,
1420 2649 1584 2700 Diphili,
1614 2648 1779 2699 Apollo-

205 2708 314 2762 dori,
343 2710 574 2762 Hegesippi,
605 2711 846 2761 Euphronis.

935 2803 1050 2846 1129

330 2876 532 2929 [Luciam]
564 2878 700 2918 Amor.
730 2891 811 2918 non
843 2878 972 2917 solum
1006 2879 1075 2929 43,
1107 2876 1177 2915 sed
1209 2876 1330 2914 etiam
1363 2877 1419 2914 42
1452 2872 1580 2922 εὐθὺς
1611 2873 1690 2914 ἀπὸ
1724 2897 1770 2905 —

207 2939 261 2994 τῷ
280 2935 438 2990 ποιμένι
458 2950 505 2976 ex
523 2937 742 2977 Menandro
763 2940 924 2988 sumpta
942 2950 1028 2976 esse
1049 2936 1271 2976 arbitratur
1290 2935 1515 2974 Lobeekius
1535 2936 1627 2986 Agl.
1642 2937 1660 2974 I
1682 2938 1778 2976 631.
