2014 3334
234 209 322 250 262
603 241 607 246 f
871 211 1169 245 MENANAPOT

966 320 1081 362 1070

521 378 762 432 σύγκλινον

356 461 441 511 (τὸν
460 463 749 516 παρακείμενόν
768 480 844 504 τινι
864 462 1088 519 συμπότην)
1110 464 1351 518 Μένανδρος
1370 464 1479 519 λέγει,
1516 467 1659 505 Pollux
1681 468 1719 517 6,
1742 469 1807 506 12.

965 583 1078 625 1071

521 647 820 696 συκοφαντεῖν

355 727 462 781 παρὰ
482 727 669 767 Πλάτωνι
699 726 766 767 καὶ
789 728 1020 784 Μενάνδρῳ
1053 724 1140 769 οἷον
1168 729 1313 776 κνίζειν
1340 727 1542 781 ἐρωτικῶς.
1581 730 1810 782 Etymolog.

238 803 287 827 m.
318 790 414 838 733,
442 790 510 826 48.
561 788 707 827 Suidas
739 792 1022 839 συκοφαντεῖν·
1054 789 1198 836 κνίζειν
1231 788 1433 840 ἐρωτικῶς.
1483 788 1609 836 οὕτως
1641 789 1811 828 Πλάτων

238 846 303 886 καὶ
335 845 588 900 Μένανδρος.
651 850 698 888 cf.
733 849 835 887 Plat.
867 862 964 888 com.
998 850 1096 888 255.
1146 849 1269 888 Arist.
1301 850 1391 887 Pac.
1428 850 1554 888 1350.

768 997 772 1001 .
967 966 1081 1007 1072

524 1025 773 1078 συμβόλαια

359 1109 405 1149 τὰ
437 1109 750 1162 συναλλάγματα.
800 1109 925 1158 οὕτως
956 1108 1210 1162 Μένανδρος.
1261 1112 1440 1150 Phoizius.

970 1227 1084 1270 1073

525 1286 758 1341 σύσσημον

361 1373 573 1424 Phrynich.
608 1373 714 1423 Epit.
740 1375 838 1413 418.
890 1376 938 1413 cf.
975 1376 1100 1413 1007.
1126 1359 1356 1425 ’σύσσημον
1387 1380 1455 1426 τῆς
1486 1373 1607 1427 ἀρχῆς
1641 1376 1814 1428 Diodor.,

242 1434 445 1485 σύσσημον
478 1432 604 1485 αἴρειν
636 1435 676 1471 et
706 1435 851 1472 πωλεῖν
884 1431 962 1472 ἀπὸ
995 1433 1201 1485 συσσήμου
1234 1435 1313 1475 alii.

971 1538 1087 1579 1074

534 1597 794 1652 Τεμβρίειον

363 1685 590 1735 Shephanus
616 1683 712 1734 Byz.
748 1681 955 1735 Τέμβριον,
986 1683 1098 1731 πόλις
1126 1684 1315 1737 Φρυγίας.
1365 1682 1608 1734 Μένανδρος
1640 1682 1682 1724 δὲ
1719 1687 1815 1736 Τεμ-

244 1744 393 1798 βρίειόν
437 1754 581 1795 φησιν,
631 1741 684 1790 ὡς
727 1745 766 1781 Γ
762 1743 944 1795 ορδίειον.
1009 1739 1264 1796 Ἀλέξανδρος
1308 1758 1379 1795 pro
1417 1742 1660 1796 Μένανδρος
1696 1746 1816 1784 Mein.

244 1804 480 1856 suspicionis
507 1816 669 1843 causam
693 1816 771 1842 non
797 1804 934 1843 video:
965 1816 1058 1842 nam
1089 1806 1136 1843 ut
1157 1804 1312 1854 Quinda
1338 1805 1529 1855 oppidum
1561 1805 1682 1844 etiam
1706 1805 1814 1844 Tem-

245 1867 373 1905 brium
404 1876 712 1903 commemorare
744 1865 905 1913 poterat
935 1868 1065 1913 poeta.

974 1979 1091 2022 1075

537 2040 692 2094 Τίβιον

366 2126 549 2176 Append.
580 2139 691 2175 prov.
726 2128 763 2176 3,
798 2117 851 2165 79
897 2124 1012 2172 Μάις
1054 2123 1120 2164 καὶ
1163 2125 1320 2176 Θίμβις·
1364 2130 1485 2164 ταῦτα
1528 2123 1702 2177 ὀνόματά
1745 2125 1819 2165 εἰσι

250 2186 432 2239 Φρυγικά
464 2214 473 2224 .
495 2214 504 2223 .
525 2214 535 2223 .
566 2183 634 2224 τὸν
667 2182 709 2223 δὲ
745 2184 889 2236 Θίμβιν
921 2182 942 2228 ὁ
974 2182 1216 2234 Μένανδρος
1249 2190 1421 2236 συνεχῶς
1457 2185 1593 2236 Τίβιον
1624 2182 1818 2236 ὀνομάζει.

247 2245 312 2286 καὶ
345 2245 415 2297 ὅλη
446 2242 472 2296 ἡ
509 2244 664 2297 Φρυγία
701 2244 814 2296 Τιβία
845 2246 1026 2283 καλεῖται.
1077 2245 1125 2283 cf.
1157 2245 1329 2283 Leucon.
1364 2247 1401 2283 3.

532 2421 752 2475 τρίγωνον

412 2539 419 2546 .
451 2537 461 2546 .
500 2504 627 2557 ὄνομά
664 2504 741 2545 ἐστι
779 2505 1052 2558 δικαστηρίου,
1096 2505 1189 2553 ἴσως
1225 2503 1291 2544 καὶ
1327 2507 1380 2561 τῷ
1404 2505 1588 2557 ’σχήματι
1624 2505 1818 2559 τριγώνου

250 2567 372 2615 ὄντος.
426 2565 748 2618 μνημονεύουσιν
773 2564 897 2605 αὐτοῦ
929 2563 1041 2605 ἄλλοι
1070 2580 1108 2604 τε
1139 2564 1206 2622 §tofi
1225 2562 1468 2619 Μένανδρος
1500 2564 1542 2604 ἐν
1573 2571 1618 2620 τῇ
1646 2561 1819 2620 (reliqua

249 2623 424 2681 desunt).
467 2625 772 2675 Harpocration.

978 2706 1089 2748 1077

534 2766 748 2821 τρόπαιον

370 2849 395 2902 ἡ
433 2849 504 2890 νέα
542 2846 742 2905 (Ἀτθίς),
780 2845 828 2901 ἧς
871 2849 948 2890 ἐστι
986 2848 1227 2902 Μένανδρος
1272 2845 1369 2899 (non
1407 2846 1627 2903 τροπαῖον).
1691 2850 1808 2889 Schol

251 2912 431 2963 Thucyd.
466 2914 501 2961 1,
535 2913 601 2950 30.
