2014 3334
255 241 342 283 510
635 206 638 210 r
901 245 1164 280 ΑΔΕΣΠΟΤΑ

253 354 430 393 fortasse
457 355 534 393 huc
566 356 740 405 pertiueh
772 356 917 395 Athen.
955 359 1021 408 12,
1056 358 1168 397 552f
1198 354 1456 411 “Ηρακλείδης
1488 357 1508 398 ὅ
1541 360 1736 410 Ποντικὸς
1756 392 1766 401 .
1785 392 1796 402 .
1815 392 1826 402 .

253 413 417 452 Δεινίαν
454 412 551 464 φησὶ
601 413 669 453 τὸν
713 415 955 467 μυροπώλην
999 446 1007 455 .
1046 446 1055 456 .
1100 417 1154 464 εἰς
1194 415 1316 470 ἔρωτα
1348 417 1569 469 ἐμπεσόντα
1606 450 1616 460 .
1655 453 1662 459 .
1702 451 1711 460 .
1749 420 1826 461 ὑπὸ

252 472 379 523 λύπης
411 471 698 526 ἐκταραχθέντα
730 473 944 526 ἐκτεμεῖν
977 474 1123 515 αὑτοῦ
1160 476 1212 515 τὰ
1244 477 1417 518 αἰδοῖα.
1480 480 1530 517 ad
1563 481 1826 520 definiendam

253 533 469 583 fragmenti
502 536 678 572 aetatem
710 535 806 574 haec
837 535 939 573 nihil
971 536 1135 575 faciunt.

995 651 1083 694 560

537 720 586 763 ἐν
615 729 708 772 τοῖς
740 721 933 778 ἐμαυτοῦ
965 723 1162 773 δικτύοις
1193 723 1429 780 ἁλώσομαι.

372 789 571 846 Macarius
605 810 643 858 3,
677 810 730 848 85
773 807 836 848 ἐπὶ
867 814 943 848 τῶν
975 808 1053 848 ὑπὸ
1086 815 1163 849 τῶν
1194 810 1307 850 ἰδίων
1333 818 1588 865 πανουργιῶν
1621 810 1825 864 ἁλισκομέ-

250 881 345 905 νων.
395 868 442 905 cf.
464 867 650 906 Leutsch.
675 889 729 894 —-
750 868 1080 922 Aesch.f1·.>135‚
1103 870 1191 908 4N.
1224 867 1310 909 τάδ’
1346 870 1417 923 οὐχ
1448 868 1518 910 ὑπ’
1553 869 1697 924 ἄλλων,
1729 871 1826 912 ἀλλὰ

250 929 332 972 τοῖς
364 924 495 965 αὑτῶν
526 930 681 979 πτεροῖς
713 925 993 979 ἁλισκόμεσθα.

997 1034 1081 1076 561

535 1113 648 1157 λέων
680 1115 793 1158 ὅπου
824 1117 922 1172 χρή,
954 1114 1027 1159 καὶ
1058 1117 1252 1172 πίθηκος
1283 1116 1332 1159 ἐν
1363 1116 1495 1174 μέρει.

367 1201 566 1240 Macarius
588 1203 702 1250 4,18
735 1200 800 1241 ἔσο
832 1201 898 1241 καὶ
929 1205 1005 1242 κτλ.
1056 1201 1120 1242 ἐπὶ
1150 1209 1219 1243 τοῦ
1251 1202 1349 1255 πρὸς
1379 1202 1426 1242 τὰ
1456 1204 1664 1258 πράγματα
1695 1191 1822 1253 καλῶς

247 1258 598 1312 μεταβαλλομένου.
650 1262 698 1300 cf.
731 1262 838 1301 Plut.
871 1262 1045 1313 Lysand.
1081 1266 1117 1302 7.

991 1391 1077 1433 562

533 1472 698 1527 ὀβολοῦ
728 1473 920 1529 τάριχος,
954 1471 1025 1515 δύ’
1062 1473 1236 1528 ὀβολῶν
1268 1474 1505 1531 ἀρτύματα.

364 1560 509 1598 Macar.
544 1561 588 1610 6,
622 1562 674 1598 19
722 1557 784 1598 ἐπὶ
814 1565 892 1599 τῶν
925 1558 991 1598 ἴνα
1028 1559 1146 1612 μικρὰ
1187 1560 1468 1613 κατορθώσωσι
1499 1561 1661 1600 πλείονα
1693 1561 1819 1600 δαπα-

245 1617 419 1658 νώντων.
468 1619 594 1658 Mant.
623 1632 735 1669 prov.
770 1621 807 1671 2,
840 1621 907 1659 34.

989 1712 1075 1754 563

533 1796 679 1850 σοφόν
709 1793 769 1849 γ’,
803 1794 826 1837 ὁ
858 1796 967 1850 βοῦς
998 1796 1191 1850 ἔφασκεν
1223 1794 1449 1852 ἀστράβην
1483 1796 1635 1846 ἰδών.,

363 1881 560 1920 Macarius
589 1885 626 1932 7,
655 1883 708 1921 75
742 1881 791 1921 οὐ
822 1881 1036 1935 προσήκειν
1068 1880 1172 1936 αὐτῷ
1198 1881 1240 1921 τὸ
1267 1876 1415 1929 σκεῦος.
1468 1883 1617 1922 similes
1649 1883 1816 1922 facetiae
1871 1899 1877 1903 ·

245 1940 369 1979 Arist.
395 1940 514 1990 Vesp.
551 1943 662 1981 1309
680 1954 736 1991 sq.

990 2022 1078 2064 564

527 2093 610 2147 τὴν
643 2093 774 2143 αὐτὸς
806 2092 945 2135 αὑτοῦ
975 2094 1060 2147 γὰρ
1092 2093 1243 2150 θύραν
1272 2094 1425 2149 κρούει
1457 2095 1584 2151 λίθῳ.

361 2179 558 2218 Macarius
592 2181 636 2229 8,
671 2181 724 2219 18
771 2177 834 2218 ἐπὶ
870 2185 948 2218 τῶν
985 2178 1040 2226 εἰς
1071 2178 1118 2218 τὰ
1151 2178 1275 2218 οἰκεῖα
1305 2179 1650 2230 πλημμελούντων.
1690 2178 1813 2220 αὑτοῦ

241 2237 446 2288 Βουὺεοῂ.]
493 2244 652 2278 σαυτοῦ.
697 2261 752 2265 -
809 2237 882 2291 γὰρ
927 2239 1014 2277 add.
1053 2239 1106 2277 M.
1138 2239 1287 2288 Haupt.
1326 2238 1471 2289 Opusc.
1503 2239 1543 2276 II
1579 2241 1673 2278 185.
1737 2244 1814 2278 νῦν

242 2297 430 2336 Leutsch.
464 2298 604 2337 Horat.
639 2299 764 2349 Episfi.
804 2301 841 2348 2,
878 2302 915 2347 1,
948 2299 1033 2340 220
1065 2301 1108 2336 ut
1137 2300 1263 2337 vineta
1296 2301 1438 2347 egomet
1467 2299 1627 2337 caedam
1657 2311 1752 2337 mea.

525 2510 571 2551 τί
599 2509 670 2551 δεῖ
697 2514 903 2565 παρεῖναι
935 2507 1132 2562 λέκιθον,
1164 2506 1221 2562 ἣν
1253 2508 1376 2558 ἔτνος
1406 2514 1542 2565 παρῇς

362 2596 559 2634 Macarius
592 2597 630 2645 8,
664 2597 716 2635 31
753 2596 836 2634 sine
867 2585 1211 2644 interpretatione.
1263 2592 1459 2634 λέκιθον
1491 2593 1557 2645 K]
1589 2594 1780 2646 λήκυθον.

986 2710 1072 2752 566

525 2783 572 2824 τί
597 2759 676 2824 τὸν
706 2781 930 2838 τάρανδον
958 2781 1069 2837 πρὸς
1101 2777 1174 2836 ἐμὲ
1205 2782 1445 2832 ποικίλλεις
1475 2782 1604 2836 ἕχων;

360 2868 558 2907 Macarius
593 2871 633 2919 8,
666 2870 720 2907 32
754 2867 873 2919 τάρας
905 2866 948 2907 δέ
978 2865 1056 2906 ἐστι
1086 2865 1306 2918 χαμαιλέων
1343 2866 1386 2906 τὸ
1419 2867 1520 2923 ζῷον
1552 2862 1673 2920 (quae
1705 2868 1808 2906 falsa

240 2929 302 2966 est
320 2922 631 2980 interpretat-io).
675 2926 872 2980 τάρανδον
891 2923 1096 2978 Leutsch]
1117 2926 1294 2978 τάραντα.
1338 2927 1489 2966 Aelian.
1503 2926 1552 2965 N.
1563 2926 1682 2965 anim.
1699 2928 1735 2978 2,
1752 2928 1804 2966 16
