2014 3334
559 265 964 299 EMHIMHPAMENH
991 285 1035 291 —
1061 266 1354 300 ΕΠΙΚΛΗΡΟΣ
1691 266 1747 308 47

170 389 251 478 effi}
281 378 477 423 concedes,
515 380 550 417 te
579 379 662 427 ime
700 378 873 417 deridere
909 379 1092 418 videbere.
1154 379 1255 418 nihil
1294 380 1382 432 agii:
1412 380 1618 420 Herwerd.
1649 381 1751 422 Nov.

169 450 195 477 ο,
249 466 260 478 .
291 437 380 478 crit.
413 439 481 478 39.

919 519 999 561 161

674 603 728 645 τὰ
759 602 844 658 γὰρ
876 603 1075 658 τολμηρὰ
1106 610 1195 645 τῶν
1227 604 1372 659 ὄχλων
1404 607 1492 661 ἔχει

367 672 436 716 ἐν
467 681 561 724 τοῖς
592 677 822 730 λογισμοῖς
853 674 930 725 τὰς
962 673 1192 726 ἐπιδείξεις
1226 676 1488 731 δυσκόλους,

388 744 437 788 ἐν
467 751 528 804 τῷ
562 743 609 788 δὲ
642 746 865 801 πράττειν,
898 744 954 788 ἂν
987 746 1099 803 λάβῃ
1133 747 1212 789 τὸν
1242 749 1400 803 καιρὸν
1432 745 1498 804 εὗ,

386 817 725 875 ἀπροσδόκητον
755 819 838 874 τὴν
869 817 1030 874 τέχνην
1063 818 1283 876 ἐξηύρετο.

293 905 489 945 Stobaeus
522 906 660 945 Floril.
695 908 762 956 51,
796 908 850 945 27
897 905 1148 958 Μενάνδρου
1175 903 1579 961 Ἐπαγγελλομένοις
1610 911 1658 950 Α.
1717 913 1754 950 2.

174 962 246 1017 μὲν
271 963 340 1014 τὰς
367 965 549 1017 AVind„
580 966 686 1005 unde
718 964 761 1005 ἐν
787 968 868 1013 τοῖς
899 965 1030 1019 λόγοις
1056 963 1128 1018 μὲν
1148 967 1268 1006 Mein.
1295 969 1336 1006 in
1356 968 1467 1008 Stob.
1519 971 1557 1009 4.
1589 969 1755 1022 τάπρος-

171 1024 340 1077 δόκητον
371 1026 419 1065 Β.
470 1024 652 1078 ἐξηύρετο
690 1016 828 1077 Mein]
880 1024 1070 1078 ἕξηύρατο
1109 1027 1158 1066 Α.
1209 1026 1391 1080 ἐξεύρατο
1424 1031 1499 1068 cet.
1567 1031 1617 1070 cf.
1657 1031 1754 1071 Lob.

171 1085 320 1138 Phr.yn
345 1088 440 1126 139.
464 1087 532 1125 40.
564 1108 623 1113 -
653 1086 694 1125 111
727 1100 764 1126 v.
793 1089 813 1126 1
848 1092 927 1126 τῶν
959 1085 1100 1139 ἔργων,
1133 1087 1174 1126 111
1206 1101 1242 1127 v.
1265 1091 1289 1128 3
1322 1088 1460 1144 λάβῃς,
1492 1090 1534 1128 111
1566 1105 1602 1130 v.
1623 1094 1649 1130 4
1681 1089 1754 1142 τὴν

144 1144 292 1201 ,τύχῃν
331 1145 628 1198 προσλαμβάνει
665 1146 805 1186 Cobet.
836 1147 885 1186 N.
917 1147 943 1185 1.
979 1149 1032 1187 73
1053 1160 1111 1199 sq.
1155 1160 1202 1187 ac
1236 1162 1311 1199 pro
1349 1147 1533 1202 ἐξηύρετο
1572 1150 1682 1191 Stob.
1714 1152 1755 1190 II

172 1219 285 1246 xxvn
317 1203 503 1257 ἐκτήσατο
534 1206 667 1258 Mein„
703 1207 874 1258 receptis
905 1207 947 1246 in
972 1221 1009 1247 v.
1036 1209 1075 1247 3.
1109 1209 1135 1246 4
1169 1207 1308 1248 Oobeti
1343 1210 1596 1250 coniecturis.
1646 1215 1754 1251 certe

171 1264 218 1305 τὰ
258 1265 430 1319 τολμηρὰ
467 1272 546 1305 τῶν
585 1264 711 1319 ὄχλων
750 1264 839 1319 (pro
877 1265 919 1306 τὸ
960 1262 1175 1322 τολμηρόν)
1215 1269 1294 1308 dici
1330 1283 1412 1309 non
1449 1273 1622 1320 poterat.
1686 1272 1754 1311 sed

173 1326 346 1366 duorum
376 1338 567 1366 versuum
591 1327 775 1378 priorum
804 1327 905 1366 mihi
931 1328 1093 1379 quidem
1123 1329 1300 1368 nondum
1326 1330 1542 1403 perspicua
1572 1334 1635 1370 est
1667 1345 1752 1371 sen-

174 1387 315 1426 tentia.

922 1481 1006 1524 162
1318 1512 1331 1533 ,

353 1570 446 1614 τοῖς
477 1562 709 1606 ἄναιδέσιν
740 1566 906 1619 βοηθεῖ
933 1565 1018 1619 γὰρ
1051 1565 1201 1619 λόγοις
1231 1562 1362 1609 τοῦθ’
1391 1567 1440 1609 ἓν
1472 1569 1626 1623 μόνον,

346 1633 410 1680 ἂν
441 1636 619 1691 βραχεῖς
650 1635 815 1686 αὐτοὺς
845 1635 951 1693 ποιῇ
984 1652 1050 1687 τις
1074 1638 1154 1680 τόν
1184 1652 1231 1680 τε
1262 1639 1422 1694 καιρὸν
1452 1635 1502 1681 εὖ
1535 1639 1660 1696 λάβῃ.

295 1722 492 1762 Stobaeus
539 1723 676 1762 Floril.
723 1725 797 1775 35,
843 1725 867 1763 5
915 1714 1164 1777 Μενάνδρου
1205 1721 1551 1782 Ἐπαγγελλομένῳ
1597 1726 1644 1765 Α.
1721 1730 1756 1766 1.

175 1779 356 1821 ἀναιδέσι
388 1782 472 1822 ΑΒ.

922 1877 1007 1921 163

296 1962 439 2001 Suidas
477 1962 545 2010 εἰς
582 1961 631 2002 τὸ
670 1960 780 2003 δέον
812 1993 821 2003 .
848 1994 858 2004 .
885 1994 895 2004 .
926 1962 994 2003 καὶ
1031 1961 1276 2017 Μένανδρος
1318 1963 1360 2004 ἐν
1398 1961 1756 2018 Ἐπαγγελλομένῳ.

176 2019 368 2073 μέμνηται
400 2019 443 2062 δὲ
474 2021 541 2062 καὶ
571 2020 748 2076 ἑτέρωθι.
806 2020 968 2078 Ἐπαγγ.
1001 2024 1090 2075 VE]
1119 2021 1280 2078 Ἀπαγγ.
1315 2047 1367 2051 -
1402 2026 1451 2064 cf.
1473 2025 1618 2065 Zenob.
1640 2027 1678 2074 3,
1700 2028 1752 2065 91

177 2084 219 2121 et
249 2083 375 2122 Arist).
405 2083 510 2122 Nub.
545 2085 643 2123 859.

822 2177 1113 2210 ΕΠΙΚΛΗΡΟΣ

298 2249 357 2290 Of.
389 2264 490 2302 quae
522 2252 574 2291 ad
605 2252 851 2303 Antiphanis
883 2253 1130 2292 comoediam
1162 2253 1439 2305 cognominem
1475 2253 1757 2292 adnotavimus

177 2309 219 2349 Π
251 2312 319 2350 49.
381 2311 482 2350 duas
514 2311 636 2351 fuisse
673 2313 836 2352 fabulae
868 2313 1118 2352 recensiones
1156 2312 1300 2352 docent
1329 2312 1626 2364 Harpocration
1660 2314 1757 2362 139,

182 2371 235 2409 25
268 2368 377 2423 παρὰ
402 2370 634 2444 Μενάνδρῳ
667 2370 710 2411 ἐν
736 2369 778 2424 β’
806 2368 1029 2429 Ἐπικλήρῳ
1061 2375 1102 2412 et
1122 2372 1355 2412 Athenaeus
1390 2375 1457 2423 19,
1491 2375 1611 2412 3730
1643 2370 1758 2410 Μέν-

179 2429 324 2482 ανδρος
361 2429 404 2470 ἐν
437 2427 659 2485 Ἐπικλήρῳ
696 2431 845 2488 πρώτῃ.
907 2414 1170 2484 Quiritum,
1205 2435 1242 2484 1,
1277 2435 1332 2472 70
1362 2434 1434 2472 illa
1464 2434 1571 2471 mala
1601 2433 1758 2483 iudicza,

179 2502 277 2538 quae
313 2491 664 2541 Epitrepontes,
696 2493 965 2542 Epicleros,
999 2494 1176 2532 Locroe
1206 2494 1362 2537 habent,
1398 2496 1467 2532 aut
1495 2493 1760 2531 meditationes

179 2550 222 2588 ⁷m
252 2550 535 2600 Psophodee,
566 2553 854 2598 Nomothete,
891 2554 1262 2602 Hypobolimaeo
1294 2583 1302 2592 .
1330 2584 1338 2591 .
1371 2554 1548 2591 omnibus
1578 2553 1760 2590 oratoriis

179 2612 353 2650 numeris
388 2614 479 2650 susat
514 2613 722 2652 absobwtae.
786 2613 902 2652 Rhet.
939 2626 1056 2652 anon.
1096 2613 1270 2664 Spengel
1301 2612 1322 2650 I
1354 2614 1459 2663 432,
1494 2613 1546 2650 17
1594 2610 1654 2650 ὅτε
1687 2608 1758 2662 μὲν

179 2670 478 2722 παρασκευάσαι
498 2671 571 2722 δεῖ,
596 2671 680 2712 τότε
704 2671 1065 2725 παρασκευάσαιμι·
1103 2670 1172 2711 ἐὰν
1199 2670 1241 2711 δὲ
1274 2666 1346 2710 ὦσι
1383 2668 1759 2723 παρεσκευασμένοι,

180 2728 358 2781 περιττὸν
400 2731 742 2783 προοιμιάζεσθαι.
810 2738 924 2772 τοῦτο
972 2730 1038 2771 καὶ
1082 2729 1331 2783 Μένανδρον
1374 2729 1533 2770 εἰδέναι.
1595 2729 1637 2770 ἐν
1683 2729 1759 2783 γὰρ

181 2793 226 2844 τῇ
253 2785 476 2846 Ἐπικλήρῳ
514 2790 783 2844 δικαζομένων
820 2798 890 2832 τοῦ
922 2807 960 2831 τε
993 2790 1139 2844 ἀνδρὸς
1169 2790 1236 2830 καὶ
1266 2796 1335 2842 τῆς
1371 2789 1561 2844 γυναικὸς
1591 2788 1658 2829 καὶ
1689 2795 1758 2830 τοῦ

182 2849 345 2889 παιδίου
367 2850 594 2900 δικάζοντος
614 2851 689 2892 οὐκ
710 2851 858 2904 ἔθηκεν
885 2849 1077 2907 οὐδετέρῳ
1102 2851 1313 2903 προοίμιον
1341 2849 1406 2890 διὰ
1431 2849 1473 2889 τὸ
1499 2848 1572 2901 τὴν
1597 2847 1759 2890 εὔνοια-ν

182 2909 454 2963 προϋπάρχειν
485 2915 555 2951 τοῦ
581 2910 744 2965 ἀνδρός·
777 2910 923 2964 ὁμοίως
950 2909 991 2950 δὲ
1017 2909 1093 2950 κᾶν
1123 2909 1223 2963 πρὸς
1248 2909 1320 2961 τὴν
1351 2913 1522 2964 γυναῖκα
1547 2908 1620 2961 τὴν
1652 2910 1759 2949 ἰδίαν

184 2967 470 3023 διαλεγώμεθα.
520 2974 802 3024 argumentum
835 2973 964 3012 simile
997 2972 1120 3011 fuisse
1153 2984 1199 3010 ac
1226 2971 1406 3010 Terentii
1436 2971 1681 3010 Phormionis
1712 2983 1759 3008 ex
