2014 3334
0 1318 6 1371 “⁸''
0 1074 14 1309 “W
0 928 11 1065 ’ἐπῆ-πων
0 873 13 921 ww

706 246 910 281 ΛΔΗΑΩΝ
934 247 1194 282 ΔΡΔΜΑΤΩΝ
1649 246 1736 288 223

155 357 246 412 ἵκοι
267 357 377 399 Suid.
411 356 537 398 κακόν
569 358 683 397 Phot.
716 361 758 398 et
789 358 896 398 BVF.
917 357 1044 410 Suid]
1077 364 1222 398 κακῶν.
1253 355 1342 398 ‘aut
1366 356 1409 398 in
1435 359 1569 399 Photii
1600 360 1735 400 verbis

155 418 245 472 τρία
286 418 544 460 scribendum
586 431 659 469 pro
704 417 800 470 δύο,
841 422 913 458 aut
956 419 1063 471 quod
1106 419 1245 458 malim
1287 419 1329 458 in
1367 419 1578 459 Menandri
1616 432 1737 460 versu

157 478 276 520 δυοῖν
310 492 384 531 pro
421 483 551 531 τριῶν.
613 477 708 517 hinc
751 481 814 518 est
855 479 965 529 quod
1004 478 1155 526 παίζων
1193 474 1318 518 dicit’.
1350 479 1469 519 Mein.
1537 480 1737 520 consentit

155 541 295 580 tamen
325 538 470 579 Suidas
501 550 592 578 cum
624 537 782 578 Photio.
813 560 871 565 -—-
903 537 1072 589 τούτων]
1111 543 1225 579 τοῦτο
1258 538 1405 578 Naber.
1437 539 1518 579 iam
1550 539 1734 590 Sophocl.

157 599 204 639 fr.
227 600 311 640 822
334 599 384 638 N.
403 597 510 638 λύσω
525 593 585 653 (Ῥ)
615 596 691 651 γὰρ
723 597 759 637 εἰ
787 596 855 637 καὶ
886 604 964 637 τῶν
995 603 1113 650 τριῶν
1139 598 1189 637 ’ὲν
1214 598 1374 651 οἴσομαι
1398 594 1547 653 (ξίφος,
1572 598 1737 653 ἀγχόνη,

156 655 363 712 κρημνός).
412 659 461 698 cf.
493 655 703 710 Aristoph.
735 659 784 697 fr.
819 660 916 698 549.
967 658 1122 697 Alexid.
1156 660 1194 698 8.

904 775 988 818 827

372 860 507 916 ἔγημε
537 863 807 915 θαυμαστῶς
837 856 1013 914 γυναῖχ’
1050 858 1110 909 ὡς
1142 858 1367 916 σώφρονα.

276 947 502 999 Hesychius
528 943 582 994 ὡς
605 960 644 998 p.
666 947 750 986 336
783 945 836 986 Μ.
858 945 1053 985 Schmidt.
1084 942 1330 998 Μένανδρος
1354 949 1432 985 κτλ.
1481 949 1737 998 θαυμαστῶς,

157 1020 238 1047 non
267 1005 508 1058 θαυμαστὴν
538 1006 765 1058 Hesychius
797 1005 1022 1045 Schmidtii.
1077 1007 1126 1045 cf.
1148 1005 1286 1046 Cobeb.
1302 1006 1349 1045 V.
1369 1001 1414 1045 l.²
1443 1008 1541 1046 216.
1580 1003 1738 1046 ‘mirum

157 1080 277 1118 quam
306 1062 547 1107 modestam'.
609 1067 727 1105 Mein.
763 1068 800 1105 1.

913 1172 999 1215 828

376 1254 496 1314 Θρᾷξ
528 1255 713 1312 εὐγενὴς
729 1252 798 1313 Ῑεῖ,
829 1257 940 1313 πρὸς
971 1255 1080 1306 ἅλας
1109 1254 1425 1313 ἠγορασμένος.

279 1343 479 1382 Zenobius
511 1345 550 1394 2,
585 1345 638 1383 12
672 1340 878 1395 ἆλώνητον
910 1341 1187 1395 ἀνδράποδον·
1225 1342 1314 1382 ἴσον
1345 1345 1398 1398 τῷ
1437 1342 1642 1395 βάρβαρον
1674 1341 1740 1382 καὶ

160 1400 354 1451 εὐτελές.
416 1402 472 1451 εἰς
508 1401 581 1454 τὴν
624 1402 826 1457 μεσόγειον
864 1401 1084 1456 ἀναβάντες
1128 1402 1171 1443 οἱ
1205 1401 1371 1455 ἔμποροι
1415 1401 1594 1455 ἐκόμιζον
1631 1402 1742 1454 ἅλας,

160 1459 257 1503 ἀνθ’
304 1456 362 1502 ὧν
399 1461 493 1511 τοὺς
529 1461 682 1511 οἰκέτας
726 1462 970 1516 ἐλάμβανον
1017 1462 1117 1503 ὅθεν
1154 1461 1221 1502 καὶ
1258 1461 1279 1502 ὁ
1310 1461 1482 1515 κωμικός
1525 1474 1625 1514 φησι
1663 1466 1740 1502 κτλ.

160 1523 398 1576 Diogenian.
434 1526 469 1571 1,
506 1525 590 1564 100
622 1518 828 1578 (Apostol.
862 1521 1009 1577 2,'27)
1042 1521 1249 1574 ἁλώνητον
1281 1521 1557 1574 ἀνδράποδον·
1588 1521 1630 1562 τὸ
1663 1522 1740 1562 εύ-

160 1581 308 1635 τελές,
338 1581 380 1623 τὸ
411 1581 511 1635 πρὸς
542 1582 640 1631 ἅλας
671 1581 846 1636 ὠνηθέν.
896 1582 996 1624 ὅθεν
1026 1581 1094 1623 καὶ
1113 1581 1406 1635 Μένανδρος
1437 1585 1515 1622 κτλ.
1558 1584 1741 1634 Apostol.

165 1645 204 1695 8,
226 1643 316 1684 911
349 1643 457 1699 Θρᾷξ
482 1646 561 1683 κτλ.
596 1644 825 1696 Θεοκρίτου,
856 1645 921 1684 cui
947 1644 1050 1683 nihil
1083 1644 1361 1683 tribuendum.
1398 1664 1450 1670 --
1487 1646 1522 1682 1.
1555 1641 1738 1695 εὐγενὴς]

162 1716 214 1742 an
257 1700 479 1754 εύτελὴςὶ)
530 1701 819 1757 ἠγορασμένος]
865 1701 1070 1756 ὠνημένος
1114 1704 1280 1756 Diogen.
1326 1706 1367 1742 eb
1403 1704 1545 1754 Apost.
1588 1705 1632 1754 2,
1673 1705 1741 1742 27.

162 1763 307 1802 Pollux
342 1766 378 1815 7,
413 1765 467 1803 14
511 1761 707 1816 ἆλώνητοι
748 1762 962 1804 ἐκαλοῦντο
1004 1764 1047 1804 οἵ
1086 1763 1257 1815 μηδενὸς
1299 1761 1403 1811 ἄξιοι
1445 1769 1523 1802 τῶν
1567 1762 1742 1813 οἰκετῶν,

163 1821 221 1862 ὅτι
257 1828 336 1862 τῶν
377 1823 546 1879 Θρακῶν
584 1823 627 1864 οἱ
654 1823 848 1878 μεσόγειοι
880 1822 987 1864 ἁλῶν
1018 1823 1413 1875 ἀντικατηλλάττοντο
1445 1822 1538 1870 τοὺς
1577 1820 1740 1870 οἰκέτας.

162 1883 334 1923 Bekker.
353 1883 504 1923 Anecd.
532 1885 631 1935 380,
665 1886 718 1924 16
752 1882 972 1936 ἁλώνητος·
1004 1879 1092 1924 οἷον
1125 1883 1327 1936 βάρβαρος
1358 1881 1424 1922 καὶ
1456 1881 1660 1934 εὐτελής.
1704 1882 1747 1922 οἵ

162 1941 238 1997 γὰρ
260 1943 412 1999 Θρᾷκες
436 1941 673 1998 ἀνδράποδα
692 1941 799 1984 ἁλῶν
824 1943 1073 1984 ἀπεδίδοντο.
1124 1945 1173 1983 cf.
1195 1944 1318 1983 etiam
1338 1944 1511 1994 Hesych.
1531 1941 1741 1994 ἆλώνητος.

910 2074 996 2117 829

451 2158 680 2214 ποτήριον,
711 2157 943 2215 τράπεζαν,
976 2156 1195 2215 ἁρπάγην,
1227 2156 1366 2199 κάδον

285 2234 522 2284 Ammonius
542 2246 597 2283 22
630 2241 814 2297 ἁρπάγην
845 2241 899 2291 ὡς
930 2243 1105 2296 σκάφην,
1137 2242 1181 2283 ἐν
1205 2235 1231 2299 ᾗ
1264 2242 1307 2282 ἐκ
1332 2248 1411 2282 τῶν
1436 2242 1618 2294 φρεάτων
1648 2241 1741 2289 τοὺς

165 2302 316 2351 κάδους
347 2302 556 2357 ἐξαίρουσι.
616 2302 685 2343 καὶ
713 2302 822 2356 παρὰ
854 2303 1085 2362 Μενάνδρῳ
1123 2302 1448 2357 ἀναγινώσκομεν
1478 2305 1555 2341 κτλ.
1617 2301 1742 2341 κάδον

167 2362 316 2414 BentL]
350 2363 534 2415 δεύτερον
563 2362 702 2403 κάδον.
763 2364 806 2403 id
836 2364 943 2403 unde
974 2365 1149 2403 inlatum
1180 2364 1234 2403 sit
1265 2363 1382 2402 docet
1412 2362 1535 2401 Dobr.
1567 2363 1669 2401 Adv.
1702 2362 1742 2400 II

22 2408 25 2409 ⁷
101 2432 103 2434 ’
170 2425 268 2463 285.
317 2423 534 2464 Herodian.
564 2423 586 2462 I
617 2425 716 2474 304,
750 2426 773 2464 7
812 2422 855 2463 τὸ
887 2421 1061 2477 ἁρπάγη,
1092 2422 1272 2475 σιδήριόν
1303 2436 1352 2473 τι,
1383 2420 1671 2473 βαρυνόμενον.
1702 2421 1743 2460 II

169 2484 268 2535 856,
305 2485 361 2524 32
406 2481 564 2537 ἆρπάγη
607 2482 822 2536 βαρύνεται
863 2481 929 2523 ἐπὶ
971 2488 1043 2523 τοῦ
1084 2482 1298 2536 ἐργαλείου.
1358 2481 1533 2531 Hesych.
1565 2479 1743 2533 ἁρπάγη·

167 2541 375 2595 ε’ξαυστήρ·
407 2541 486 2582 ἔστι
509 2541 552 2582 τὸ
579 2537 653 2598 (τι)
679 2548 821 2591 σκεῦος
846 2541 936 2596 ἔχον
962 2540 1146 2597 ὅγκίνους
1178 2542 1387 2591 (uncinos),
1420 2533 1451 2596 ᾧ
1476 2540 1569 2587 τοὺς
1594 2540 1744 2588 κάδους

168 2600 400 2642 ἀνασπῶσιν
431 2601 510 2642 ἀπὸ
540 2608 620 2642 τῶν
651 2602 845 2656 φρεάτων.
907 2604 956 2642 cf.
988 2604 1109 2642 etiam
1142 2603 1240 2642 Poll.
1278 2604 1343 2654 10,
1377 2603 1444 2640 98.

917 2721 1004 2763 830

383 2804 494 2859 πρὸς
524 2810 620 2854 ταῖς
651 2802 844 2860 ἐμαυτοῦ
874 2809 960 2846 νῦν
991 2803 1156 2857 θύραις
1187 2798 1332 2856 ἕστηκ’
1370 2799 1468 2854 ἐγώ.

291 2890 530 2941 Apollonius
568 2889 679 2941 Synt.
715 2893 753 2941 2,
786 2892 837 2929 21
873 2904 911 2940 p.
947 2891 1044 2939 152,
1078 2891 1128 2927 11
1164 2888 1289 2926 Bekk.
1326 2885 1455 2938 παρὸν
1495 2880 1570 2926 οὖν
1602 2885 1743 2937 φάναι,

171 2946 271 3000 πρὸς
306 2952 391 2997 ταῖς
427 2948 538 3001 ἐμαῖς
574 2949 722 3003 θύραις
757 2948 919 3002 ἕστηκα,
959 2946 1025 2988 καὶ
1062 2947 1292 3000 μεταλαβεῖν
1335 2945 1434 2999 πρὸς
1471 2950 1554 2994 ταῖς
1596 2946 1744 2999 θύραις
