<?xml version="1.0" encoding="UTF-8"?>
<!DOCTYPE html PUBLIC "-//W3C//DTD XHTML 1.0 Transitional//EN"
    "http://www.w3.org/TR/xhtml1/DTD/xhtml1-transitional.dtd">
<html xmlns="http://www.w3.org/1999/xhtml" xml:lang="en" lang="en">
 <head>
  <title>
</title>
<meta http-equiv="Content-Type" content="text/html;charset=utf-8" />
  <meta name='ocr-system' content='tesseract 3.04.00' />
  <meta name='ocr-capabilities' content='ocr_page ocr_carea ocr_par ocr_line ocrx_word'/>
</head>
<body>
  <div class='ocr_page' id='page_1' title='image "./comicorumatticor03kockuoft_0630.png"; bbox 0 0 2014 3334; ppageno 0'>
   <div class='ocr_carea' id='block_1_1' title="bbox 284 215 1196 285">
    <p class='ocr_par' dir='ltr' id='par_1_1' title="bbox 284 215 1196 285">
     <span class='ocr_line' id='line_1_1' title="bbox 284 215 1196 285; baseline -0.01 -4"><span class='ocrx_word' id='word_1_1' title='bbox 284 240 372 281; x_wconf 87' lang='grc'>610</span> <span class='ocrx_word' id='word_1_2' title='bbox 624 215 628 219; x_wconf 50' lang='grc'><strong><em>’</em></strong></span> <span class='ocrx_word' id='word_1_3' title='bbox 735 215 737 217; x_wconf 38' lang='grc'><strong>’</strong></span> <span class='ocrx_word' id='word_1_4' title='bbox 912 283 914 285; x_wconf 28' lang='grc'>,</span> <span class='ocrx_word' id='word_1_5' title='bbox 935 240 1196 273; x_wconf 80' lang='grc' dir='ltr'>ΑΔΕΣΠΟΤΑ</span> 
     </span>
    </p>
   </div>
   <div class='ocr_carea' id='block_1_2' title="bbox 282 349 1849 757">
    <p class='ocr_par' dir='ltr' id='par_1_2' title="bbox 282 349 1849 757">
     <span class='ocr_line' id='line_1_2' title="bbox 377 349 1844 404; baseline 0.003 -16"><span class='ocrx_word' id='word_1_6' title='bbox 377 350 584 389; x_wconf 64' lang='grc' dir='ltr'>Δ(3161116118</span> <span class='ocrx_word' id='word_1_7' title='bbox 622 351 735 389; x_wconf 85' lang='lat' dir='ltr'><strong>Alex.</strong></span> <span class='ocrx_word' id='word_1_8' title='bbox 769 350 913 390; x_wconf 82' lang='lat' dir='ltr'>Strom.</span> <span class='ocrx_word' id='word_1_9' title='bbox 942 352 984 398; x_wconf 89' lang='grc'>6,</span> <span class='ocrx_word' id='word_1_10' title='bbox 1013 352 1056 400; x_wconf 93' lang='grc'>2,</span> <span class='ocrx_word' id='word_1_11' title='bbox 1084 353 1107 389; x_wconf 84' lang='grc'><strong>7</strong></span> <span class='ocrx_word' id='word_1_12' title='bbox 1147 349 1299 401; x_wconf 82' lang='grc' dir='ltr'><strong>ἀκήκοα</strong></span> <span class='ocrx_word' id='word_1_13' title='bbox 1330 351 1529 403; x_wconf 82' lang='grc' dir='ltr'><strong><em>Αἰσχύλου</em></strong></span> <span class='ocrx_word' id='word_1_14' title='bbox 1561 350 1740 404; x_wconf 83' lang='grc' dir='ltr'><strong><em>λέγοντος</em></strong></span> <span class='ocrx_word' id='word_1_15' title='bbox 1769 355 1844 394; x_wconf 86' lang='grc' dir='ltr'>κτλ.</span> 
     </span>
     <span class='ocr_line' id='line_1_3' title="bbox 284 406 1846 462; baseline 0.002 -14"><span class='ocrx_word' id='word_1_16' title='bbox 284 406 502 448; x_wconf 64' lang='grc' dir='ltr'>οέ.“ΑοεοΙ1.</span> <span class='ocrx_word' id='word_1_17' title='bbox 527 411 575 448; x_wconf 82' lang='lat' dir='ltr'>fr.</span> <span class='ocrx_word' id='word_1_18' title='bbox 603 412 688 449; x_wconf 87' lang='lat'>310</span> <span class='ocrx_word' id='word_1_19' title='bbox 714 410 764 450; x_wconf 90' lang='lat' dir='ltr'>N.</span> <span class='ocrx_word' id='word_1_20' title='bbox 807 424 843 449; x_wconf 86' lang='lat' dir='ltr'>v.</span> <span class='ocrx_word' id='word_1_21' title='bbox 874 413 893 448; x_wconf 95' lang='lat'>1</span> <span class='ocrx_word' id='word_1_22' title='bbox 930 410 1117 460; x_wconf 82' lang='lat' dir='ltr'>Sophocli</span> <span class='ocrx_word' id='word_1_23' title='bbox 1141 411 1287 449; x_wconf 83' lang='lat' dir='ltr'>tribuit</span> <span class='ocrx_word' id='word_1_24' title='bbox 1312 411 1506 450; x_wconf 85' lang='lat' dir='ltr'>Stobaeus</span> <span class='ocrx_word' id='word_1_25' title='bbox 1532 412 1669 450; x_wconf 82' lang='lat' dir='ltr'>Floril.</span> <span class='ocrx_word' id='word_1_26' title='bbox 1697 413 1764 462; x_wconf 88' lang='grc'>39,</span> <span class='ocrx_word' id='word_1_27' title='bbox 1791 413 1846 451; x_wconf 89' lang='grc'>14</span> 
     </span>
     <span class='ocr_line' id='line_1_4' title="bbox 285 465 1849 522; baseline 0.001 -15"><span class='ocrx_word' id='word_1_28' title='bbox 285 465 417 522; x_wconf 78' lang='grc' dir='ltr'>(δεῖ),</span> <span class='ocrx_word' id='word_1_29' title='bbox 462 469 546 508; x_wconf 89' lang='lat' dir='ltr'>sine</span> <span class='ocrx_word' id='word_1_30' title='bbox 588 471 730 519; x_wconf 87' lang='lat' dir='ltr'>poetae</span> <span class='ocrx_word' id='word_1_31' title='bbox 778 470 935 509; x_wconf 90' lang='lat' dir='ltr'>nomine</span> <span class='ocrx_word' id='word_1_32' title='bbox 982 470 1094 507; x_wconf 88' lang='lat' dir='ltr'>nulla</span> <span class='ocrx_word' id='word_1_33' title='bbox 1138 470 1401 519; x_wconf 73' lang='lat' dir='ltr'>explicatione</span> <span class='ocrx_word' id='word_1_34' title='bbox 1445 471 1583 509; x_wconf 85' lang='lat' dir='ltr'>addita</span> <span class='ocrx_word' id='word_1_35' title='bbox 1625 471 1849 510; x_wconf 85' lang='lat' dir='ltr'>attulerunt</span> 
     </span>
     <span class='ocr_line' id='line_1_5' title="bbox 282 524 1846 582; baseline 0.001 -16"><span class='ocrx_word' id='word_1_36' title='bbox 282 529 518 579; x_wconf 84' lang='lat' dir='ltr'>Diogenian.</span> <span class='ocrx_word' id='word_1_37' title='bbox 548 531 584 578; x_wconf 83' lang='lat'>7,</span> <span class='ocrx_word' id='word_1_38' title='bbox 612 530 679 568; x_wconf 88' lang='lat'>35.</span> <span class='ocrx_word' id='word_1_39' title='bbox 732 529 913 579; x_wconf 82' lang='lat' dir='ltr'>Apostol.</span> <span class='ocrx_word' id='word_1_40' title='bbox 942 530 1009 578; x_wconf 87' lang='grc'>12,</span> <span class='ocrx_word' id='word_1_41' title='bbox 1035 530 1090 567; x_wconf 88' lang='lat'>45</span> <span class='ocrx_word' id='word_1_42' title='bbox 1119 524 1234 582; x_wconf 82' lang='grc' dir='ltr'><em>(δεῖ).</em></span> <span class='ocrx_word' id='word_1_43' title='bbox 1277 543 1314 569; x_wconf 86' lang='lat' dir='ltr'>v.</span> <span class='ocrx_word' id='word_1_44' title='bbox 1342 532 1365 568; x_wconf 86' lang='lat'><strong>2</strong></span> <span class='ocrx_word' id='word_1_45' title='bbox 1394 530 1452 568; x_wconf 88' lang='lat' dir='ltr'>ita</span> <span class='ocrx_word' id='word_1_46' title='bbox 1476 532 1524 568; x_wconf 91' lang='lat' dir='ltr'>ut</span> <span class='ocrx_word' id='word_1_47' title='bbox 1549 543 1672 580; x_wconf 85' lang='lat' dir='ltr'>supra</span> <span class='ocrx_word' id='word_1_48' title='bbox 1695 531 1846 569; x_wconf 83' lang='lat' dir='ltr'>fact-um</span> 
     </span>
     <span class='ocr_line' id='line_1_6' title="bbox 284 588 1847 638; baseline 0.001 -12"><span class='ocrx_word' id='word_1_49' title='bbox 284 591 345 627; x_wconf 86' lang='lat' dir='ltr'>est</span> <span class='ocrx_word' id='word_1_50' title='bbox 387 589 492 626; x_wconf 82' lang='lat' dir='ltr'>inter</span> <span class='ocrx_word' id='word_1_51' title='bbox 531 589 627 627; x_wconf 84' lang='lat' dir='ltr'>duas</span> <span class='ocrx_word' id='word_1_52' title='bbox 671 601 859 638; x_wconf 84' lang='lat' dir='ltr'>personas</span> <span class='ocrx_word' id='word_1_53' title='bbox 901 588 1158 627; x_wconf 80' lang='lat' dir='ltr'>distributum</span> <span class='ocrx_word' id='word_1_54' title='bbox 1206 589 1354 628; x_wconf 88' lang='lat' dir='ltr'>comico</span> <span class='ocrx_word' id='word_1_55' title='bbox 1393 589 1595 629; x_wconf 76' lang='lat' dir='ltr'>accensuit</span> <span class='ocrx_word' id='word_1_56' title='bbox 1631 589 1847 628; x_wconf 85' lang='lat' dir='ltr'>Nauckius.</span> 
     </span>
     <span class='ocr_line' id='line_1_7' title="bbox 284 648 1847 699; baseline 0.001 -14"><span class='ocrx_word' id='word_1_57' title='bbox 284 648 451 686; x_wconf 81' lang='lat' dir='ltr'>eundem</span> <span class='ocrx_word' id='word_1_58' title='bbox 483 648 675 687; x_wconf 87' lang='lat' dir='ltr'>comicum</span> <span class='ocrx_word' id='word_1_59' title='bbox 709 648 829 687; x_wconf 87' lang='lat' dir='ltr'>etiam</span> <span class='ocrx_word' id='word_1_60' title='bbox 862 661 981 687; x_wconf 86' lang='lat' dir='ltr'>versu</span> <span class='ocrx_word' id='word_1_61' title='bbox 1010 650 1031 686; x_wconf 92' lang='lat'>1</span> <span class='ocrx_word' id='word_1_62' title='bbox 1067 651 1251 698; x_wconf 86' lang='lat' dir='ltr'>excerpto</span> <span class='ocrx_word' id='word_1_63' title='bbox 1286 648 1368 688; x_wconf 84' lang='lat' dir='ltr'>sive</span> <span class='ocrx_word' id='word_1_64' title='bbox 1395 661 1442 687; x_wconf 86' lang='lat' dir='ltr'>ex</span> <span class='ocrx_word' id='word_1_65' title='bbox 1469 649 1665 699; x_wconf 84' lang='lat' dir='ltr'>Aeschylo</span> <span class='ocrx_word' id='word_1_66' title='bbox 1691 649 1774 688; x_wconf 83' lang='lat' dir='ltr'>sive</span> <span class='ocrx_word' id='word_1_67' title='bbox 1800 661 1847 687; x_wconf 84' lang='lat' dir='ltr'>ex</span> 
     </span>
     <span class='ocr_line' id='line_1_8' title="bbox 284 707 963 757; baseline 0.001 -12"><span class='ocrx_word' id='word_1_68' title='bbox 284 707 478 757; x_wconf 82' lang='lat' dir='ltr'>Sophocle</span> <span class='ocrx_word' id='word_1_69' title='bbox 512 721 628 746; x_wconf 84' lang='lat' dir='ltr'>usum</span> <span class='ocrx_word' id='word_1_70' title='bbox 661 720 746 747; x_wconf 82' lang='lat' dir='ltr'>esse</span> <span class='ocrx_word' id='word_1_71' title='bbox 778 708 963 746; x_wconf 74' lang='lat' dir='ltr'>arbitror.</span> 
     </span>
    </p>
   </div>
   <div class='ocr_carea' id='block_1_3' title="bbox 280 856 1849 1247">
    <p class='ocr_par' dir='ltr' id='par_1_3' title="bbox 280 856 1849 1247">
     <span class='ocr_line' id='line_1_9' title="bbox 567 856 1584 914; baseline 0 -13"><span class='ocrx_word' id='word_1_72' title='bbox 567 861 726 909; x_wconf 77' lang='grc' dir='ltr'><em>λίθους</em></span> <span class='ocrx_word' id='word_1_73' title='bbox 759 856 807 901; x_wconf 73' lang='grc' dir='ltr'>δὲ</span> <span class='ocrx_word' id='word_1_74' title='bbox 837 860 1036 914; x_wconf 83' lang='grc' dir='ltr'><strong><em>χλωροὺς</em></strong></span> <span class='ocrx_word' id='word_1_75' title='bbox 1065 863 1146 901; x_wconf 87' lang='grc' dir='ltr'>τοῦ</span> <span class='ocrx_word' id='word_1_76' title='bbox 1177 856 1216 900; x_wconf 86' lang='grc' dir='ltr'>τ’</span> <span class='ocrx_word' id='word_1_77' title='bbox 1253 857 1584 914; x_wconf 80' lang='grc' dir='ltr'><strong><em>ἀπεξενωμένου</em></strong></span> 
     </span>
     <span class='ocr_line' id='line_1_10' title="bbox 568 929 1571 986; baseline 0 -14"><span class='ocrx_word' id='word_1_78' title='bbox 568 931 790 986; x_wconf 81' lang='grc' dir='ltr'><strong><em>ἔκβρασμα</em></strong></span> <span class='ocrx_word' id='word_1_79' title='bbox 821 931 988 972; x_wconf 83' lang='grc' dir='ltr'><strong><em>πόντου</em></strong></span> <span class='ocrx_word' id='word_1_80' title='bbox 1019 935 1095 985; x_wconf 81' lang='grc' dir='ltr'>τῆς</span> <span class='ocrx_word' id='word_1_81' title='bbox 1128 945 1174 972; x_wconf 88' lang='grc' dir='ltr'>τε</span> <span class='ocrx_word' id='word_1_82' title='bbox 1205 934 1285 984; x_wconf 80' lang='grc' dir='ltr'>γῆς</span> <span class='ocrx_word' id='word_1_83' title='bbox 1316 929 1571 986; x_wconf 76' lang='grc' dir='ltr'><strong><em>ἐκψήγματα</em></strong></span> 
     </span>
     <span class='ocr_line' id='line_1_11' title="bbox 401 1013 1848 1068; baseline 0 -13"><span class='ocrx_word' id='word_1_84' title='bbox 401 1016 582 1055; x_wconf 84' lang='lat' dir='ltr'>Clemens</span> <span class='ocrx_word' id='word_1_85' title='bbox 619 1016 733 1055; x_wconf 80' lang='lat' dir='ltr'>Alex.</span> <span class='ocrx_word' id='word_1_86' title='bbox 767 1017 884 1056; x_wconf 89' lang='lat' dir='ltr'>Paed.</span> <span class='ocrx_word' id='word_1_87' title='bbox 913 1019 956 1067; x_wconf 84' lang='lat'>2,</span> <span class='ocrx_word' id='word_1_88' title='bbox 984 1019 1056 1067; x_wconf 84' lang='lat'>12,</span> <span class='ocrx_word' id='word_1_89' title='bbox 1087 1018 1170 1055; x_wconf 89' lang='grc'>118</span> <span class='ocrx_word' id='word_1_90' title='bbox 1203 1017 1289 1055; x_wconf 88' lang='lat' dir='ltr'>init.</span> <span class='ocrx_word' id='word_1_91' title='bbox 1326 1016 1469 1064; x_wconf 82' lang='grc' dir='ltr'><em>λίθους</em></span> <span class='ocrx_word' id='word_1_92' title='bbox 1506 1015 1664 1063; x_wconf 86' lang='grc' dir='ltr'><strong><em>πελιοὺς</em></strong></span> <span class='ocrx_word' id='word_1_93' title='bbox 1694 1013 1721 1067; x_wconf 77' lang='grc' dir='ltr'><strong>ἢ</strong></span> <span class='ocrx_word' id='word_1_94' title='bbox 1751 1019 1848 1068; x_wconf 87' lang='grc' dir='ltr'><strong><em>χλω-</em></strong></span> 
     </span>
     <span class='ocr_line' id='line_1_12' title="bbox 282 1073 1849 1129; baseline -0.001 -14"><span class='ocrx_word' id='word_1_95' title='bbox 282 1075 376 1127; x_wconf 86' lang='grc' dir='ltr'><strong><em>ροὺς</em></strong></span> <span class='ocrx_word' id='word_1_96' title='bbox 407 1074 473 1115; x_wconf 83' lang='grc' dir='ltr'>καὶ</span> <span class='ocrx_word' id='word_1_97' title='bbox 503 1081 572 1127; x_wconf 80' lang='grc' dir='ltr'>τῆς</span> <span class='ocrx_word' id='word_1_98' title='bbox 603 1074 901 1127; x_wconf 79' lang='grc' dir='ltr'><strong><em>ἀπεξενωμένης</em></strong></span> <span class='ocrx_word' id='word_1_99' title='bbox 930 1075 1128 1127; x_wconf 78' lang='grc' dir='ltr'><em>θαλάττης</em></span> <span class='ocrx_word' id='word_1_100' title='bbox 1160 1074 1205 1114; x_wconf 81' lang='grc' dir='ltr'>τὰ</span> <span class='ocrx_word' id='word_1_101' title='bbox 1236 1073 1484 1128; x_wconf 75' lang='grc' dir='ltr'><strong><em>ἔκβράσματα</em></strong></span> <span class='ocrx_word' id='word_1_102' title='bbox 1514 1074 1580 1114; x_wconf 87' lang='grc' dir='ltr'>καὶ</span> <span class='ocrx_word' id='word_1_103' title='bbox 1610 1081 1678 1127; x_wconf 82' lang='grc' dir='ltr'>τῆς</span> <span class='ocrx_word' id='word_1_104' title='bbox 1705 1081 1778 1129; x_wconf 76' lang='grc' dir='ltr'>γῆς</span> <span class='ocrx_word' id='word_1_105' title='bbox 1802 1075 1849 1115; x_wconf 85' lang='grc' dir='ltr'>τὰ</span> 
     </span>
     <span class='ocr_line' id='line_1_13' title="bbox 280 1133 1847 1188; baseline 0 -14"><span class='ocrx_word' id='word_1_106' title='bbox 280 1134 513 1188; x_wconf 78' lang='grc' dir='ltr'><strong><em>ἐκψήγματα</em></strong></span> <span class='ocrx_word' id='word_1_107' title='bbox 551 1133 804 1187; x_wconf 81' lang='grc' dir='ltr'><strong><em>μειρακιῶδές</em></strong></span> <span class='ocrx_word' id='word_1_108' title='bbox 842 1134 919 1175; x_wconf 80' lang='grc' dir='ltr'><strong><em>ἐστι</em></strong></span> <span class='ocrx_word' id='word_1_109' title='bbox 957 1133 1181 1186; x_wconf 82' lang='grc' dir='ltr'><strong><em>τεθηπέναι.</em></strong></span> <span class='ocrx_word' id='word_1_110' title='bbox 1250 1136 1437 1175; x_wconf 85' lang='lat' dir='ltr'>videntur</span> <span class='ocrx_word' id='word_1_111' title='bbox 1467 1137 1610 1186; x_wconf 85' lang='lat' dir='ltr'>poetae</span> <span class='ocrx_word' id='word_1_112' title='bbox 1642 1147 1744 1183; x_wconf 87' lang='lat' dir='ltr'>esse,</span> <span class='ocrx_word' id='word_1_113' title='bbox 1778 1136 1847 1175; x_wconf 86' lang='lat' dir='ltr'>sed</span> 
     </span>
     <span class='ocr_line' id='line_1_14' title="bbox 282 1196 1701 1247; baseline 0.006 -14"><span class='ocrx_word' id='word_1_114' title='bbox 282 1196 451 1234; x_wconf 83' lang='lat' dir='ltr'>fortasse</span> <span class='ocrx_word' id='word_1_115' title='bbox 483 1196 638 1247; x_wconf 81' lang='lat' dir='ltr'>tragici.</span> <span class='ocrx_word' id='word_1_116' title='bbox 1132 1202 1136 1206; x_wconf 87' lang='grc'><em>“</em></span> <span class='ocrx_word' id='word_1_117' title='bbox 1699 1199 1701 1201; x_wconf 61' lang='grc'>’</span> 
     </span>
    </p>
   </div>
   <div class='ocr_carea' id='block_1_4' title="bbox 281 1252 1846 1591">
    <p class='ocr_par' dir='ltr' id='par_1_4' title="bbox 281 1252 1846 1591">
     <span class='ocr_line' id='line_1_15' title="bbox 1011 1252 1123 1294; baseline 0.009 -1"><span class='ocrx_word' id='word_1_118' title='bbox 1011 1252 1123 1294; x_wconf 84' lang='grc'>1219</span> 
     </span>
     <span class='ocr_line' id='line_1_16' title="bbox 566 1321 1517 1380; baseline 0 -15"><span class='ocrx_word' id='word_1_119' title='bbox 566 1325 730 1378; x_wconf 76' lang='grc' dir='ltr'><em>ἔγνωκε</em></span> <span class='ocrx_word' id='word_1_120' title='bbox 761 1326 889 1366; x_wconf 66' lang='grc' dir='ltr'><strong><em>πλεῑῆ)</em></strong></span> <span class='ocrx_word' id='word_1_121' title='bbox 921 1324 983 1373; x_wconf 87' lang='grc' dir='ltr'>εἰς</span> <span class='ocrx_word' id='word_1_122' title='bbox 1013 1321 1117 1365; x_wconf 81' lang='grc' dir='ltr'>τάπὶ</span> <span class='ocrx_word' id='word_1_123' title='bbox 1150 1321 1328 1380; x_wconf 77' lang='grc' dir='ltr'><em>Θρᾴκης</em></span> <span class='ocrx_word' id='word_1_124' title='bbox 1358 1325 1517 1379; x_wconf 81' lang='grc' dir='ltr'>χωρία,</span> 
     </span>
     <span class='ocr_line' id='line_1_17' title="bbox 566 1394 1526 1451; baseline 0 -14"><span class='ocrx_word' id='word_1_125' title='bbox 566 1394 657 1437; x_wconf 80' lang='grc' dir='ltr'><em>ἐκεῖ</em></span> <span class='ocrx_word' id='word_1_126' title='bbox 686 1395 1092 1450; x_wconf 79' lang='grc' dir='ltr'><strong><em>διαλλαγησόμενος</em></strong></span> <span class='ocrx_word' id='word_1_127' title='bbox 1124 1395 1233 1451; x_wconf 87' lang='grc' dir='ltr'><strong><em>πρὸς</em></strong></span> <span class='ocrx_word' id='word_1_128' title='bbox 1266 1394 1346 1449; x_wconf 85' lang='grc' dir='ltr'>τὴν</span> <span class='ocrx_word' id='word_1_129' title='bbox 1377 1394 1526 1450; x_wconf 80' lang='grc' dir='ltr'><strong><em>τύχην.</em></strong></span> 
     </span>
     <span class='ocr_line' id='line_1_18' title="bbox 401 1456 1846 1534; baseline 0 -15"><span class='ocrx_word' id='word_1_130' title='bbox 401 1481 590 1531; x_wconf 74' lang='lat' dir='ltr'>synesius</span> <span class='ocrx_word' id='word_1_131' title='bbox 628 1481 755 1530; x_wconf 85' lang='lat' dir='ltr'>Epist.</span> <span class='ocrx_word' id='word_1_132' title='bbox 789 1482 843 1519; x_wconf 86' lang='lat'>43</span> <span class='ocrx_word' id='word_1_133' title='bbox 881 1495 919 1531; x_wconf 90' lang='lat' dir='ltr'>p.</span> <span class='ocrx_word' id='word_1_134' title='bbox 954 1456 1081 1520; x_wconf 52' lang='grc' dir='ltr'>1811)μ</span> <span class='ocrx_word' id='word_1_135' title='bbox 1109 1476 1214 1534; x_wconf 85' lang='grc'>(656</span> <span class='ocrx_word' id='word_1_136' title='bbox 1245 1475 1465 1534; x_wconf 86' lang='lat' dir='ltr'>Hercher.).</span> <span class='ocrx_word' id='word_1_137' title='bbox 1516 1477 1648 1520; x_wconf 72' lang='lat' dir='ltr'>‘credo</span> <span class='ocrx_word' id='word_1_138' title='bbox 1687 1481 1846 1531; x_wconf 84' lang='lat' dir='ltr'>Synesii</span> 
     </span>
     <span class='ocr_line' id='line_1_19' title="bbox 281 1537 1846 1591; baseline 0.001 -13"><span class='ocrx_word' id='word_1_139' title='bbox 281 1541 407 1590; x_wconf 88' lang='lat' dir='ltr'>ipsius</span> <span class='ocrx_word' id='word_1_140' title='bbox 433 1541 556 1579; x_wconf 86' lang='lat' dir='ltr'>verba</span> <span class='ocrx_word' id='word_1_141' title='bbox 582 1553 680 1589; x_wconf 85' lang='lat' dir='ltr'>esse,</span> <span class='ocrx_word' id='word_1_142' title='bbox 705 1553 786 1579; x_wconf 91' lang='lat' dir='ltr'>non</span> <span class='ocrx_word' id='word_1_143' title='bbox 805 1553 825 1578; x_wconf 92' lang='lat' dir='ltr'>e</span> <span class='ocrx_word' id='word_1_144' title='bbox 847 1540 994 1579; x_wconf 89' lang='lat' dir='ltr'>comico</span> <span class='ocrx_word' id='word_1_145' title='bbox 1021 1540 1210 1591; x_wconf 87' lang='lat' dir='ltr'>quopiam</span> <span class='ocrx_word' id='word_1_146' title='bbox 1236 1537 1474 1590; x_wconf 69' lang='lat' dir='ltr'>desumpta?</span> <span class='ocrx_word' id='word_1_147' title='bbox 1525 1540 1687 1579; x_wconf 89' lang='lat' dir='ltr'>Porson.</span> <span class='ocrx_word' id='word_1_148' title='bbox 1707 1541 1846 1591; x_wconf 86' lang='lat' dir='ltr'>Eurip.</span> 
     </span>
    </p>
   </div>
   <div class='ocr_carea' id='block_1_5' title="bbox 285 1595 1124 1698">
    <p class='ocr_par' dir='ltr' id='par_1_5' title="bbox 285 1595 1124 1698">
     <span class='ocr_line' id='line_1_20' title="bbox 285 1595 1124 1698; baseline 0 -60"><span class='ocrx_word' id='word_1_149' title='bbox 285 1601 386 1639; x_wconf 85' lang='lat' dir='ltr'>Med.</span> <span class='ocrx_word' id='word_1_150' title='bbox 415 1601 497 1639; x_wconf 88' lang='lat'>139</span> <span class='ocrx_word' id='word_1_151' title='bbox 528 1595 606 1653; x_wconf 91' lang='lat'>(11).</span> <span class='ocrx_word' id='word_1_152' title='bbox 1011 1657 1124 1698; x_wconf 68' lang='grc'>1220</span> 
     </span>
    </p>
   </div>
   <div class='ocr_carea' id='block_1_6' title="bbox 282 1727 1847 2000">
    <p class='ocr_par' dir='ltr' id='par_1_6' title="bbox 282 1727 1847 2000">
     <span class='ocr_line' id='line_1_21' title="bbox 568 1727 1529 1785; baseline -0.001 -15"><span class='ocrx_word' id='word_1_153' title='bbox 568 1734 708 1770; x_wconf 84' lang='grc' dir='ltr'><strong><em>σῶσαι</em></strong></span> <span class='ocrx_word' id='word_1_154' title='bbox 738 1728 823 1783; x_wconf 75' lang='grc' dir='ltr'>γὰρ</span> <span class='ocrx_word' id='word_1_155' title='bbox 855 1727 1021 1770; x_wconf 81' lang='grc' dir='ltr'><strong><em>ὁπόταν</em></strong></span> <span class='ocrx_word' id='word_1_156' title='bbox 1051 1732 1112 1785; x_wconf 77' lang='grc' dir='ltr'>τῷ</span> <span class='ocrx_word' id='word_1_157' title='bbox 1143 1731 1236 1785; x_wconf 75' lang='grc' dir='ltr'>θεῷ</span> <span class='ocrx_word' id='word_1_158' title='bbox 1270 1728 1378 1783; x_wconf 80' lang='grc' dir='ltr'>δοκῇ</span> <span class='ocrx_word' id='word_1_159' title='bbox 1409 1743 1529 1782; x_wconf 85' lang='grc' dir='ltr'><strong><em>τινα,</em></strong></span> 
     </span>
     <span class='ocr_line' id='line_1_22' title="bbox 567 1799 1583 1855; baseline -0.001 -13"><span class='ocrx_word' id='word_1_160' title='bbox 567 1800 731 1849; x_wconf 82' lang='grc' dir='ltr'><strong><em>πολλὰς</em></strong></span> <span class='ocrx_word' id='word_1_161' title='bbox 761 1799 1006 1855; x_wconf 76' lang='grc' dir='ltr'><em>προφάσεις</em></span> <span class='ocrx_word' id='word_1_162' title='bbox 1038 1799 1224 1841; x_wconf 80' lang='grc' dir='ltr'><strong><em>δίδωσιν</em></strong></span> <span class='ocrx_word' id='word_1_163' title='bbox 1256 1800 1318 1849; x_wconf 83' lang='grc' dir='ltr'>είς</span> <span class='ocrx_word' id='word_1_164' title='bbox 1350 1801 1583 1855; x_wconf 81' lang='grc' dir='ltr'><strong><em>σωτηρίαν.</em></strong></span> 
     </span>
     <span class='ocr_line' id='line_1_23' title="bbox 402 1880 1844 1939; baseline 0 -15"><span class='ocrx_word' id='word_1_165' title='bbox 402 1886 646 1936; x_wconf 86' lang='lat' dir='ltr'>Theophilus</span> <span class='ocrx_word' id='word_1_166' title='bbox 680 1887 816 1925; x_wconf 88' lang='lat' dir='ltr'>Autol.</span> <span class='ocrx_word' id='word_1_167' title='bbox 841 1886 882 1924; x_wconf 95' lang='lat' dir='ltr'>II</span> <span class='ocrx_word' id='word_1_168' title='bbox 910 1887 1025 1925; x_wconf 81' lang='lat' dir='ltr'>353e</span> <span class='ocrx_word' id='word_1_169' title='bbox 1050 1884 1116 1924; x_wconf 85' lang='grc' dir='ltr'>καὶ</span> <span class='ocrx_word' id='word_1_170' title='bbox 1147 1885 1264 1924; x_wconf 82' lang='grc' dir='ltr'><strong><em>πάλιν</em></strong></span> <span class='ocrx_word' id='word_1_171' title='bbox 1290 1884 1514 1937; x_wconf 82' lang='grc' dir='ltr'><strong><em>Εὐριπίδης</em></strong></span> <span class='ocrx_word' id='word_1_172' title='bbox 1540 1882 1606 1939; x_wconf 82' lang='lat' dir='ltr'>(fr.</span> <span class='ocrx_word' id='word_1_173' title='bbox 1638 1887 1749 1924; x_wconf 88' lang='grc'>1074</span> <span class='ocrx_word' id='word_1_174' title='bbox 1775 1880 1844 1939; x_wconf 87' lang='lat' dir='ltr'>N.)</span> 
     </span>
     <span class='ocr_line' id='line_1_24' title="bbox 282 1942 1847 2000; baseline 0 -16"><span class='ocrx_word' id='word_1_175' title='bbox 282 1948 358 1984; x_wconf 87' lang='grc' dir='ltr'>κτλ.</span> <span class='ocrx_word' id='word_1_176' title='bbox 411 1949 447 1984; x_wconf 93' lang='grc'>1.</span> <span class='ocrx_word' id='word_1_177' title='bbox 473 1960 560 1984; x_wconf 90' lang='grc' dir='ltr'><strong><em>τινα</em></strong></span> <span class='ocrx_word' id='word_1_178' title='bbox 586 1946 675 1984; x_wconf 82' lang='lat' dir='ltr'>add.</span> <span class='ocrx_word' id='word_1_179' title='bbox 695 1945 871 1985; x_wconf 86' lang='lat' dir='ltr'>Grotius.</span> <span class='ocrx_word' id='word_1_180' title='bbox 911 1943 1057 1984; x_wconf 84' lang='grc' dir='ltr'><strong><em>ὁπόταν</em></strong></span> <span class='ocrx_word' id='word_1_181' title='bbox 1081 1942 1210 1998; x_wconf 71' lang='grc' dir='ltr'><strong><em>ἄνδρα</em></strong></span> <span class='ocrx_word' id='word_1_182' title='bbox 1234 1946 1287 2000; x_wconf 81' lang='grc' dir='ltr'>τῷ</span> <span class='ocrx_word' id='word_1_183' title='bbox 1311 1949 1355 1984; x_wconf 84' lang='grc' dir='ltr'>θ.</span> <span class='ocrx_word' id='word_1_184' title='bbox 1375 1945 1409 1984; x_wconf 83' lang='grc' dir='ltr'>δ.</span> <span class='ocrx_word' id='word_1_185' title='bbox 1428 1945 1581 1984; x_wconf 83' lang='lat' dir='ltr'>Nauck.</span> <span class='ocrx_word' id='word_1_186' title='bbox 1633 1947 1671 1983; x_wconf 94' lang='grc'>2.</span> <span class='ocrx_word' id='word_1_187' title='bbox 1696 1943 1847 1995; x_wconf 82' lang='grc' dir='ltr'><strong><em>πολλὴν</em></strong></span> 
     </span>
    </p>
   </div>
   <div class='ocr_carea' id='block_1_7' title="bbox 284 2003 1847 2116">
    <p class='ocr_par' dir='ltr' id='par_1_7' title="bbox 284 2003 1847 2116">
     <span class='ocr_line' id='line_1_25' title="bbox 285 2003 1847 2058; baseline 0.001 -15"><span class='ocrx_word' id='word_1_188' title='bbox 285 2005 422 2044; x_wconf 80' lang='grc' dir='ltr'><strong><em>δίδωσι</em></strong></span> <span class='ocrx_word' id='word_1_189' title='bbox 459 2004 661 2058; x_wconf 83' lang='grc' dir='ltr'><strong><em>πρόφασιν</em></strong></span> <span class='ocrx_word' id='word_1_190' title='bbox 701 2004 831 2056; x_wconf 71' lang='lat' dir='ltr'>Grot,</span> <span class='ocrx_word' id='word_1_191' title='bbox 874 2003 1093 2057; x_wconf 80' lang='grc' dir='ltr'><strong><em>προφάσεις</em></strong></span> <span class='ocrx_word' id='word_1_192' title='bbox 1131 2003 1251 2051; x_wconf 81' lang='grc' dir='ltr'><strong><em>καλὰς</em></strong></span> <span class='ocrx_word' id='word_1_193' title='bbox 1292 2004 1455 2044; x_wconf 82' lang='grc' dir='ltr'><strong><em>δίδωσιν</em></strong></span> <span class='ocrx_word' id='word_1_194' title='bbox 1491 2004 1645 2044; x_wconf 87' lang='lat' dir='ltr'>Nauck.</span> <span class='ocrx_word' id='word_1_195' title='bbox 1709 2005 1765 2043; x_wconf 87' lang='lat' dir='ltr'>sic</span> <span class='ocrx_word' id='word_1_196' title='bbox 1802 2007 1847 2044; x_wconf 80' lang='lat' dir='ltr'>ut</span> 
     </span>
     <span class='ocr_line' id='line_1_26' title="bbox 284 2064 1318 2116; baseline 0 -13"><span class='ocrx_word' id='word_1_197' title='bbox 284 2066 434 2115; x_wconf 88' lang='lat' dir='ltr'>scripta</span> <span class='ocrx_word' id='word_1_198' title='bbox 467 2067 561 2104; x_wconf 85' lang='lat' dir='ltr'>sunt</span> <span class='ocrx_word' id='word_1_199' title='bbox 591 2065 736 2116; x_wconf 78' lang='lat' dir='ltr'>tragici</span> <span class='ocrx_word' id='word_1_200' title='bbox 767 2077 854 2104; x_wconf 90' lang='lat' dir='ltr'>esse</span> <span class='ocrx_word' id='word_1_201' title='bbox 885 2078 964 2104; x_wconf 89' lang='lat' dir='ltr'>non</span> <span class='ocrx_word' id='word_1_202' title='bbox 995 2077 1110 2115; x_wconf 83' lang='lat' dir='ltr'>posse</span> <span class='ocrx_word' id='word_1_203' title='bbox 1142 2064 1318 2115; x_wconf 85' lang='lat' dir='ltr'>adparet.</span> 
     </span>
    </p>
   </div>
   <div class='ocr_carea' id='block_1_8' title="bbox 1010 2181 1120 2223">
    <p class='ocr_par' dir='ltr' id='par_1_8' title="bbox 1010 2181 1120 2223">
     <span class='ocr_line' id='line_1_27' title="bbox 1010 2181 1120 2223; baseline 0.009 -1"><span class='ocrx_word' id='word_1_204' title='bbox 1010 2181 1120 2223; x_wconf 92' lang='grc'>1221</span> 
     </span>
    </p>
   </div>
   <div class='ocr_carea' id='block_1_9' title="bbox 283 2249 1847 2604">
    <p class='ocr_par' dir='ltr' id='par_1_9' title="bbox 283 2249 1847 2604">
     <span class='ocr_line' id='line_1_28' title="bbox 402 2249 1843 2307; baseline -0.001 -13"><span class='ocrx_word' id='word_1_205' title='bbox 402 2256 600 2295; x_wconf 87' lang='lat' dir='ltr'>Eusebius</span> <span class='ocrx_word' id='word_1_206' title='bbox 632 2256 772 2305; x_wconf 87' lang='lat' dir='ltr'>Praep.</span> <span class='ocrx_word' id='word_1_207' title='bbox 805 2268 863 2295; x_wconf 90' lang='lat' dir='ltr'>ev.</span> <span class='ocrx_word' id='word_1_208' title='bbox 893 2257 966 2305; x_wconf 91' lang='grc'>10,</span> <span class='ocrx_word' id='word_1_209' title='bbox 992 2256 1038 2305; x_wconf 86' lang='grc'>4,</span> <span class='ocrx_word' id='word_1_210' title='bbox 1066 2257 1119 2294; x_wconf 87' lang='grc'>27</span> <span class='ocrx_word' id='word_1_211' title='bbox 1153 2255 1286 2294; x_wconf 85' lang='lat' dir='ltr'>Dindf.</span> <span class='ocrx_word' id='word_1_212' title='bbox 1318 2252 1514 2304; x_wconf 82' lang='grc' dir='ltr'><strong><em>ἀλώμενοι</em></strong></span> <span class='ocrx_word' id='word_1_213' title='bbox 1546 2249 1607 2306; x_wconf 81' lang='grc' dir='ltr'>(οἱ</span> <span class='ocrx_word' id='word_1_214' title='bbox 1637 2249 1843 2307; x_wconf 87' lang='grc' dir='ltr'><strong><em>Ἕλληνες)</em></strong></span> 
     </span>
     <span class='ocr_line' id='line_1_29' title="bbox 285 2309 1846 2367; baseline -0.001 -13"><span class='ocrx_word' id='word_1_215' title='bbox 285 2309 360 2354; x_wconf 79' lang='grc' dir='ltr'>ὦδε</span> <span class='ocrx_word' id='word_1_216' title='bbox 399 2313 553 2355; x_wconf 80' lang='grc' dir='ltr'><strong><em>κάκεῖσε</em></strong></span> <span class='ocrx_word' id='word_1_217' title='bbox 596 2313 662 2354; x_wconf 84' lang='grc' dir='ltr'>καὶ</span> <span class='ocrx_word' id='word_1_218' title='bbox 703 2313 771 2366; x_wconf 86' lang='grc' dir='ltr'>τὸν</span> <span class='ocrx_word' id='word_1_219' title='bbox 814 2314 904 2365; x_wconf 90' lang='grc' dir='ltr'><strong><em>βίον</em></strong></span> <span class='ocrx_word' id='word_1_220' title='bbox 949 2313 1134 2353; x_wconf 75' lang='grc' dir='ltr'><strong><em>ἅπαντα</em></strong></span> <span class='ocrx_word' id='word_1_221' title='bbox 1176 2311 1535 2367; x_wconf 81' lang='grc' dir='ltr'><strong><em>περιτρέχοντες</em></strong></span> <span class='ocrx_word' id='word_1_222' title='bbox 1578 2311 1846 2366; x_wconf 81' lang='grc' dir='ltr'><strong><em>ἀλλοτρίοις</em></strong></span> 
     </span>
     <span class='ocr_line' id='line_1_30' title="bbox 284 2371 1846 2426; baseline -0.003 -12"><span class='ocrx_word' id='word_1_223' title='bbox 284 2375 467 2422; x_wconf 85' lang='grc' dir='ltr'><strong><em>πτίλοις</em></strong></span> <span class='ocrx_word' id='word_1_224' title='bbox 511 2380 632 2425; x_wconf 84' lang='grc' dir='ltr'><strong><em>σφᾶς</em></strong></span> <span class='ocrx_word' id='word_1_225' title='bbox 677 2372 850 2421; x_wconf 78' lang='grc' dir='ltr'><strong><em>αὐτοὺς</em></strong></span> <span class='ocrx_word' id='word_1_226' title='bbox 893 2372 1192 2426; x_wconf 80' lang='grc' dir='ltr'><strong><em>ἐφαίδρυνον</em></strong></span> <span class='ocrx_word' id='word_1_227' title='bbox 1228 2371 1326 2412; x_wconf 80' lang='grc' dir='ltr'>κατὰ</span> <span class='ocrx_word' id='word_1_228' title='bbox 1358 2371 1426 2411; x_wconf 89' lang='grc' dir='ltr'>τὸν</span> <span class='ocrx_word' id='word_1_229' title='bbox 1463 2376 1610 2423; x_wconf 82' lang='grc' dir='ltr'><strong><em>μῦθον.</em></strong></span> <span class='ocrx_word' id='word_1_230' title='bbox 1667 2373 1846 2411; x_wconf 86' lang='lat' dir='ltr'>fabulam</span> 
     </span>
     <span class='ocr_line' id='line_1_31' title="bbox 283 2428 1847 2485; baseline -0.001 -13"><span class='ocrx_word' id='word_1_231' title='bbox 283 2435 520 2485; x_wconf 88' lang='lat' dir='ltr'>Aesopicam</span> <span class='ocrx_word' id='word_1_232' title='bbox 564 2434 776 2485; x_wconf 87' lang='lat' dir='ltr'>significat.</span> <span class='ocrx_word' id='word_1_233' title='bbox 821 2435 888 2472; x_wconf 87' lang='lat' dir='ltr'>sed</span> <span class='ocrx_word' id='word_1_234' title='bbox 934 2433 1074 2473; x_wconf 89' lang='lat' dir='ltr'>comici</span> <span class='ocrx_word' id='word_1_235' title='bbox 1116 2433 1302 2473; x_wconf 84' lang='lat' dir='ltr'>videntur</span> <span class='ocrx_word' id='word_1_236' title='bbox 1343 2444 1427 2470; x_wconf 85' lang='lat' dir='ltr'>esse</span> <span class='ocrx_word' id='word_1_237' title='bbox 1473 2428 1668 2484; x_wconf 85' lang='lat' dir='ltr'>(subiecto</span> <span class='ocrx_word' id='word_1_238' title='bbox 1712 2434 1847 2470; x_wconf 88' lang='lat' dir='ltr'>tamen</span> 
     </span>
     <span class='ocr_line' id='line_1_32' title="bbox 285 2487 1845 2547; baseline -0.001 -16"><span class='ocrx_word' id='word_1_239' title='bbox 285 2488 459 2547; x_wconf 88' lang='lat' dir='ltr'>mutato)</span> <span class='ocrx_word' id='word_1_240' title='bbox 498 2495 595 2533; x_wconf 86' lang='lat' dir='ltr'>haec</span> <span class='ocrx_word' id='word_1_241' title='bbox 625 2494 727 2532; x_wconf 89' lang='lat' dir='ltr'>fere:</span> <span class='ocrx_word' id='word_1_242' title='bbox 759 2491 826 2532; x_wconf 87' lang='grc' dir='ltr'>τὸν</span> <span class='ocrx_word' id='word_1_243' title='bbox 857 2492 946 2544; x_wconf 90' lang='grc' dir='ltr'><strong><em>βίον</em></strong></span> <span class='ocrx_word' id='word_1_244' title='bbox 974 2491 980 2540; x_wconf 93' lang='grc' dir='ltr'>Ι</span> <span class='ocrx_word' id='word_1_245' title='bbox 1007 2491 1163 2531; x_wconf 77' lang='grc' dir='ltr'><strong><em>ἅπαντα</em></strong></span> <span class='ocrx_word' id='word_1_246' title='bbox 1192 2487 1477 2544; x_wconf 80' lang='grc' dir='ltr'><strong><em>περιτρέχοντες</em></strong></span> <span class='ocrx_word' id='word_1_247' title='bbox 1507 2489 1722 2543; x_wconf 79' lang='grc' dir='ltr'><strong><em>ἀλλοτρίοις</em></strong></span> <span class='ocrx_word' id='word_1_248' title='bbox 1761 2490 1845 2530; x_wconf 87' lang='grc' dir='ltr'><strong><em>πτί-</em></strong></span> 
     </span>
     <span class='ocr_line' id='line_1_33' title="bbox 283 2551 831 2604; baseline 0 -13"><span class='ocrx_word' id='word_1_249' title='bbox 283 2555 365 2600; x_wconf 88' lang='grc' dir='ltr'><strong><em>λοις</em></strong></span> <span class='ocrx_word' id='word_1_250' title='bbox 392 2553 398 2601; x_wconf 96' lang='grc' dir='ltr'>Ι</span> <span class='ocrx_word' id='word_1_251' title='bbox 425 2557 642 2604; x_wconf 81' lang='grc' dir='ltr'><strong><em>κοσμοῦσιν</em></strong></span> <span class='ocrx_word' id='word_1_252' title='bbox 673 2551 831 2600; x_wconf 82' lang='grc' dir='ltr'><strong><em>αὑτούς.</em></strong></span> 
     </span>
    </p>
   </div>
   <div class='ocr_carea' id='block_1_10' title="bbox 571 2633 1621 2832">
    <p class='ocr_par' dir='ltr' id='par_1_10' title="bbox 571 2633 1621 2832">
     <span class='ocr_line' id='line_1_34' title="bbox 1010 2633 1124 2675; baseline -0.009 0"><span class='ocrx_word' id='word_1_253' title='bbox 1010 2633 1124 2675; x_wconf 88' lang='grc'>1222</span> 
     </span>
     <span class='ocr_line' id='line_1_35' title="bbox 571 2703 1554 2760; baseline -0.003 -13"><span class='ocrx_word' id='word_1_254' title='bbox 571 2704 652 2747; x_wconf 87' lang='grc' dir='ltr'>οὐκ</span> <span class='ocrx_word' id='word_1_255' title='bbox 683 2705 738 2747; x_wconf 79' lang='grc' dir='ltr'>ἄν</span> <span class='ocrx_word' id='word_1_256' title='bbox 768 2719 834 2756; x_wconf 89' lang='grc' dir='ltr'>τις</span> <span class='ocrx_word' id='word_1_257' title='bbox 864 2708 963 2760; x_wconf 78' lang='grc' dir='ltr'><strong><em>εἴπῃ</em></strong></span> <span class='ocrx_word' id='word_1_258' title='bbox 994 2703 1135 2746; x_wconf 83' lang='grc' dir='ltr'><strong><em>πολλὰ</em></strong></span> <span class='ocrx_word' id='word_1_259' title='bbox 1165 2703 1554 2757; x_wconf 79' lang='grc' dir='ltr'><strong><em>θαυμασθήσεται,</em></strong></span> 
     </span>
     <span class='ocr_line' id='line_1_36' title="bbox 571 2767 1621 2832; baseline -0.005 -14"><span class='ocrx_word' id='word_1_260' title='bbox 571 2775 594 2818; x_wconf 88' lang='grc' dir='ltr'>ὁ</span> <span class='ocrx_word' id='word_1_261' title='bbox 627 2776 760 2832; x_wconf 81' lang='grc' dir='ltr'><strong><em>μικρὰ</em></strong></span> <span class='ocrx_word' id='word_1_262' title='bbox 793 2771 832 2817; x_wconf 83' lang='grc' dir='ltr'>δ’</span> <span class='ocrx_word' id='word_1_263' title='bbox 868 2775 1005 2817; x_wconf 81' lang='grc' dir='ltr'><strong><em>εἰπὼν</em></strong></span> <span class='ocrx_word' id='word_1_264' title='bbox 1035 2776 1218 2831; x_wconf 84' lang='grc' dir='ltr'><strong><em>μᾶλλον,</em></strong></span> <span class='ocrx_word' id='word_1_265' title='bbox 1251 2772 1306 2815; x_wconf 78' lang='grc' dir='ltr'>ἂν</span> <span class='ocrx_word' id='word_1_266' title='bbox 1336 2767 1364 2829; x_wconf 80' lang='grc' dir='ltr'><em>ᾗ</em></span> <span class='ocrx_word' id='word_1_267' title='bbox 1396 2775 1621 2830; x_wconf 79' lang='grc' dir='ltr'><strong><em>χρήσιμον.</em></strong></span> 
     </span>
    </p>
   </div>
   <div class='ocr_carea' id='block_1_11' title="bbox 287 2857 1844 2975">
    <p class='ocr_par' dir='ltr' id='par_1_11' title="bbox 287 2857 1844 2975">
     <span class='ocr_line' id='line_1_37' title="bbox 406 2857 1844 2913; baseline -0.001 -14"><span class='ocrx_word' id='word_1_268' title='bbox 406 2861 600 2900; x_wconf 79' lang='lat' dir='ltr'>Stobaeus</span> <span class='ocrx_word' id='word_1_269' title='bbox 628 2862 764 2901; x_wconf 88' lang='lat' dir='ltr'>Floril.</span> <span class='ocrx_word' id='word_1_270' title='bbox 792 2863 860 2913; x_wconf 88' lang='lat'>35,</span> <span class='ocrx_word' id='word_1_271' title='bbox 889 2865 911 2901; x_wconf 85' lang='lat'><strong>7</strong></span> <span class='ocrx_word' id='word_1_272' title='bbox 943 2862 1026 2900; x_wconf 88' lang='lat' dir='ltr'>sine</span> <span class='ocrx_word' id='word_1_273' title='bbox 1051 2862 1247 2900; x_wconf 87' lang='lat' dir='ltr'>lemmate.</span> <span class='ocrx_word' id='word_1_274' title='bbox 1313 2862 1349 2898; x_wconf 88' lang='grc'>2.</span> <span class='ocrx_word' id='word_1_275' title='bbox 1376 2858 1566 2911; x_wconf 84' lang='grc' dir='ltr'><strong><em>χρήσιμον</em></strong></span> <span class='ocrx_word' id='word_1_276' title='bbox 1592 2857 1725 2909; x_wconf 62' lang='lat' dir='ltr'>Vina]</span> <span class='ocrx_word' id='word_1_277' title='bbox 1753 2858 1844 2910; x_wconf 77' lang='grc' dir='ltr'><strong><em>χρή-</em></strong></span> 
     </span>
     <span class='ocr_line' id='line_1_38' title="bbox 287 2921 1151 2975; baseline 0.002 -17"><span class='ocrx_word' id='word_1_278' title='bbox 287 2930 391 2971; x_wconf 87' lang='grc' dir='ltr'><strong><em>σιμα.</em></strong></span> <span class='ocrx_word' id='word_1_279' title='bbox 427 2942 476 2947; x_wconf 95' lang='grc'><strong>-</strong></span> <span class='ocrx_word' id='word_1_280' title='bbox 511 2923 645 2975; x_wconf 81' lang='lat' dir='ltr'>potest</span> <span class='ocrx_word' id='word_1_281' title='bbox 676 2922 797 2960; x_wconf 86' lang='lat' dir='ltr'>etiam</span> <span class='ocrx_word' id='word_1_282' title='bbox 829 2921 975 2973; x_wconf 85' lang='lat' dir='ltr'>tragici</span> <span class='ocrx_word' id='word_1_283' title='bbox 1006 2933 1102 2960; x_wconf 88' lang='lat' dir='ltr'>esse.</span> <span class='ocrx_word' id='word_1_284' title='bbox 1147 2933 1151 2937; x_wconf 85' lang='lat'><strong>·</strong></span> 
     </span>
    </p>
   </div>
   <div class='ocr_carea' id='block_1_12' title="bbox 2006 2456 2014 2496">
    <p class='ocr_par' dir='ltr' id='par_1_12' title="bbox 2006 2456 2014 2496">
     <span class='ocr_line' id='line_1_39' title="bbox 2006 2456 2014 2496; baseline 0 0"><span class='ocrx_word' id='word_1_285' title='bbox 2006 2456 2014 2496; x_wconf 67' lang='lat' dir='ltr'>i</span> 
     </span>
    </p>
   </div>
   <div class='ocr_carea' id='block_1_13' title="bbox 2003 2498 2014 2563">
    <p class='ocr_par' dir='ltr' id='par_1_13' title="bbox 2003 2498 2014 2563">
     <span class='ocr_line' id='line_1_40' title="bbox 2003 2498 2014 2563; baseline 0 0"><span class='ocrx_word' id='word_1_286' title='bbox 2003 2498 2014 2563; x_wconf 70' lang='lat'>1</span> 
     </span>
    </p>
   </div>
  </div>
 </body>
</html>
