2014 3334
0 815 4 825 -
0 778 5 789 .-
0 365 19 758 .γη-πνἼῖᾼ-νψνγπῃς-ηη-
0 323 4 328 -
6 298 12 302 ,
5 241 8 244 .

24 154 32 196 Μ,

34 123 46 156 ..-

12 2475 13 2478 „
0 1865 17 2432 W-WW'W
0 1745 7 1838 *vv-‘n‘
0 1723 2 1725 ·

546 241 958 276 ΔΜΦῘΣΒΗΤΗΣῙΜΑ
982 241 1065 275 KAI
1092 241 1415 275 ΠΑΡΕΓΓΡΑΦΑ
1679 240 1767 282 605

314 352 556 392 Plutarchus
587 352 686 391 Mor.
721 352 868 392 1098b
900 351 943 392 οἱ
968 350 1210 404 θεράποντες
1246 350 1339 391 ὅταν
1370 350 1524 403 Κρόνια
1555 351 1768 392 δειπνῶσιν

191 409 219 465 ἦ
250 411 446 453 Διονύσια
476 407 560 451 κατ’
595 409 718 465 ἀγρὸν
750 409 874 465 ἄγωσι
904 410 1137 465 περιιόντες,
1175 410 1249 451 οὐκ
1281 409 1332 450 ἂν
1363 409 1495 451 αὐτῶν
1525 410 1594 451 τὸν
1630 409 1768 452 ὀλολυ-

190 469 293 526 γμὸν
328 469 563 523 ὑπομείναις
602 469 668 510 καὶ
698 470 767 511 τὸν
797 469 1000 523 θόρυβον,
1037 469 1116 511 ὑπὸ
1154 476 1355 523 χαρμονῆς
1391 469 1457 510 καὶ
1491 469 1769 524 ἀπειροκαλίας

189 536 354 572 τοιαῦτα
376 530 604 571 ποιούντων
628 529 695 571 καὶ
720 529 1009 584 φθεγγομένων
1036 533 1114 570 κτλ.
1179 534 1216 570 1.
1244 530 1282 570 τί
1303 529 1431 587 κάθῃ]
1464 530 1622 583 κλίθητι
1650 532 1768 571 Mein.

191 591 290 631 conl.
307 591 444 642 Eurip.
458 590 508 631 sr.
522 592 606 631 692
628 590 678 630 N.
734 588 818 641 καὶ]
839 593 917 630 παῖ
928 590 1135 630 Herwerd.
1149 589 1244 630 Obs.
1263 591 1347 630 crit.
1369 593 1439 631 40.
1483 591 1584 630 σιτία
1606 589 1768 643 Bergk.]

193 653 291 691 σῖτα.
353 651 392 691 5.
422 647 564 701 ὑμνεῖ]
596 648 757 701 ὑμνεῖτο
778 650 914 690 Petav.
964 649 1080 701 ὕμνει
1112 647 1155 689 δέ
1173 664 1230 697 τις
1248 650 1396 702 Be1·.gk
1444 649 1627 702 ὕμνησε
1659 648 1694 690 δ’
1719 651 1770 691 Κ.

189 709 326 750 Herm.
357 709 473 749 XXII
509 711 605 749 148.
669 711 708 750 6.
739 707 760 749 6
796 708 963 762 Φοῖβος]
995 707 1214 761 ὑφορβὸς
1245 710 1309 749 vel
1341 708 1587 762 συφορβὸς
1618 710 1666 750 Κ.
1727 711 1768 750 ιιι

190 769 269 809 fine
298 761 332 808 τ’
367 767 555 809 ἐναυλίαν
587 769 732 820 Bergk.
783 783 828 809 τε
860 768 1062 809 ναυτίαν
1087 769 1135 809 Κ.
1199 770 1237 808 7.
1269 766 1468 823 ἐξέκλαγξε
1492 770 1628 810 Reisk.
1672 767 1770 818 ἐξέ-

189 828 335 880 πληξε
366 828 415 869 Κ.

314 891 352 929 1.
376 887 487 944 κάθῃ
513 889 653 940 utique
674 878 920 940 corruptum.
983 891 1022 929 3.
1050 886 1242 940 ἐκίρνατο,
1266 891 1314 927 ut
1338 888 1542 940 κιρνάντες
1561 889 1770 940 Aristoph.

191 948 240 988 fr.
273 949 371 989 683.
420 946 645 1001 ἐγκιρνᾶσιν
676 948 783 988 Eccl.
816 950 915 988 841.
979 949 1015 987 6.
1049 943 1098 987 si
1134 947 1285 1000 Φοῖβος
1316 949 1429 987 scolii
1466 961 1612 988 nomen
1644 949 1770 989 fuisse

194 1009 375 1047 statuere
406 1008 556 1060 liceret,
587 1008 828 1060 corrigerem
861 1006 912 1047 οὐ
940 1008 1004 1058 Φ.,
1035 1005 1085 1047 οὐ
1116 1006 1318 1065 προσωδά,
1348 1020 1427 1047 non
1451 1009 1626 1049 Phoebus
1657 1021 1768 1049 cane-

192 1068 319 1112 batur,
343 1079 420 1106 non
452 1069 631 1108 carmina
661 1063 889 1107 modulata&
921 1067 1039 1107 Mein.
1084 1063 1121 1106 ‘6
1151 1067 1303 1119 Φοῖβος
1328 1065 1490 1119 ὑμνεῖτο
1513 1070 1646 1108 κλῶνα
1669 1067 1768 1120 πρὸς

189 1124 313 1166 καλὸν
344 1126 503 1201 δάφνης
539 1127 582 1166 ιιι
613 1127 818 1167 comoedia.
850 1127 907 1166 sic
945 1130 1034 1166 erat
1071 1126 1302 1166 dicendum·
1345 1125 1469 1167 παιὰν
1510 1124 1627 1184 ῄδετο
1670 1127 1770 1180 πρὸς

193 1182 416 1239 μυρρίνηνῖ
450 1186 589 1226 Cobet.
606 1187 656 1226 N.
676 1187 702 1225 l.
722 1189 792 1226 48.
841 1187 890 1226 de
916 1187 1062 1238 quibus
1094 1187 1144 1225 cf.
1164 1199 1266 1238 quae
1297 1187 1380 1226 dixi
1410 1187 1452 1226 in
1472 1188 1623 1227 Herma
1654 1188 1768 1227 XXII

197 1248 278 1286 145
294 1258 352 1296 eq.
433 1247 470 1286 6.
502 1242 574 1286 οὐ
611 1245 800 1302 προσῳδά
837 1242 1144 1286 adverbialiter'
1182 1247 1233 1285 H.
1264 1246 1400 1286 Iacobi
1431 1247 1549 1286 Mein.
1581 1248 1642 1286 ed.
1673 1248 1768 1288 min.

191 1317 294 1345 xxm
325 1306 427 1345 conl.
458 1305 556 1346 Lob.
584 1306 705 1357 Soph.
736 1306 800 1345 Ai.
831 1319 870 1357 p.
903 1307 971 1346 95.
1005 1307 1101 1345 155.
1134 1307 1231 1346 246.
1277 1304 1478 1346 ἐναυλιον
1509 1307 1605 1346 fors.
1637 1308 1768 1359 ianua,

191 1367 240 1404 ut
269 1361 392 1404 ὠθῶν
423 1365 478 1405 sit
507 1377 595 1405 cum
625 1368 665 1405 vi
694 1360 908 1415 inpellens'.
939 1365 1058 1405 Mein.
1158 1369 1194 1406 7.
1229 1361 1462 1416 ‘permirum
1494 1369 1556 1406 est
1587 1367 1768 1406 doricum

193 1421 368 1472 ἐξέκλαξε
399 1437 472 1476 pro
504 1422 680 1480 ἐξέκλῃσε
713 1420 770 1478 (‘?)
802 1427 844 1464 et
873 1425 958 1464 sine
990 1425 1112 1465 dubio
1145 1422 1408 1476 corruptum'.
1442 1426 1559 1465 Mein.

311 1484 363 1524 ad
401 1485 631 1534 Taqenistas
667 1484 951 1535 Aristophanis
991 1484 1087 1524 olim
1127 1485 1330 1524 referebat
1368 1485 1586 1537 Bergkius,
1630 1489 1770 1536 postea

192 1538 451 1584 comiciesse
481 1544 666 1595 negavit3
698 1544 804 1583 inter
829 1544 1058 1596 fragmenta
1089 1544 1240 1584 comica
1270 1545 1422 1595 recepit
1441 1545 1677 1584 Moinekius.
1718 1547 1768 1585 ad

193 1603 333 1643 drama
369 1604 590 1655 satyricum
627 1603 827 1654 pertinere
868 1606 1032 1644 censent
1073 1604 1317 1644 Fritzschius
1350 1605 1408 1644 De
1440 1605 1609 1644 Lenaeis
1640 1619 1678 1656 p.
1714 1608 1766 1644 16

194 1665 236 1702 et
271 1675 362 1702 cum
399 1662 669 1703 Herwerdeno
708 1662 802 1703 obs.
833 1663 922 1704 crit.
953 1665 1010 1704 40
1050 1662 1225 1704 Cobetus
1264 1664 1314 1704 N.
1346 1664 1371 1703 1.
1405 1666 1473 1704 48.
1535 1665 1584 1704 cf.
1615 1665 1769 1704 Nauck.

195 1722 262 1762 Tr.
295 1736 353 1774 gr.
386 1723 434 1762 fr.
465 1722 599 1773 adesp.
635 1725 732 1763 346.

926 1804 1042 1847 1204

479 1886 619 1942 γάμος
648 1886 880 1943 κράτιστός
911 1886 1032 1930 ἐστιν
1063 1885 1194 1943 ἀνδρὶ
1225 1887 1428 1944 σώφρονι

479 1958 647 2012 τρόπον
677 1959 889 2012 γυναικὸς
918 1958 1112 2015 χρηστὸν
1143 1959 1276 2001 ἔνδον
1307 1959 1559 2015 λαμβάνειν.

481 2028 592 2085 αὕτη
623 2029 708 2086 γὰρ
739 2029 766 2085 ἡ
797 2028 926 2087 προὶξ
958 2031 1104 2074 οἰκίαν
1135 2028 1262 2089 σῴζει
1287 2032 1413 2087 μόνη.

481 2101 602 2152 ὅστις
633 2099 682 2144 δὲ
712 2109 945 2159 τρυφερῶς
975 2102 1057 2158 τὴν
1087 2098 1262 2158 γυναῖκ’
1297 2103 1394 2157 ἄγει
1425 2103 1585 2158 λαβών,

435 2182 455 2214 5
483 2172 704 2229 συνεργὸν
735 2169 866 2224 οὗτος
897 2172 996 2216 ἀντὶ
1028 2174 1266 2229 δεσποίνης
1297 2175 1400 2230 ἔχει,

482 2243 662 2299 εὔνουν,
694 2246 881 2299 βεβαίαν
911 2248 972 2296 εἰς
1003 2245 1175 2288 ἅπαντα
1206 2247 1286 2288 τὸν
1316 2247 1428 2300 βίον.

316 2329 512 2369 Stobaeus
543 2331 682 2370 Floril.
717 2333 783 2381 72,
817 2333 841 2371 5
867 2327 1135 2380 Ἱππώνακτος
1167 2327 1235 2387 (fr.
1270 2335 1324 2373 72
1356 2328 1535 2384 Bergk).
1584 2333 1767 2384 Apostol.

198 2390 238 2437 5,
270 2390 367 2428 240.
429 2391 467 2430 2.
498 2388 634 2440 ἔνδον]
666 2388 784 2430 ἕδνον
814 2391 866 2431 M.
892 2391 1043 2442 Haupt.
1074 2391 1217 2444 Opusc.
1241 2392 1303 2431 III
1335 2394 1433 2432 637.
1495 2394 1534 2431 4.
1565 2398 1770 2445 τρυφερῶς

197 2446 288 2499 AB]
319 2447 511 2502 τρυφερὸς
529 2450 659 2490 Trinc.
709 2448 934 2503 ἀτρύφερον
954 2451 1130 2492 Grotius.
1180 2452 1229 2492 cf.
1255 2452 1397 2503 Eupol.
1426 2453 1492 2492 69.
1537 2450 1768 2506 ἀτρυφέρως

201 2507 339 2553 Cobet.
369 2508 512 2548 Mnem.
543 2522 633 2550 nov.
665 2509 706 2549 II
738 2511 835 2551 248.

318 2567 397 2607 duo
429 2568 679 2609 diversorum
715 2572 925 2620 poetarum
962 2571 1189 2623 fragmenta
1225 2571 1266 2610 in
1302 2584 1429 2610 unum
1466 2572 1662 2611 coaluisse
1694 2567 1773 2625 (ita

201 2629 246 2666 ut
276 2640 301 2665 a
331 2640 368 2667 v.
388 2629 414 2667 4
446 2628 619 2668 alterum
650 2625 837 2684 incipiat)
858 2631 1162 2682 Valckenarius,
1193 2632 1286 2682 post
1315 2645 1349 2670 v.
1376 2633 1402 2670 4
1436 2631 1633 2683 quaedam
1665 2632 1771 2670 exci-

199 2686 305 2725 disse
336 2686 555 2739 Bergkius‚
591 2701 671 2728 non
701 2688 963 2741 Hipponacti,
1005 2690 1074 2730 sed
1104 2691 1398 2741 Hippothoonti
1429 2691 1527 2729 haec
1558 2691 1772 2730 tribuenda

200 2758 285 2785 esse
310 2746 532 2786 Meinekius
557 2747 641 2786 IIII
671 2750 756 2788 714
789 2743 899 2803 (cum
924 2745 1121 2803 Bergkio)
1158 2750 1423 2789 coniecerunt.
1472 2763 1589 2800 quem
1620 2750 1771 2801 Hippo-

201 2806 409 2845 thoontem
441 2807 641 2859 tragicum
672 2807 878 2848 Nauckius
910 2807 996 2861 (Tr.
1016 2822 1076 2861 gr.
1096 2810 1144 2848 fr.
1166 2810 1263 2849 643.
1283 2804 1343 2862 4),
1376 2809 1616 2848 didacticum
1649 2811 1771 2850 fuisse

200 2863 403 2916 Hauptius
435 2866 600 2906 censuit.
661 2868 744 2907 tres
776 2869 1017 2918 posteriores
1050 2881 1188 2908 versus
1221 2868 1384 2921 Cobeto,
1414 2871 1497 2907 tres
1529 2869 1647 2920 primi
1672 2870 1771 2909 Mei-

201 2924 318 2963 nekio
349 2925 490 2965 comici
521 2937 606 2966 esse
637 2926 887 2967 videbantur.
