2014 3334
259 243 343 286 102
798 206 802 209 ’
891 239 1189 277 ΜΕΝΑΝΔΡΟΤ

257 355 377 394 dubio
408 355 493 404 ipee
526 354 562 392 ei
588 353 764 391 dederat.
815 353 877 390 est
907 353 1042 390 aussem
1068 348 1089 390 ὁ
1117 355 1288 403 χρυσοῦς
1313 349 1518 402 κάνθαρος
1549 351 1614 391 vel
1640 347 1660 389 ὁ
1687 359 1828 402 χρυσο-

256 414 460 465 κάνθαρος
487 426 587 462 quae
615 411 720 462 apud
741 411 1056 461 Arisbophanem
1080 413 1248 450 vocatur
1274 409 1503 462 μηλολόνθη
1532 405 1682 462 (Schol.
1702 409 1830 449 Arist.

257 475 361 513 Nub.
384 474 482 512 763.
515 473 631 510 Phob.
653 472 694 509 eb
713 471 886 522 Hesych.
919 468 1161 521 μηλολόνθη.
1211 470 1400 509 Eustath.
1424 472 1550 518 1329,
1574 463 1661 522 25).
1688 470 1829 508 contra

259 535 294 572 ei
321 533 390 584 qui
417 531 595 571 Stratoni
626 531 756 568 filium
786 530 954 569 rediisse
986 529 1148 568 nuntiat
1178 541 1315 568 nomen
1344 529 1497 581 navigii
1528 530 1712 580 ignotum
1743 540 1829 567 esse

258 593 402 631 ultima
437 592 562 631 verba
599 585 656 643 (v.
691 592 726 629 7.
761 585 806 640 8)
844 589 1072 628 ostendunt.
1135 588 1272 639 itaque
1315 601 1388 628 scr.
1428 593 1582 640 πρῶτος
1617 585 1715 641 λέγω
1757 597 1831 627 σοι.

258 653 370 690 ΣΤΡ.
409 650 476 690 τόν
507 665 545 689 τε
578 644 661 702 (vel
686 647 754 688 τὸν
781 645 844 702 δὲ)
878 663 933 700 χρ.
953 648 1181 700 κάνθαρον;
1214 650 1263 687 A.
1284 652 1422 696 ποῖον;
1453 650 1567 687 ΣΤΡ.
1599 646 1641 687 τὸ
1672 650 1830 687 πλοῖον·

260 709 377 750 οὐδὲν
411 706 565 757 οἶσθας,
597 707 729 759 ἄθλιε,
760 706 833 759 τὴν
864 705 1179 761 ναῦν-λέγεις;
1211 709 1261 747 A.
1293 705 1412 761 ἔγωγε
1443 706 1523 759 μὴν
1553 710 1630 747 κτλ.
1680 707 1833 747 scilicet

261 771 425 809 Straton
463 770 612 821 gaudet
649 768 810 819 quidem
846 767 974 806 filium
1012 769 1216 824 servatum
1248 780 1350 816 esse,
1391 768 1460 806 sed
1499 767 1640 807 anxius
1673 768 1832 807 dubit-at

262 832 307 869 de
340 830 512 881 navigio.

1006 907 1091 950 349

477 989 509 1034 ὦ
543 991 729 1046 φιλτάτη
762 996 817 1045 γῆ
849 995 998 1046 μῆτερ,
1031 989 1089 1040 ὡς
1122 990 1284 1045 σεμνὸν
1317 988 1478 1045 σφόδρ’
1516 986 1567 1033 εἷ,

475 1070 567 1113 τοῖς
598 1068 710 1105 νοῦν
742 1063 893 1117 ἔχουσι
923 1066 1063 1117 κτῆμα
1094 1064 1263 1104 πολλοῦ
1293 1058 1331 1103 τ’
1367 1061 1503 1113 ἄξιον.

477 1135 535 1185 ὡς
568 1130 662 1189 δῆτ’
698 1133 845 1190 ἐχρῆν,
877 1136 922 1176 εἴ
947 1148 1012 1183 τις
1044 1131 1252 1190 πατρςόαν
1282 1133 1553 1190 παραλαβὼν

477 1211 561 1261 γῆν
592 1205 856 1260 καταφάγοι,
888 1207 1015 1247 πλεῖν
1046 1210 1207 1247 τοῦτον
1237 1205 1322 1260 ἤδη
1357 1205 1430 1246 διὰ
1459 1204 1627 1259 τέλους,

440 1289 458 1320 5
480 1276 552 1319 καὶ
585 1275 685 1332 μηδ’
725 1276 969 1331 ἐπιβαίνειν
1000 1281 1094 1331 γῆς,
1126 1274 1363 1326 ἵν’·οῧτως
1393 1275 1573 1334 ᾔσθετο,

479 1343 576 1391 οἷον
608 1348 878 1404 παραλαβὼν
910 1347 1084 1401 ἀγαθὸν
1116 1347 1198 1389 οὐκ
1230 1346 1447 1402 ἐφείσατο.

383 1437 615 1474 Athenaeus
649 1437 694 1483 4,
729 1435 852 1474 166b
899 1432 970 1486 χρὴ
1017 1431 1058 1472 δὲ
1103 1432 1195 1480 τοὺς
1235 1432 1281 1472 τὰ
1323 1435 1483 1489 πατρῷα
1527 1431 1838 1485 κατεδηδοκότας

266 1493 363 1534 κατὰ
393 1493 461 1534 τὸν
493 1494 742 1547 Μενάνδρου
774 1492 1018 1545 Ναύκληρον
1051 1492 1176 1540 οὕτως
1206 1491 1458 1540 κολάζεσθαι·
1500 1490 1624 1544 φησὶν
1654 1492 1728 1546 γάρ
1760 1495 1838 1532 κτλ.
1911 1512 1914 1515 ·

268 1558 305 1594 4.
332 1553 461 1604 πλεῖν]
493 1553 598 1606 πλὴν
618 1555 665 1593 Α.
723 1555 760 1592 4.
787 1555 835 1593 cf.
858 1555 955 1603 363,
979 1555 1014 1594 7.
1077 1554 1115 1592 5.
1148 1549 1213 1592 ene
1239 1553 1439 1603 attingere
1466 1552 1627 1603 quidem
1651 1553 1837 1603 patriam,

266 1615 412 1653 nedum
443 1615 485 1654 in
517 1628 564 1653 ea
583 1608 795 1653 habitare'.
827 1613 945 1653 Mein.
968 1634 1021 1640 -
1043 1613 1203 1653 videhur
1222 1613 1469 1663 Theophilus
1499 1612 1657 1652 rediens
1688 1615 1838 1652 terram

267 1675 441 1726 patriam
473 1675 662 1715 salutare.

1015 1753 1102 1795 350

483 1837 506 1879 ὅ
538 1852 583 1879 τε
616 1837 893 1891 Πολυνείκης
924 1841 1015 1886 πῶς
1046 1831 1231 1878 ἀπώλετ’
1267 1834 1347 1891 οὐχ
1380 1834 1507 1892 ὁρᾷς,
1574 1852 1576 1854 ·

391 1924 521 1964 Schol.
542 1923 724 1974 Sophocl.
745 1922 828 1963 OC.
851 1923 963 1962 1375
992 1924 1090 1963 extr.
1122 1919 1364 1974 Μένανδρος
1396 1920 1438 1961 ἐν
1463 1920 1690 1978 Ναυκλήρῳ
1722 1915 1838 1976 (ναυ-

271 1983 429 2036 κλήροις
455 1978 506 2037 R)
540 1986 617 2022 κτλ.
664 1982 719 2035 τε]
754 1980 796 2022 δὲ
828 1983 958 2034 Mein„
991 1978 1170 2033 ‘propter
1201 1982 1370 2021 Porsoni
1401 1977 1609 2033 regulam'.
1648 2004 1696 2010 —
1731 1982 1839 2022 vide-

272 2046 340 2082 tur
371 2044 494 2082 etiam
524 2043 566 2082 in
597 2044 792 2083 Nauclero
823 2042 911 2082 rixa
941 2043 1114 2082 fratrum
1146 2042 1280 2081 fuisse.

1017 2157 1099 2200 351

489 2238 522 2283 ὦ
556 2244 644 2283 Ζεῦ
674 2238 960 2296 πολυτίμηθ’,
993 2234 1091 2283 οἷόν
1123 2236 1210 2284 ἐστ’
1245 2238 1366 2291 ἐλπὶς
1395 2241 1542 2283 κακόν.

394 2327 590 2366 Sbobaeus
622 2328 759 2367 Floril.
795 2330 892 2378 110,
926 2329 949 2367 8
995 2327 1242 2380 Μενάνδρου
1275 2325 1516 2380 Ναύκληρος
1547 2327 1594 2366 A.

1019 2442 1106 2486 352

487 2525 561 2569 καὶ
593 2526 725 2582 φύσει
755 2539 847 2577 πως
878 2525 1106 2581 εὐάγωγόν
1139 2525 1230 2568 ἐστι
1259 2531 1345 2576 πᾶς
1376 2525 1487 2581 ἀνὴρ
1520 2525 1645 2582 ἐρῶν.

395 2613 591 2652 Stobaeus
623 2613 759 2652 Floril.
796 2614 863 2663 63,
898 2615 949 2652 17
983 2611 1231 2664 Μενάνδρου
1263 2611 1489 2667 Ναυκλήρῳ
1520 2612 1567 2650 Α.

904 2726 1209 2760 ΝΟΜΟΘΕΤΗΣ

395 2802 625 2841 Αὺὶιοηειουε
660 2805 697 2853 6,
730 2804 850 2842 247θ
895 2800 1138 2853 Μένανδρος
1175 2799 1218 2840 ἐν
1256 2831 1264 2840 .
1305 2833 1311 2840 .
1350 2799 1566 2856 Νομοθέτῃ
1609 2796 1842 2854 (παράσιτον

279 2857 478 2913 εἰσάγειῖ).
542 2861 707 2907 Quintil.
731 2863 797 2912 10,
832 2865 867 2912 1,
904 2864 957 2901 70
990 2855 1339 2915 (οῈ.Ἐπίκληρος).
1401 2858 1633 2912 Νομοθέται
1657 2860 1840 2900 Ammon.

279 2922 324 2960 fr.
359 2922 454 2959 353.
