2014 3334
0 634 7 662 ὲ.

0 703 38 745 Ξι

0 765 9 778 ι

0 804 3 817 λ

772 245 938 282 ΑΔΗΔΑ
964 246 1227 295 ΟΠΟΤΕῼΑΣ
1700 244 1790 288 535

957 376 1044 422 715

494 461 667 505 πλύνον
696 462 1071 518 καταπλυντήριζε

329 546 396 588 καὶ
419 547 692 601 πλυθήσομαι,
713 545 878 589 Ἀττικοὶ
902 546 967 589 ἐπὶ
990 554 1068 589 τῶν
1094 548 1304 601 λοιδοριῶν
1323 546 1513 602 λέγουσιν.
1549 549 1786 600 Hesychius.

208 607 467 661 πλυθήσομαι
502 607 639 660 Mein]
683 608 980 661 πλυνθήσομαι.
1036 609 1208 649 Bekker.
1239 608 1390 649 Anecd.
1422 610 1497 658 58,
1532 611 1586 649 27
1631 608 1787 649 πλύνον

208 667 449 710 πλύνεσθαι·
493 669 676 721 σημαίνει
712 666 784 721 μὲν
821 668 960 722 ὕβριν,
998 667 1271 721 μετενήνεκται
1303 664 1386 722 (δὲ)
1418 667 1497 708 ἀπὸ
1528 674 1607 709 τῶν
1637 672 1786 709 πλυνο-

208 724 341 781 μένων
372 727 554 781 ἱματίων·
585 726 652 769 καὶ
681 727 756 782 γὰρ
774 760 782 769 .
804 760 813 769 .
840 727 1090 781 ,πλυνόμενα
1119 728 1406 782 περιυβρίζεται
1442 726 1509 768 καὶ
1545 728 1784 781 πατούμενα.

209 788 258 828 of.
290 787 416 829 Arist.
448 788 553 830 Plut.
589 791 716 830 1061.

957 869 1042 912 716

566 985 575 996 .
637 953 889 1010 πολύτορον
920 949 1044 1010 δέρμ’
1081 952 1232 1009 ἐχίνου
1293 987 1301 995 .
1364 985 1373 996 .
1435 986 1445 996 .

328 1039 552 1092 Hesychius
583 1036 672 1091 ἤτοι
703 1038 769 1080 διὰ
800 1038 868 1088 τὰς
892 1038 1090 1090 ἀκάνθας,
1121 1038 1205 1080 ἐπεὶ
1229 1038 1523 1092 τιτρώσκουσιν,
1554 1038 1581 1092 ἢ
1607 1038 1691 1080 ἐπεὶ
1721 1039 1784 1080 ἐκ·

209 1098 349 1150 φύσεις
379 1098 526 1148 πολλὰς
557 1098 725 1152 ἔχουσιν.
775 1102 918 1151 poetae
950 1100 1120 1140 scaenici
1145 1113 1308 1140 versum
1334 1101 1500 1152 agnovit
1521 1102 1571 1141 M.
1590 1100 1784 1142 Schmidt,

208 1159 349 1199 comici
380 1161 533 1212 opinor.
582 1160 750 1200 Photius
781 1159 1018 1212 πολύτορον·
1052 1157 1174 1213 δέρμα
1205 1158 1247 1200 τὸ
1278 1164 1349 1200 τοῦ
1381 1158 1526 1213 ἐχίνου.
1583 1161 1785 1201 sententia

208 1218 306 1259 dicti
337 1232 591 1272 nequaquam
621 1220 834 1273 perspicua
864 1223 936 1261 est.

955 1325 1038 1367 717

493 1407 681 1463 Σκύθης
711 1409 863 1451 ὄνειον
894 1408 1023 1451 δαῖτα

325 1494 549 1546 Hesychius
592 1495 785 1546 παροιμία
821 1493 885 1534 ἐπὶ
926 1499 1006 1535 τῶν
1042 1493 1312 1547 ἀκκιζομὲνων
1348 1498 1402 1552 τῷ
1439 1495 1561 1553 λόγῳ,
1602 1495 1702 1554 ἔργῳ
1741 1495 1783 1536 δὲ

205 1552 435 1607 ἐφιεμένων.
480 1555 527 1594 cf.
550 1555 695 1595 Zenob.
716 1557 755 1606 5,
776 1557 844 1595 59.
887 1555 1070 1606 Append.
1090 1569 1201 1606 prov.
1221 1557 1261 1607 4,
1283 1558 1350 1596 74.
1395 1557 1546 1608 Sophil.
1567 1559 1592 1596 4
1615 1539 1781 1611 (11446

205 1615 288 1654 hui.
317 1609 413 1670 ed.)

953 1696 1038 1739 718

491 1784 702 1836 στατῆρσι
731 1777 1048 1834 προστιθέντες

323 1866 549 1917 Hesychius
579 1862 680 1918 ὑπὲρ
706 1865 908 1918 στατήρων
934 1863 1231 1920 ὁρ[γ]ιζόμενοι,
1262 1865 1471 1918 συνθήκας
1496 1864 1671 1915 τιθέντες
1694 1866 1782 1920 περὶ

205 1930 404 1978 στατῆρος.
454 1928 597 1976 poetae
629 1926 781 1966 comico
812 1925 957 1966 tribuit
989 1926 1211 1966 Meinekius
1243 1927 1386 1966 Philol.
1412 1926 1510 1966 XIII
1539 1929 1638 1967 536.

951 2042 1035 2085 719

833 2125 861 2181 ἡ
893 2125 1015 2169 κύων
1047 2123 1119 2169 ἐπὶ
1148 2131 1226 2182 τῆς
1257 2125 1430 2182 φάτνης

321 2199 499 2253 Photius'
529 2211 721 2264 παροιμία
761 2210 824 2252 ἐπὶ
855 2218 934 2252 τῶν
973 2211 1068 2265 μήτε
1110 2209 1261 2264 (αὐτῶν
1299 2213 1389 2253 add.
1424 2213 1595 2253 Bekker.
1631 2213 1782 2254 Anecd.

204 2274 302 2323 276,
335 2267 380 2326 6)
413 2269 626 2324 χρωμένων
657 2268 745 2324 μήτ’
786 2269 918 2322 ἄλλοις
951 2271 1254 2324 μεταδιδόντων.
1304 2271 1347 2313 ἐν
1379 2269 1463 2328 (τῇ)
1496 2272 1627 2329 φάτνῃ
1660 2273 1781 2327 Greg.

112 2322 121 2327 “
202 2331 321 2383 cypr.
343 2334 380 2380 2,
409 2333 475 2371 61.
521 2332 668 2371 Macar.
695 2334 734 2383 4,
759 2334 829 2372 43.
873 2332 1109 2385 Diogenian.
1130 2332 1247 2372 vind.
1270 2335 1308 2383 2,
1330 2334 1397 2373 83.
1449 2334 1629 2383 Apostol.
1652 2335 1690 2381 8,
1711 2335 1781 2374 44.

202 2390 345 2430 Suidas
370 2387 537 2441 ἡκύων.
575 2391 715 2431 Zonar.
738 2394 834 2432 938.
869 2390 935 2432 ’ἐπὶ
959 2392 1113 2444 φάτνης
1133 2393 1319 2433 Eustath.
1342 2393 1440 2443 950,
1463 2395 1530 2433 57.
1550 2414 1609 2420 —-
1628 2394 1779 2444 optime

202 2451 493 2501 interpretatur
516 2451 681 2491 Lucian.
704 2452 871 2492 Advers
892 2453 1040 2492 indoct.
1070 2454 1126 2492 30
1157 2450 1199 2492 τὸ
1231 2457 1300 2504 τῆς
1330 2450 1453 2500 κυνὸς
1480 2455 1607 2500 ποιεῖς
1636 2457 1706 2505 τῆς
1736 2452 1780 2493 ἐν

202 2515 247 2565 τῇ
274 2509 405 2566 φάτνῃ
429 2508 723 2563 κατακειμένης,
747 2508 774 2563 ἣ
802 2509 891 2551 οὔτε
916 2510 1016 2563 αὐτὴ
1042 2517 1121 2552 τῶν
1145 2515 1300 2564 κριθῶν
1329 2509 1454 2551 ἐσθίει
1479 2509 1568 2552 οὔτε
1592 2514 1646 2569 τῷ
1671 2512 1779 2553 ἴππω

203 2567 414 2627 δυναμένῳ
438 2573 582 2623 φαγεῖν
613 2568 818 2623 ἐπιτρέπει.
862 2572 911 2611 cf.
931 2572 1095 2611 Lucian.
1129 2572 1231 2612 Tim.
1265 2573 1319 2611 14
1352 2574 1394 2612 et
1424 2584 1548 2623 supra
1580 2575 1677 2613 713.

952 2652 1039 2695 720

834 2734 986 2785 Λυδὸς
1017 2733 1066 2778 ἐν
1097 2735 1346 2792 μεσημβρίᾳ

323 2820 491 2860 Photius
521 2822 575 2859 A.
600 2818 644 2860 ἐν
674 2836 713 2872 μ.
743 2821 888 2870 παίζει·
929 2819 993 2862 ἐπὶ
1022 2826 1101 2861 τῶν
1131 2819 1382 2872 ἀκολάστων,
1422 2819 1476 2869 ὡς
1506 2821 1665 2870 ταύταις
1695 2826 1779 2871 ταῖς

205 2878 325 2932 ὥραις
355 2877 730 2920 ἀκολασταινόντων.
780 2882 925 2933 quibus
957 2881 1102 2921 Suidas
1134 2881 1248 2921 addit
1278 2880 1320 2921 οἱ
1346 2879 1421 2935 γὰρ
1451 2880 1588 2922 Λυδοὶ
1616 2897 1778 2940 κωμω-

206 2939 294 2979 δοῦ
304 2953 409 2979 νται
439 2942 523 2987 ταῖς
547 2937 677 2993 χερσὶν
702 2938 834 2981 αὐτῶν
858 2943 1099 2994 πληροῦντες
1123 2939 1169 2981 τὰ
1194 2939 1421 2994 ἀφροδίσια.
1469 2942 1518 2982 cf.
1536 2942 1683 2983 Athen.
1710 2944 1778 2990 15,
