2014 3334
555 230 968 265 Αιιψιευιιτιιειιιᾼ
992 230 1076 264 m
1101 229 1426 264 ιιΑΡΕΡΡΡΑΦΑ
1448 270 1473 279 Ι
1692 226 1782 269 629

939 361 1054 406 1324

923 446 1062 503 δῆμος
1092 445 1284 490 ἄστατον
1313 432 1452 488 κακὸν

419 517 495 563 καὶ
524 519 732 575 θαλάσσῃ
762 516 902 562 πάνθ’
938 518 1096 574 ὅμοιον
1126 514 1203 560 ὑπ’
1239 515 1406 573 ἀνέμου
1437 516 1660 573 ῥιπίζεται.

420 589 494 635 καὶ
524 591 718 646 γαληνὸς
747 589 805 646 ἣν
835 590 967 646 τύχῃ,
998 589 1110 645 πρὸς
1133 594 1307 645 πνεῦμα
1332 589 1475 645 βραχὺ
1499 587 1778 644 κορύσσεται,

420 662 504 706 κᾶν
534 676 601 713 τις
631 663 749 705 αἰτία
780 660 974 718 γένηται,
1006 661 1085 704 τὸν
1116 661 1304 714 πολίτην
1336 658 1552 703 κατέπιεν.

327 749 406 789 Dio
432 748 637 800 Clnysost.
665 750 733 800 32,
762 750 846 788 665
874 748 960 787 init.
985 743 1160 799 Ὁμήρου
1186 761 1224 786 τε
1250 744 1317 786 καὶ
1345 752 1424 786 τῶν
1449 743 1580 786 ἄλλων
1604 751 1780 797 ποιητῶν

209 806 445 861 ὑμνούντων
476 806 537 848 ἀεὶ
567 806 635 847 τὸν
668 806 784 860 ὄχλον
815 805 868 855 ὡς
899 806 1068 859 χαλεπόν
1099 820 1137 846 τε
1168 805 1232 845 καὶ
1265 804 1414 860 ἀπενθῆ
1447 804 1513 845 καὶ
1537 804 1636 858 πρὸς
1659 803 1779 859 ὕβριν

208 866 384 920 ἕτοιμον,
414 873 485 908 τοῦ
516 865 587 919 μὲν
619 866 722 908 οὕτω
754 865 982 919 λέγοντος..
1004 863 1156 939 ,ἑτέρου
1189 863 1230 905 δὲ
1261 865 1381 905 πάλιν
1414 859 1465 905 αὖ
1496 868 1574 906 κτλ.
1638 867 1676 906 2.
1700 869 1778 905 θα-

207 927 324 984 λάττῃ
342 927 462 968 Mein.
524 930 561 968 3.
581 924 634 979 ἢν
652 926 749 982 τύχῃ
770 927 925 978 Kayser
927 925 953 978 .]
975 925 1018 966 ἔν
1037 921 1070 965 τ’
1092 923 1184 978 ἠχῶ.
1230 923 1383 978 ἐντείχω
1403 926 1456 965 Μ.
1505 921 1582 965 ἐντ’
1605 923 1714 981 χώρα
1731 925 1778 965 Β.

206 983 283 1028 ἐντ’
323 984 432 1040 ἠχῶν
471 988 533 1027 ed.
574 987 671 1027 Ven.
740 984 791 1026 ἂν
833 986 929 1042 τύχῃ
970 986 1124 1026 Iacobs.
1155 985 1292 1025 Addit.
1326 986 1420 1026 Ath.
1454 987 1551 1024 315.
1601 983 1644 1024 έν
1674 984 1778 1037 τάχει

205 1047 369 1088 Preuer.
426 1046 487 1086 κεί
514 1045 684 1100 γαληνὸς
716 1044 773 1085 ὢν
803 1045 912 1098 τύχοι
950 1046 1107 1097 Emper.
1164 1043 1263 1096 πρὸς
1295 1043 1446 1095 ΒοίεΙς.]
1477 1050 1570 1084 πᾶν.
1629 1043 1775 1097 βραχὺ]

203 1105 300 1159 ταχὺ
332 1107 485 1147 Jacobs.
535 1103 643 1146 ‘forn
675 1101 914 1158 κορύττεται’
940 1106 1058 1145 Mein.
1108 1106 1147 1144 4.
1172 1101 1250 1156 κῆν
1273 1118 1330 1152 τις
1355 1101 1488 1152 ἅντιος
1512 1101 1672 1158 γένηται
1697 1109 1776 1144 τῶν

203 1169 387 1215 πολιτῶν,
424 1163 606 1206 κατέπιεν
642 1166 790 1217 Bergk.
825 1166 940 1205 Anal.
978 1166 1055 1217 lyr.
1086 1164 1127 1203 II
1153 1177 1250 1216 vsq.
1306 1164 1613 1211 Demosth.19,
1644 1165 1727 1203 136
1753 1161 1775 1203 ὁ

202 1225 327 1278 δῆμός
358 1224 462 1266 ἐστιν
493 1223 853 1298 ἀσταθμητότατον
870 1230 1031 1278 πρᾶγμα
1056 1229 1134 1264 τῶν
1158 1223 1320 1263 πάντων
1346 1221 1411 1263 καὶ
1435 1221 1776 1274 ἀσυνθετώτατον,

201 1284 332 1336 ὥσπερ
363 1283 406 1325 ἕν
437 1285 613 1340 θαλάττῃ
644 1290 801 1336 πνεῦμα
832 1282 1113 1332 ἀκατάστατον,
1144 1281 1198 1331 ὡς
1228 1281 1280 1323 ἀν
1311 1282 1407 1339 τύχῃ
1432 1282 1670 1336 κινούμενος
1697 1282 1775 1334 (at-

201 1345 297 1384 tulit
328 1345 533 1384 Helwexmd
567 1346 707 1385 Exere.
739 1345 826 1384 erit.
855 1346 952 1384 167.
979 1339 1038 1398 8).
1095 1343 1230 1383 Soloni
1264 1343 1327 1382 vel
1360 1343 1600 1382 Archilocho
1633 1343 1777 1382 tribuit

201 1405 349 1456 Bergk.
381 1405 424 1444 P.
450 1400 696 1456 [γι-331047.
730 1406 774 1457 8,
813 1404 981 1455 tragico,
1019 1404 1191 1442 fortasse
1229 1402 1430 1453 Euripidi,
1470 1402 1775 1454 Herwerdenus,

200 1464 351 1504 comico
391 1464 626 1503 Meinekius.
689 1435 788 1503 mihxi
825 1463 987 1515 quidem
1026 1463 1223 1502 comicum
1264 1462 1437 1502 colorem
1474 1475 1555 1502 non
1585 1462 1776 1502 videntm

201 1524 362 1563 habere.

934 1603 1048 1646 1325

418 1689 646 1743 Μητίοχος
677 1684 758 1742 μὲν
790 1687 874 1743 γὰρ
903 1693 1158 1742 στρατηγεῖ,
1190 1687 1419 1741 Μητίοχος
1443 1682 1493 1728 δὲ
1524 1685 1601 1735 τὰς
1626 1684 1775 1740 ὁδούς,

416 1761 645 1814 Μητίοχος
676 1757 716 1801 δ’
753 1759 915 1815 ἄρτους
946 1757 1134 1815 ἑποπτᾷ,
1165 1759 1395 1813 Μητίοχος
1427 1754 1476 1799 δὲ
1508 1756 1721 1811 τᾶλφιτα,

419 1831 646 1886 Μητίοχος
676 1827 726 1872 δὲ
757 1829 902 1872 πάντα
933 1835 1065 1883 ποιεῖ,
1098 1830 1325 1885 Μητίοχος
1357 1827 1398 1870 δ’
1428 1853 1476 1858 -
1501 1827 1745 1884 οἰμώξεται.

324 1916 566 1956 Plutarchus
603 1916 702 1956 Mor.
729 1917 847 1955 811f
882 1915 924 1955 οἱ
956 1914 1055 1968 πρὸς
1091 1920 1224 1955 πᾶσαν
1262 1913 1534 1965 ἀποδυόμενοι
1570 1912 1776 1965 πολιτικὴν

203 1976 367 2030 πρᾶξιν.
388 2006 398 2016 .
419 1974 626 2028 ,ἐπαχθεῖς
668 1989 708 2015 τε
749 1975 926 2028 γίνονται
970 1973 1037 2014 καὶ
1078 1978 1369 2026 κατορθοῦντες
1415 1973 1654 2024 ἐπίφθονοι,
1700 1972 1775 2013 κᾶν

205 2038 410 2087 σφαλῶσιν
447 2034 662 2087 ἐπίχαρτοι,
699 2033 766 2074 καὶ
802 2033 844 2074 τὸ
881 2032 1190 2086 θαυμαζόμενον
1227 2032 1358 2073 αὐτῶν
1389 2032 1432 2073 ἐν
1463 2032 1561 2088 ἀρχῇ
1594 2039 1662 2085 τῆς
1693 2032 1775 2073 ε’πι-

205 2095 358 2147 μελείας
402 2094 457 2143 εἰς
501 2093 720 2147 χλευασμὸν
762 2093 979 2134 ὑπονοστεῖ
1015 2092 1080 2133 καὶ
1123 2091 1282 2147 γέλωτα.
1342 2098 1523 2134 τοιοῦτον
1559 2095 1635 2145 κτλ.
1698 2099 1775 2133 τῶν

206 2152 445 2206 Περικλέους
477 2149 592 2205 οὗτος
624 2150 679 2202 εἷς
709 2148 761 2206 ἧν
792 2152 969 2206 ἑταίρων,
1000 2158 1045 2208 τῇ
1078 2149 1130 2192 δι’
1165 2151 1338 2202 ἐκεῖνον,
1375 2150 1428 2200 ὡς
1459 2151 1576 2204 ἔοικε,
1608 2152 1777 2204 δυνάμει

205 2213 404 2267 χρώμενος
435 2212 668 2265 ἐπιφθόνως
698 2212 765 2253 καὶ
795 2212 1032 2264 κατακόρως.
1094 2212 1276 2264 Μήτιχος
1307 2213 1446 2252 Elmsl.
1512 2215 1546 2251 1.
1579 2210 1653 2265 γὰρ
1685 2212 1775 2252 add.

206 2275 316 2315 Pors.
341 2278 418 2314 νῦν
444 2273 704 2314 Schoemann.
756 2275 792 2313 2.
814 2272 964 2313 ἐποπτᾶ
991 2268 1266 2324 corruptum'.
1306 2272 1424 2312 Mein.
1475 2270 1612 2327 ἐπωπᾷ
1640 2272 1775 2311 Dindf.

205 2334 246 2374 in
271 2334 388 2374 Thes.
440 2335 476 2373 3.
503 2336 614 2373 ποιεῖ
632 2331 784 2383 Reisk]
810 2336 991 2373 ποιεῖται.
1036 2330 1229 2388 Μητιόχω
1256 2329 1298 2371 δὲ
1323 2331 1452 2371 πάντα
1471 2334 1592 2371 κεῖται
1592 2313 1774 2372 Pbrson.

205 2393 411 2446 Μητίοχος
437 2390 480 2432 δὲ
503 2398 585 2432 πᾶν
610 2395 774 2433 ποιεῖται
798 2389 948 2446 (onmia
967 2394 1041 2432 sibi
1062 2372 1252 2446 vindicat)
1273 2391 1388 2431 Both.
1440 2392 1612 2431 fort-asse
1637 2387 1771 2430 πάντ’

205 2451 415 2502 ἀπαιτεῖ,
457 2465 623 2504 prorsus
663 2455 711 2492 ut
747 2453 925 2502 Xenoph.
957 2452 1086 2491 Anah.
1115 2453 1157 2500 2,
1186 2454 1230 2503 5,
1258 2452 1313 2491 38
1359 2449 1462 2502 ὑμᾶς
1504 2450 1688 2502 βασιλεὺς
1730 2449 1776 2490 τὰ

206 2510 306 2552 ὅπλα
337 2510 508 2552 ἀπαιτεῖ·
540 2510 714 2552 ἑαυτοῦ
744 2510 830 2565 γὰρ
862 2506 994 2551 εἶναί
1022 2522 1181 2563 φησιν.

321 2570 502 2623 Μήτιχος
545 2574 607 2611 est
650 2572 758 2623 apud
789 2572 1052 2622 Hesychium,
1096 2570 1282 2622 Μητίχου
1323 2567 1498 2621 τέμενος·
1541 2568 1601 2620 εἴη
1643 2567 1693 2608 ἂν
1733 2567 1776 2609 τὸ

206 2632 426 2683 Μητιχεῖον
456 2628 672 2682 (μητιοχειν
703 2632 807 2685 cod.)
847 2629 1100 2682 δικαστήριον
1137 2627 1255 2682 μέγα,
1291 2626 1313 2668 ὃ
1344 2627 1677 2680 προσεκλήθησαν
1717 2629 1776 2668 δι-

205 2690 353 2730 κασταί.
405 2690 525 2729 verba
554 2692 733 2730 extrema.
764 2690 1010 2730 emendanda
1041 2703 1088 2729 ex
1108 2689 1289 2740 Append.
1308 2702 1417 2739 prom
1440 2691 1478 2739 3,
1500 2690 1554 2727 94
1587 2688 1774 2741 Μητίχου

204 2746 379 2822 τέμενος·
413 2748 473 2800 εἴη
504 2745 541 2788 δ’
576 2747 627 2789 ἂν
656 2748 698 2789 τὸ
730 2751 951 2802 Μητιχεῖον
982 2745 1178 2802 (μητίχιον
1206 2743 1258 2802 Β)
1291 2747 1543 2799 δικαστήριον
1574 2745 1694 2800 μέγα,
1724 2746 1776 2788 ἐν

206 2801 237 2865 ᾧ
261 2807 734 2860 προσεκληρώθησαν
765 2809 879 2861 χίλιοι
899 2808 1086 2848 δικασταί.
1119 2804 1187 2861 (cf.
1207 2808 1351 2847 Meier-
1355 2808 1534 2847 Schoem.
1555 2807 1643 2847 Att.
1662 2807 1774 2847 Proo.

204 2882 243 2920 p.
280 2864 392 2921 127).
442 2869 489 2907 cf.
522 2868 657 2919 adesp.
692 2870 816 2909 1335.
867 2869 1039 2908 Boeckh.
1067 2868 1109 2906 C.
1135 2868 1167 2907 Ι.
1192 2881 1251 2919 gr.
1276 2867 1297 2906 Ι
1324 2869 1406 2907 725
1434 2881 1472 2906 ιι.
1499 2868 1627 2907 3663.
1672 2867 1774 2907 Keil.

206 2929 322 2967 Anal.
348 2928 474 2980 epigr.
501 2929 570 2968 91.
619 2927 790 2969 Lobeck.
818 2929 973 2967 Pathol.
999 2928 1098 2978 prol.
1127 2929 1221 2966 343.
1256 2928 1305 2966 el
1330 2926 1349 2965 I
1376 2928 1474 2966 315.
1506 2926 1555 2965 H.
1581 2926 1715 2966 Iacobi
1739 2927 1774 2964 V
