2014 3334
521 227 885 263 ΚΑΤΑΛΟΓΑΔΗΝ
911 229 1437 265 ΜΕΤΕΣΧΗΜΑΤῙΣΜΕΝΑ
1677 228 1766 271 645

186 335 454 389 ὑφελέσθαι
490 337 644 378 πάντα
680 338 842 380 ἐκεῖνα
879 336 952 392 (ἐκ.
978 338 1050 392 ὑφ.
1074 338 1149 394 π.),
1180 339 1247 381 καὶ
1283 339 1464 391 ὑφείλετο
1502 342 1766 395 καταβεβη-

185 396 298 438 κότα
325 394 332 450 Ι
359 395 449 450 ἤδη
480 398 687 451 τηρήσας
718 398 798 439 τὸν
830 399 1096 451 ἀνδριάντα
1128 396 1214 455 (τὸν
1239 399 1351 452 ἆνδρ.
1377 397 1428 455 τ.)
1449 434 1456 441 .
1478 431 1488 441 .
1508 430 1518 442 .
1546 401 1552 452 Ι
1580 400 1665 454 ὅρα
1685 397 1766 456 (δ’)

186 455 314 506 ὅπως
343 455 560 511 ἠμύνατο
587 488 598 499 .
617 488 627 498 .
652 457 720 499 τὸν
739 460 877 512 Λίβυν
909 456 1098 514 (ήμύνατ’
1134 459 1255 500 αὐτὸν
1279 456 1500 515 Πέλλιχος).
1527 457 1534 515 Ι
1563 457 1620 502 δι’
1655 460 1767 514 ὅλης

184 515 260 571 γὰρ
291 522 360 570 τῆς
390 516 562 566 νυκτὸς
593 515 777 576 περιῄει
808 515 912 572 (περ.
938 517 1096 573 νυκτὸς)
1128 519 1170 560 έν
1202 520 1332 574 κύκλῳ
1364 519 1436 572 τὴν
1464 519 1594 572 αὐλὴν
1624 518 1767 570 ἅθλιος

185 574 403 626 ἐξελθεῖν
436 576 485 618 οὐ
517 577 741 630 δυνάμενος
773 574 965 631 (fortasse
996 577 1196 633 θέλων),
1225 580 1230 628 Ι
1259 578 1412 632 ὥσπερ
1444 576 1552 634 (add.
1585 577 1689 636 τιν’)
1720 579 1766 630 ἐς

184 636 489 690 λαβύρινθον
521 637 759 690 ἐμπεσών,
790 636 896 692 ἄχρι
929 637 978 691 δὴ
1012 635 1058 693 (f.
1078 636 1169 694 ἕως)
1197 637 1203 690 Ι
1231 639 1511 692 κατελήφθη
1542 638 1660 693 ἔχων
1692 637 1764 695 (ἕχ.

184 691 238 747 κ.)
269 694 316 736 τὰ
348 695 481 750 φώρια
511 695 726 751 γενομένης
757 696 917 751 ἡμέρας.
967 698 1033 739 καὶ
1057 698 1140 740 τότε
1165 697 1237 751 μὲν
1268 698 1452 753 πληγὰς
1483 698 1569 740 οὐκ
1600 697 1764 753 ὀλίγας

183 753 352 809 ἔλαβεν
385 751 500 811 (sa-u
524 761 587 797 πλ.
619 756 670 798 ἕλ.
704 757 777 799 οὐκ
809 755 885 813 ὄλ.)
918 756 1084 809 ἁλούς,
1112 758 1118 808 Ι
1146 757 1195 799 οὐ
1227 759 1355 800 πολὺν
1387 757 1430 799 δὲ
1462 757 1642 812 ἐπιβιοὺς
1673 760 1763 813 χρό-

185 830 256 856 νον
283 821 290 864 Ι
318 815 460 865 κακὸς
491 823 644 865 κακῶς
669 816 884 862 ἀπέθανε
913 819 1314 872 μαστιγούμενος,
1343 820 1348 867 Ι
1377 817 1436 867 ὡς
1467 818 1614 873 ἔλεγε,
1646 819 1762 860 κατὰ

182 873 267 927 τὴν
310 875 457 916 νύκτα
501 875 722 929 ἑκάστην,
767 877 880 918 ὥστε
931 876 1009 918 καὶ
1049 875 1055 931 Ι
1095 878 1328 930 μώλωπας
1371 878 1410 926 ἐς
1454 877 1526 930 τὴν
1570 878 1762 919 ἐπιοῦσαν

182 935 401 986 φαίνεσθαι
431 934 555 977 αὐτοῦ
587 935 650 976 ἐπὶ
681 943 752 977 τοῦ
785 937 973 989 σώματος.
1024 939 1120 978 haec
1147 952 1304 990 quoque
1325 953 1370 978 ex
1391 939 1600 978 Phasmate
1624 939 1761 990 aliqua.

181 995 371 1036 videntur
401 996 574 1037 fluxisse.
594 1019 652 1024 —
671 1011 816 1038 nomen
840 996 1028 1050 Πέλλιχος
1059 1002 1192 1038 exstat
1223 999 1344 1038 etiam
1373 998 1552 1050 Thucyd.
1575 1001 1611 1051 1,
1633 1001 1701 1051 29,
1723 1002 1761 1039 2.

913 1138 1026 1182 1398

299 1235 502 1275 Lucianus
535 1236 720 1287 Philops.⁴
745 1238 799 1275 22
850 1234 938 1289 ἐγὼ
970 1266 979 1276 .
1011 1267 1021 1277 .
1053 1235 1294 1287 μεσούσης
1330 1233 1508 1288 ἡμέρας
1547 1243 1756 1290 τρυγῶν-

179 1307 259 1342 τας
296 1292 436 1345 ἀφεὶς
472 1294 584 1343 τοὺς
621 1294 822 1349 ἐργάτας
853 1291 901 1348 (τ.
929 1295 1006 1349 έργ.
1035 1294 1041 1349 Ι
1068 1295 1139 1348 ἀφ.
1164 1293 1239 1349 τρ.)
1271 1292 1356 1335 κατ’
1398 1295 1567 1348 ε’μαυτὸν
1598 1296 1654 1344 εἰς
1684 1295 1757 1348 τὴν

177 1352 279 1405 ὕλην
297 1349 653 1410 ἀπῄεινΙμεταξὺ
679 1356 946 1407 φροντίζων
972 1371 1014 1395 τι
1038 1354 1116 1395 καὶ
1141 1354 1561 1407 ἀνασκοπούμενος.
1613 1355 1694 1396 ἐπεὶ
1716 1352 1752 1396 δ’

178 1411 306 1469 ἐντῷ
338 1418 559 1466 συνηρεφεῖ
583 1410 655 1467 ἦν,
691 1414 740 1454 τὸ
772 1413 855 1467 μὲν
883 1419 889 1464 Ι
916 1421 1105 1466 πρῶτον
1140 1414 1349 1468 ὑλαγμὸς
1380 1414 1565 1468 ἐγένετο
1597 1422 1756 1456 κυνῶν

177 1469 232 1526 (κ.
256 1471 316 1513 ὑλ.
342 1471 415 1527 ἐγ.)
457 1506 465 1514 .
499 1506 507 1513 .
539 1504 549 1514 .
586 1474 634 1514 τὸ
679 1472 727 1514 δὲ
761 1472 766 1528 Ι
801 1474 903 1528 οὐκ
931 1471 1054 1528 εἶχεν
1098 1475 1266 1525 οὕτως,
1304 1473 1419 1515 ἀλλὰ
1456 1472 1549 1527 μετ’
1591 1473 1756 1529 ὀλίγον

178 1538 378 1584 σεισμοῦ
422 1549 551 1582 τινος
589 1532 642 1588 (τ.
671 1532 677 1588 Ι
706 1530 760 1588 σ.)
803 1533 1067 1588 γενομένου
1110 1533 1189 1575 καὶ
1226 1535 1343 1587 βοῆς
1381 1530 1468 1575 οἷον
1506 1534 1548 1574 έκ
1584 1536 1755 1588 βροντῆς

177 1596 382 1646 γυναῖκα
414 1591 505 1645 ὁρῶ
533 1591 540 1647 Ι
567 1600 865 1645 προσιοῦσαν
897 1595 1111 1647 φοβεράν
1143 1590 1205 1649 (φ.
1232 1590 1331 1648 πρ),
1362 1591 1641 1645 ἡμισταδιαίαν
1670 1607 1755 1647 σχε-

177 1651 250 1692 δὸν
267 1651 310 1692 τὸ
328 1652 454 1705 ὕψος
486 1649 580 1706 εἶχε
612 1652 660 1694 δὲ
690 1652 758 1694 καὶ
783 1655 904 1710 δᾷδα
935 1653 984 1694 έν
1015 1660 1066 1710 τῇ
1098 1653 1320 1710 ἀριστερᾷ
1346 1651 1403 1707 (δ’
1426 1653 1469 1694 ἐν
1487 1654 1568 1707 τάρ.
1598 1657 1602 1699 Ι
1631 1651 1754 1710 δᾷδα)

176 1710 243 1752 καὶ
274 1712 412 1763 ξίφος
443 1711 495 1765 (ξ.
513 1709 570 1768 τ’)
603 1713 653 1754 έν
683 1716 730 1770 τῇ
763 1714 894 1770 δεξιᾷ
1027 1713 1076 1754 τὸ
1107 1713 1288 1766 βλέμμα
1323 1712 1427 1766 φημὶ
1457 1713 1535 1754 καὶ
1565 1713 1612 1754 τὸ
1644 1729 1752 1766 φρι-

175 1772 326 1820 κῶδες
356 1778 438 1824 τῆς
464 1773 748 1825 προσόψεως
774 1771 834 1824 (τὸ
854 1789 884 1814 τ.
903 1788 969 1826 πρ.
993 1772 1003 1822 Ι
1030 1771 1117 1826 φρ.)
1143 1772 1209 1813 καὶ
1239 1772 1345 1813 ἀντὶ
1375 1779 1456 1826 τῆς
1487 1773 1634 1826 κόμης
1659 1773 1753 1822 τοὺς

177 1831 442 1882 δράκοντας
502 1831 767 1885 περιέκειτο
822 1833 1092 1886 βοστρυχηδὸν
1148 1831 1464 1885 εἰλουμένους
1512 1832 1618 1885 περὶ
1672 1832 1752 1873 τὸν

176 1889 352 1944 αὐχένα
383 1888 489 1946 (ἀντὶ
513 1907 545 1934 τ.
569 1908 605 1933 κ.
631 1889 668 1933 δ’
695 1892 763 1932 εἰλ.
792 1890 798 1945 Ι
827 1891 886 1945 dg».
917 1891 1128 1945 ἀμφέκειτο
1159 1907 1200 1932 π.
1231 1907 1261 1932 τ.
1293 1890 1411 1946 αὐχ).

906 2045 1020 2088 1399

293 2143 495 2187 Lucianus
526 2144 703 2195 Philops.
736 2145 788 2183 31
837 2140 880 2196 (ἡ
913 2131 1037 2197 οἰκία)
1081 2141 1264 2195 ἀοίκητος
1305 2138 1357 2196 ἧν
1397 2142 1439 2183 ἐκ
1479 2146 1628 2184 πολλοῦ
1670 2143 1748 2184 ὑπὸ

174 2202 381 2254 δειμάτων,
407 2202 443 2243 εἰ
466 2200 509 2242 δέ
533 2218 588 2251 τις
614 2202 823 2255 οἰκήσειεν,
854 2202 1005 2251 εὐθὺς
1036 2201 1290 2256 ἐκπλαγεὶς
1321 2202 1526 2256 ἔφευγεν
1559 2199 1640 2256 (ἒφ.
1660 2202 1749 2244 εὐθ.

174 2258 298 2316 guni..)
327 2263 333 2311 Ι
362 2261 590 2315 ἐκδιωχθεὶς
627 2261 718 2303 ὑπό
755 2277 888 2311 τινος
925 2263 1139 2315 φοβεροῦ
1177 2260 1274 2315 (ὑπὸ
1307 2279 1349 2314 φ.
1381 2259 1470 2313 του)
1502 2261 1578 2302 καὶ
1608 2278 1748 2315 ταρα-

174 2320 358 2374 χώδους
400 2322 657 2374 φάσματος.
697 2324 702 2371 Ι
743 2320 1024 2363 συνέπιπτεν
1062 2316 1136 2363 οὖν
1182 2318 1261 2377 (δ’)
1298 2320 1390 2374 ἤδη
1431 2321 1509 2361 καὶ
1546 2319 1571 2374 ἡ
1610 2321 1747 2376 στέγη

172 2379 387 2434 κατέρρει
419 2378 611 2436 (κατέρρει
630 2379 666 2436 γ’
690 2379 716 2433 ἡ
738 2380 825 2435 στ.),
855 2380 922 2422 καὶ
947 2381 1047 2430 ὅλως
1078 2381 1215 2430 οὐδεὶς
1240 2376 1292 2434 ἧν
1317 2380 1338 2422 ὁ
1363 2381 1579 2435 θαρρήσων
1610 2386 1747 2434 παρελ-

169 2443 262 2480 θεῖν
292 2441 348 2489 εἰς
378 2440 513 2494 αὐτήν.
575 2440 649 2496 ἐγὼ
683 2439 725 2482 δὲ
755 2472 766 2482 .
798 2472 807 2481 .
839 2471 848 2481 .
877 2439 882 2494 Ι
909 2441 990 2489 τὰς
1021 2442 1221 2495 βίβλους
1251 2440 1414 2494 λαβὼν
1451 2438 1500 2494 (λ.
1522 2441 1567 2481 τὰ
1592 2439 1746 2495 βυβλί’)

170 2494 290 2551 ἧκον
321 2500 388 2549 εἰς
417 2500 502 2553 τὴν
534 2501 693 2542 οἰκίαν
721 2502 727 2552 Ι
754 2500 864 2554 περὶ
893 2507 1081 2554 πρῶτον
1111 2501 1267 2542 ὕπνον
1299 2497 1411 2554 (ὕπν.
1441 2515 1481 2543 π.
1512 2497 1596 2555 πρ.)
1628 2500 1746 2542 ἄπο-

171 2557 428 2611 τρέποντος
475 2567 556 2602 τοῦ
606 2559 779 2614 ξένουΙ
814 2593 821 2601 .
855 2593 862 2600 .
896 2591 905 2601 .
937 2559 1024 2614 ἐγὼ
1075 2559 1123 2602 δὲ
1173 2561 1347 2613 λύχνον
1396 2558 1555 2612 λαβὼν
1601 2560 1747 2613 μόνος

171 2617 441 2672 εἰσέρχομαι
471 2616 531 2674 (μ.
556 2621 623 2661 εἰσ.
651 2624 684 2661 λ.
703 2618 769 2674 λ.),
797 2616 803 2676 Ι
829 2620 908 2660 καὶ
939 2619 988 2661 ἕν
1019 2623 1078 2677 τῷ
1109 2621 1309 2676 μεγίστῳ
1347 2619 1571 2671 οἰκήματι
1602 2635 1744 2661 κατα-

170 2677 275 2727 θεὶς
294 2678 533 2732 (κατατιθεὶς
553 2677 645 2734 οἰκ.)
663 2677 666 2731 Ι
683 2679 730 2720 τὸ
757 2687 855 2731 φῶς
880 2679 1207 2734 ἀνεγίνωσκον
1226 2678 1354 2732 ἡσυχῆ
1375 2678 1518 2732 χαμαὶ
1545 2680 1742 2728 καθεζό-

172 2753 313 2789 μενος
331 2735 386 2791 (κ.
405 2734 747 2794 χ.).Ιε’φίσταται
779 2738 827 2780 δὲ
847 2739 867 2780 ὁ
888 2740 1041 2791 δαίμων
1068 2771 1105 2781 ..
1127 2771 1136 2781 .
1168 2739 1455 2791 μελάντερος
1480 2744 1562 2779 τοῦ
1594 2739 1744 2790 ζόφου

173 2793 222 2849 (τ.
255 2800 282 2847 ζ.
315 2794 374 2853 μ.)
406 2828 416 2839 .
447 2828 457 2839 .
489 2829 500 2840 .
531 2797 556 2851 ἡ
589 2799 716 2840 οἰκία
749 2797 797 2839 δὲ
829 2797 879 2852 (ἡ
913 2796 949 2838 δ’
984 2796 1077 2854 οἰκ.)
1104 2800 1110 2845 Ι
1138 2798 1180 2840 τὸ
1212 2796 1280 2839 ἀπ’
1316 2798 1469 2839 ἐκείνου
1501 2797 1743 2840 ἐπαύσατο

170 2855 498 2911 ἐνοχλουμένη
528 2858 620 2899 ὑπὸ
651 2865 742 2900 τῶν
774 2859 1034 2911 φασμάτων
1066 2854 1283 2911 (ἐπαύσαθ’
1318 2857 1397 2898 ὑπὸ
1428 2873 1458 2897 τ.
1491 2873 1534 2909 φ.
1566 2857 1652 2913 ε’ν.).
