2014 3334
251 241 339 283 384
607 252 610 256 <
902 239 1160 275 NIKOAAOT

463 348 698 404 τάλλότρια
731 348 927 390 δειπνεῖν
959 346 1197 403 ἑλομένους
1228 341 1335 394 ἄνευ
1366 348 1520 389 πόνου.

464 421 511 461 τί
536 420 622 476 γὰρ
653 419 831 474 παθών,
863 419 1088 475 ἄνθρωπε,
1119 419 1229 475 πρὸς
1259 425 1348 460 τῶν
1381 418 1607 473 δαιμόνων

464 491 616 546 βούλει
647 497 926 546 παρασιτεῖν;
958 489 984 545 ἢ
1017 491 1064 532 τί
1089 497 1179 532 τῶν
1210 489 1258 532 ἐν
1289 494 1349 547 τῷ
1381 491 1463 547 βίῳ

464 562 675 617 ηὔξηκαςς
708 558 851 604 εἶπον·
883 560 1007 613 ἄξιον
1038 562 1123 617 γὰρ
1156 560 1339 603 εἰδέναι·

401 644 445 676 20
464 634 585 683 τίνος
616 633 818 688 μαθητὴς
848 631 1051 687 γέγονας;
1086 632 1257 688 αἵρεσιν
1287 633 1387 674 τίνα

467 706 628 759 ζηλοῖς;
663 703 747 746 ἀπὸ
780 705 915 747 τίνων
948 703 1180 759 δογμάτων
1212 703 1467 759 ὁρμώμενος

463 779 629 832 τολμᾷς
659 781 938 830 παρασιτεῖν;
973 774 1000 817 ἃ
1032 776 1158 830 μόλις
1188 774 1312 830 ἡμεῖς
1342 775 1420 817 τὸν
1452 775 1554 829 βίον

465 846 636 889 ἅπαντα
667 848 1011 902 κατατρίψαντες
1042 843 1148 888 οὐδὲ
1178 852 1264 888 νῦν
1296 847 1359 888 ἔτι

466 916 751 975 ἀνεῳγμένην
785 918 1018 972 δυνάμεθα
1049 917 1131 971 τὴν
1161 917 1312 972 θύραν
1346 917 1459 958 ι’δεῖν

400 999 444 1030 25
467 989 540 1030 διὰ
571 991 674 1039 τοὺς
706 990 798 1031 ἄνω
831 989 905 1030 διὰ
936 988 1170 1043 τάλλότρια
1202 987 1501 1043 μασωμένους.

465 1060 519 1102 οὐ
550 1055 714 1110 παντὸς
746 1060 909 1116 ἀνδρὸς
941 1058 1011 1102 ἐπὶ
1042 1060 1258 1116 τράπεζάν
1290 1055 1388 1102 ἐσθ’
1426 1058 1448 1100 ὁ
1480 1061 1629 1107 πλοῦς.

464 1133 662 1186 πλευρὰν
694 1133 810 1187 ἔχειν
841 1132 1090 1188 πρώτιστον
1123 1131 1171 1173 ἐν
1202 1131 1399 1173 τούτοισι
1432 1130 1512 1182 δεῖ,

464 1205 705 1259 πρόσωπον
738 1204 908 1258 ἰταμόν,
941 1210 1093 1258 χρῶμα
1127 1202 1353 1258 διαμένον,
1385 1202 1560 1256 γνάθον

465 1273 703 1330 ἀκάματον,
736 1274 876 1324 εὐθὺς
909 1272 1164 1329 δυναμένην
1195 1274 1363 1328 πληγὰς
1394 1271 1560 1329 φέρειν.

400 1356 444 1387 30
466 1351 659 1400 στοιχεῖα
689 1342 771 1400 μὲν
802 1341 924 1387 ταῦτ’
961 1343 1052 1387 ἐστὶ
1083 1351 1159 1399 τῆς
1192 1345 1297 1399 ὅλης
1328 1343 1492 1400 τέχνης.

465 1418 612 1458 ἔπειτα
645 1417 716 1459 δεῖ
746 1418 1058 1471 σκωπτόμενον
1091 1414 1161 1471 ἐφ’
1199 1414 1338 1474 ἕαυτςό
1370 1419 1526 1470 γελᾶν·

466 1488 650 1543 αἰσχρὸν
681 1488 765 1541 γὰρ
798 1484 922 1542 οἶμαι
953 1488 1119 1529 δοῦλον
1150 1484 1264 1529 εἶναι
1296 1487 1564 1541 σκώμματος.

467 1558 550 1600 ἀπὸ
582 1565 671 1600 τῶν
704 1558 814 1600 ἐτῶν
844 1556 1018 1600 κλέπτει
1049 1572 1115 1607 τις
1145 1556 1172 1611 ἢ
1205 1555 1277 1599 καὶ
1308 1557 1532 1612 βάπτεται,

466 1628 616 1672 θέλων
647 1630 781 1679 καλὸς
813 1626 941 1683 εἶναι,
974 1627 1046 1671 καὶ
1078 1626 1182 1684 παρ’
1217 1628 1394 1683 ἡλικίαν
1424 1635 1565 1670 νοσεῖ·

390 1713 434 1744 35
456 1703 565 1743 ἔστω
599 1701 865 1756 Γανυμήδης
896 1696 1027 1750 οὗτος
1058 1699 1406 1755 ἀποθεούμενος·

466 1773 576 1829 πρὸς
606 1772 735 1828 χάριν
767 1771 913 1827 ὁμιλεῖ
938 1777 1019 1814 τοῦ
1049 1770 1292 1827 τρέφοντος
1324 1767 1389 1813 ἐπ’
1426 1769 1616 1829 ὀλέθρῳ·

466 1844 787 1900 παρατάττεταί
813 1859 878 1893 τις
909 1841 982 1885 καὶ
1012 1850 1133 1885 ποιεῖ
1159 1842 1326 1893 πάντας
1357 1842 1556 1899 νεκρούς,

468 1916 662 1957 δειπνῶν
693 1915 835 1970 σιωπῇ
866 1920 1026 1957 τοῦτον
1051 1914 1414 1971 Δὑπομυκτηρίσας

468 1987 530 2036 εἰς
561 1987 642 2041 τὴν
673 1987 889 2042 τράπεζαν
921 1984 994 2028 καὶ
1026 1987 1081 2028 σὺ
1113 1986 1194 2040 τὴν
1225 1985 1362 2040 χολὴν
1394 1986 1514 2040 ἄφες.

402 2070 446 2100 40
468 2056 591 2114 οἶμαι
624 2057 663 2101 δ’
701 2059 893 2114 ἐμαυτὸν
925 2058 1113 2100 εὔθετον
1143 2063 1203 2114 τῷ
1235 2057 1470 2113 πράγματι,

467 2131 635 2184 παῖδες,
667 2128 918 2184 γεγονέναι·
958 2130 1100 2171 πάντα
1131 2129 1216 2184 γὰρ
1247 2129 1461 2183 πρόσεστί
1488 2143 1563 2182 μοι

469 2202 551 2244 ὅσα
582 2215 663 2257 περ
695 2202 811 2256 ἔχειν
841 2200 1076 2256 τάλλότρια
1107 2201 1185 2242 τὸν
1218 2200 1483 2241 δειπνοῦντα
1516 2200 1598 2252 δεῖ,

468 2274 607 2328 λιμός,
640 2272 843 2326 ἀπόνοια,
875 2273 1027 2326 τόλμα,
1059 2272 1241 2327 γαστήρ,
1275 2270 1418 2327 ἀργία.

467 2342 540 2386 καὶ
571 2349 656 2385 νῦν
687 2341 730 2398 μ’
769 2342 792 2385 ὁ
824 2343 991 2385 Λυδῶν
1021 2349 1110 2384 τῶν
1141 2342 1435 2398 πολυχρύσων
1466 2340 1574 2392 ἄναξ

405 2427 449 2458 45
471 2415 741 2457 σύνδειπνον
773 2413 891 2472 αὑτῷ
923 2412 1123 2470 κέκρικεν
1154 2410 1269 2456 εἶναι
1299 2411 1372 2455 καὶ
1403 2415 1550 2469 φίλον.

375 2503 570 2541 Stobaeus
601 2502 739 2540 Floril.
773 2503 840 2552 14,
875 2504 897 2540 7
930 2499 1136 2540 Νικολάου
1168 2500 1216 2538 Α.
1278 2514 1314 2539 v.
1350 2503 1488 2538 1-’11
1531 2513 1607 2539 om.
1639 2500 1686 2538 A.

379 2565 414 2601 1.
441 2560 595 2613 ἐξεῦρεν
621 2561 704 2600 cod.
767 2562 805 2599 4.
832 2558 1019 2607 ἀκούσιος
1039 2560 1103 2599 vel
1122 2558 1318 2606 ἀκουσίως
1329 2559 1444 2598 Mein.
1509 2562 1544 2598 6.
1573 2557 1651 2597 ἀπὸ
1670 2563 1739 2610 τῆς
1751 2553 1821 2608 ΒΞ]

255 2620 291 2660 εἰ
321 2626 388 2673 τῆς
420 2621 551 2659 Trinc.
586 2621 704 2659 Gesn.
735 2619 850 2670 θείης
883 2615 992 2673 (-ας)
1024 2619 1191 2658 Iacobs.'
1257 2620 1294 2657 8.
1327 2616 1430 2657 τᾶνω
1462 2617 1529 2657 καὶ
1558 2617 1661 2657 κάτω
1694 2618 1824 2657 Trinc.

258 2684 324 2720 12.
357 2678 417 2719 διὸ
450 2680 516 2719 δεῖ
539 2682 587 2718 Α.
670 2682 735 2718 14.
768 2677 906 2730 πικρὸς
937 2680 984 2718 A.
1035 2677 1242 2729 ἐπιπλῆξαι
1273 2677 1434 2717 AGesn.
1467 2677 1585 2729 m1·g.]
1624 2675 1820 2728 ἐκπλῆξαι.

258 2742 322 2779 15.
350 2743 447 2787 τοῖς
473 2738 731 2791 ἀσυμβόλοις
755 2760 799 2765 -—
822 2736 1038 2789 ἑλομένοις
1062 2738 1110 2776 Κ.
1148 2750 1239 2776 nam
1272 2735 1515 2788 ἐπιπλήττειν
1546 2749 1702 2787 semper
1733 2749 1822 2775 cum

256 2800 390 2839 dativo
424 2799 690 2849 coniungitur.
741 2799 789 2837 of.
823 2797 1026 2837 Heindorf.
1058 2797 1159 2835 Plat.
1191 2797 1352 2848 Protag.
1387 2799 1513 2836 327a.
1579 2798 1645 2835 17.
1675 2795 1822 2835 παθών

256 2859 371 2897 Mein.
406 2854 475 2912 (cf.
503 2857 640 2897 Cobet.
660 2859 804 2896 Mnem.
824 2871 919 2903 ¹vnn
947 2851 1070 2910 113)]
1104 2855 1260 2907 μαθών.
1324 2860 1390 2895 19.
1416 2854 1592 2907 ηὔξηκας
1615 2855 1649 2892 Β
1669 2850 1820 2909 (ἴσως)]

255 2918 429 2969 νυξῆκας
453 2918 535 2956 AN.
579 2916 752 2968 νὺξηκας
771 2917 890 2956 Vind.
921 2915 1091 2968 εὕρηκας
1121 2916 1171 2965 Α,
1189 2930 1289 2967 mrg.
1334 2911 1447 2967 ‘quid
1478 2928 1612 2955 eorum
1642 2927 1742 2964 quae
1772 2915 1823 2953 ad
