2014 3334
241 227 327 269 272
605 223 608 227 '
905 227 1165 261 ΙΠΠΑΡΧΟΤ

979 359 1093 402 1130

365 446 472 493 Quos
505 445 688 485 Clemens
716 447 825 485 Alex,
861 446 1004 485 Strom.
1040 447 1078 498 5,
1107 448 1174 497 14,
1208 447 1260 486 19
1301 446 1433 485 adfert
1469 448 1678 496 tamquam
1709 446 1818 484 Men·

246 508 414 546 andreos
446 519 586 546 versus
619 506 845 558 duodecim,
884 507 973 545 aliis
1012 508 1206 556 quattuor
1244 508 1383 545 auctos
1421 508 1461 544 et
1492 505 1718 544 Philemoni
1748 505 1819 544 tri-

244 568 364 606 butos
407 580 430 604 a
461 567 618 605 Iustino
665 567 723 604 De
756 579 859 606 mon.
891 580 930 617 p.
965 568 1047 605 163
1081 565 1164 617 Ox.,
1207 566 1390 605 neutrius
1436 578 1521 604 esse
1566 578 1684 615 posse
1727 567 1819 615 post

247 627 439 665 Brunekii
471 626 783 665 admonitionem
803 623 936 679 (Poes.
958 627 1036 665 eth.
1056 640 1093 676 p.
1118 622 1223 679 336)
1254 639 1334 665 non
1359 626 1491 664 minus
1511 627 1668 664 constat
1699 637 1820 675 quam

244 699 389 726 novem
421 699 562 726 versus
595 686 663 737 qui
696 687 800 736 apud
835 685 1081 725 Clementem
1114 681 1172 739 (5,
1208 687 1275 736 14,
1309 681 1412 739 120)
1446 687 1668 736 sequuntur
1693 684 1820 723 eidem

245 746 465 785 Menandro
500 746 714 797 adsignati.

363 805 533 844 Carmen
571 805 875 856 spurcissimum
914 808 954 844 et
991 806 1105 844 foede
1144 806 1386 845 obseaenum
1426 805 1533 854 quod
1573 805 1615 843 in
1652 803 1817 843 Anthol.

246 868 316 906 lat.
329 866 436 905 Ries.
450 880 487 904 11.
506 867 590 904 712
623 865 859 904 inscribitur
891 861 1162 917 ‘’Avsxcifoevog
1187 878 1232 904 ex
1250 860 1501 909 Menandro’,
1534 877 1582 903 ex
1607 864 1822 903 comoediis

244 929 352 965 certe
384 928 527 976 poetae
558 938 639 964 non
670 938 906 964 conversum
938 938 1023 964 esse
1055 926 1121 965 vix
1153 928 1214 964 est
1245 925 1352 975 quod
1383 937 1576 964 moneam.

365 986 429 1024 Ad
465 985 730 1024 Menandrum
767 985 992 1024 Meinekius
1031 986 1186 1036 aliquot
1226 985 1431 1024 trimetros
1470 984 1631 1023 rettulit
1675 984 1744 1035 qui
1781 983 1823 1022 in

245 1046 502 1096 Alciphronis
543 1045 724 1095 epistolis
762 1045 1028 1095 reperiuntur.
1093 1045 1129 1084 ei
1159 1045 1307 1084 rectius
1346 1057 1482 1084 omnes
1521 1043 1723 1094 adespotis
1754 1043 1822 1082 ad-

245 1106 577 1148 numerabuntur.

366 1166 582 1204 Praeterea
609 1166 656 1203 ef.
684 1166 730 1203 fr.
761 1167 798 1204 6.
828 1166 927 1204 426.
978 1165 1148 1203 Philem.
1178 1167 1274 1204 120.
1317 1164 1468 1214 Diphil.
1490 1166 1543 1203 99
1578 1158 1824 1216 (supplem).

247 1226 379 1276 adesp.
412 1227 507 1264 116.
538 1226 634 1263 125.
664 1227 760 1264 131.
792 1227 887 1263 153.
918 1226 1012 1263 281.
1043 1226 1138 1263 287.
1168 1226 1265 1263 346.
1294 1225 1391 1263 359.
1419 1226 1517 1263 403.
1547 1225 1670 1262 1206.
1698 1225 1824 1262 1241.

248 1285 326 1331 Qui
358 1286 400 1323 in
432 1285 699 1323 Studemundi
726 1284 1047 1335 Comparationis
1079 1284 1253 1323 editione
1282 1287 1442 1334 praeter
1473 1296 1540 1323 eos
1573 1296 1672 1334 quos
1705 1296 1826 1333 supra

248 1345 501 1384 exhibuimus
544 1346 703 1383 exstant
742 1357 900 1395 versus,
942 1357 1010 1383 eos
1044 1345 1252 1383 Menandri
1290 1344 1527 1395 fragmentis
1565 1343 1710 1383 addere
1746 1355 1826 1381 non

161 1434 167 1441 .
247 1418 369 1444 aUSUS
402 1418 501 1443 Sum.

781 1688 803 1735 Ι
828 1689 881 1736 Π
906 1689 958 1736 Π
984 1687 1028 1735 Α
1054 1688 1094 1735 Ρ
1121 1688 1164 1734 X
1190 1687 1233 1736 O
1259 1687 1302 1734 Σ

830 1784 999 1823 Meinek.
1033 1784 1052 1821 I
1085 1785 1182 1822 457.
1215 1785 1251 1822 8.

837 1888 1048 1921 ΑΝΑΣΩΙΖ
1054 1886 1244 1922 OMENOI

372 1963 429 2003 Cf.
457 1977 558 2015 quae
585 1963 635 2002 ad
655 1964 900 2013 Antiphanis
926 1964 1105 2002 fabulam
1132 1963 1408 2014 cognominem
1435 1962 1678 2001 adnotantur
1696 1961 1736 1999 II
1759 1963 1826 2000 23.

1033 2093 1055 2134 1

467 2174 695 2231 προσέχεις
725 2191 767 2217 τι
798 2175 940 2233 τούτῳ
971 2180 1032 2232 τῷ
1065 2174 1330 2230 στρατιώτῃς
1362 2179 1450 2216 ποῦ
1483 2171 1524 2215 δ’
1561 2175 1648 2229 ἔχει

468 2247 685 2303 ἀργύριον
718 2243 865 2297 οὗτος;
900 2246 1175 2301 οὐδαμόθεν,
1207 2241 1258 2287 εὖ
1290 2241 1381 2287 οἷδ’
1417 2244 1517 2299 ἐγώ,

469 2316 565 2360 ἀλλ’
601 2317 628 2373 ἢ
662 2319 870 2360 δαπίδιον
901 2318 950 2360 ἓν
983 2317 1208 2372 ἀγαπητὸν
1240 2319 1460 2371 ποικίλον,

469 2389 646 2446 Πέρσας
677 2390 780 2445 ἔχον
810 2387 884 2432 καὶ
914 2394 1086 2445 γρῦπας
1119 2387 1293 2439 ἐξώλεις
1322 2389 1446 2438 τινὰς

429 2473 450 2504 5
469 2468 559 2504 τῶν
591 2464 837 2517 Περσικῶν.
898 2463 948 2502 Β.
984 2459 1028 2510 ἐς
1057 2461 1264 2514 κόρακας,
1296 2456 1331 2501 ὦ
1363 2460 1581 2515 μαστιγία.

470 2537 523 2575 Α.
554 2531 626 2575 καὶ
658 2534 799 2575 κόνδυ
830 2531 902 2575 καὶ
934 2537 1135 2588 ψυκτῆρα
1166 2530 1239 2574 καὶ
1270 2534 1472 2587 κυμβίον.

375 2621 608 2659 Athenaeus
646 2623 711 2670 11,
744 2621 860 2659 477f
887 2617 1028 2668 κόνδυ,
1058 2617 1249 2670 ποτήριον
1276 2614 1495 2657 Ἀσιατικόν
1527 2613 1827 2670 ...Ἵππαρχος

252 2676 586 2735 Ἀνασῳζομένοις
615 2681 694 2718 κτλ.
759 2681 795 2718 1.
826 2684 906 2718 ποῦ
939 2675 976 2717 δ’
1011 2676 1086 2729 ἔχει
1117 2679 1270 2717 Iacobs.
1290 2678 1394 2718 Add.
1420 2679 1512 2716 Ath.
1546 2676 1649 2727 259]
1682 2682 1752 2716 τοῦ
1785 2674 1827 2715 δὲ

258 2739 366 2779 δείου
398 2741 446 2777 Α.
495 2739 533 2777 τί
561 2735 598 2777 δ’
633 2737 787 2786 ἐδίδους
819 2739 1010 2777 Fritzsoh.
1043 2738 1228 2788 Toeppel.
1263 2738 1402 2788 Progr.
1433 2737 1579 2776 Neobr.
1603 2737 1728 2787 1857,
1761 2739 1826 2776 17.

259 2802 295 2838 2.
329 2793 372 2838 εὖ
405 2794 481 2838 οἶδ’
517 2797 592 2850 ἔχει
617 2799 734 2837 Mein.
756 2799 871 2837 Anal.
898 2799 994 2836 Ath.
1017 2799 1112 2836 221.
1183 2799 1220 2835 4.
1254 2795 1429 2848 Πέρσας]
1461 2794 1588 2848 ὄρνεις
1618 2796 1826 2835 Dobraeus

257 2858 359 2898 Adv.
378 2859 418 2896 ΙΙ
440 2860 536 2898 333.
586 2856 675 2910 ἕχον
705 2859 754 2908 Α,
785 2871 866 2897 non
896 2856 1006 2909 ἔχων.
1069 2859 1108 2895 5.
1140 2855 1179 2903 ἐς
1209 2855 1348 2906 Mein.]
1382 2856 1447 2903 εἰς.
1497 2857 1545 2894 cf.
1572 2867 1672 2906 quae
1705 2856 1825 2894 adno-

257 2920 397 2957 tantur
440 2918 489 2956 ad
528 2917 654 2957 Arist.
691 2918 764 2969 Eq.
799 2919 910 2957 1151
951 2919 992 2956 et
1028 2916 1245 2967 Antiphan.
1281 2918 1383 2967 245,
1418 2918 1454 2955 1.
1523 2917 1559 2954 6.
1601 2915 1827 2967 ψυκτηρίαν
