2014 3334
504 278 873 313 KATAAOPAAHN
897 278 1424 314 ΜΕΤΕΣΧΗΜΑΤΙΣΜΕΝΑ
1583 259 1585 263 ⁴
1663 277 1751 320 683

170 391 279 431 tasse
311 389 487 431 δοκοῦσα
517 390 761 443 θυμοῦσθαί
787 405 825 431 τε
857 389 923 431 καὶ
959 387 1148 431 τύπτουσ’
1188 386 1289 445 ἅμα)
1323 385 1330 446 Ι
1363 396 1445 444 τῆς
1483 390 1640 440 οἰκίας
1677 388 1752 431 έκ-

170 447 358 502 πέμπειν
402 445 663 506 (ἕκπεμψον),
706 449 822 491 ἀλλὰ
858 450 976 504 πρὸς
1018 455 1146 492 θεῶν
1175 450 1180 504 Ι
1207 448 1542 503 πεφεισμένως
1579 449 1657 491 καὶ
1692 453 1751 508 τῷ

170 509 374 563 παρόντι
416 525 498 562 μοι
539 509 675 567 πόθῳ
709 509 716 561 Ι
748 509 822 563 τὴν
859 510 1026 565 μάστιγα
1070 516 1346 564 συμμετροῦσα
1376 541 1386 551 .
1419 541 1429 551 .
1461 540 1470 551 .
1499 511 1505 560 Ι
1544 507 1642 551 ἀλλ’
1687 509 1753 552 ἐπὶ

170 569 362 623 μήκιστον
391 569 606 624 ἐμφοροῦ
637 576 718 623 τῆς
750 569 1013 623 ἐπιθυμίας
1040 568 1046 625 Ι
1074 577 1120 628 τῇ
1153 570 1427 626 συγκοιμήσει,
1461 569 1605 624 κάμοὶ
1637 582 1753 611 συν-

172 630 515 672 επεκτείνουσα
545 636 636 671 τῶν
667 630 970 685 ἀφροδισίων
999 629 1004 684 Ι
1031 629 1116 683 τὴν
1148 630 1329 685 τέρψιν.

291 691 476 731 fraudem
515 694 760 742 componunt
797 693 899 732 duae
937 692 1144 743 mulieres,
1183 705 1352 744 quarum
1387 692 1518 732 altera
1549 692 1752 743 maritum,

173 751 303 791 astera
334 763 495 792 servum
526 752 695 792 alterius
728 754 850 792 amat.

774 857 778 861 ⁴
819 869 1115 913 1579-1582

292 955 526 996 Athenaeus
554 959 600 1009 9,
632 958 748 997 4050
780 954 858 996 καὶ
897 956 1057 1005 δεῖξον
1087 953 1110 997 ὃ
1141 954 1304 1010 φέρεις
1333 955 1413 997 καὶ
1444 954 1546 1011 λέγε
1577 957 1622 997 τί
1650 951 1749 1011 (λέγ’

174 1014 197 1055 ’ὅ
226 1011 279 1071 τι)
312 1014 440 1056 ἐστίν
473 1013 582 1066 (add.
612 1011 737 1071 ποτε).
767 1015 772 1066 Ι

158 1068 164 1077 “
293 1078 378 1116 406
412 1077 462 1116 ab
495 1075 736 1129 ῥοδωνιὰν
766 1080 892 1117 καλῶ
925 1071 980 1132 (κ.
1007 1073 1014 1130 Ι
1042 1071 1096 1132 ῤ.)
1128 1074 1213 1128 μὲν
1243 1075 1328 1129 τὴν
1359 1077 1546 1117 λοπάδα
1575 1076 1753 1130 ταύτην

173 1134 281 1189 ἐγώ·
309 1134 315 1186 Ι
342 1135 570 1177 ἐσκεύασται
603 1132 640 1177 δ’
675 1136 821 1187 οὕτως,
859 1136 925 1176 ἴνα
960 1170 967 1178 .
1001 1167 1009 1177 .
1041 1167 1051 1176 .
1079 1137 1085 1187 Ι
1114 1136 1257 1178 ἔνδον
1294 1142 1498 1177 σεαυτοῦ
1536 1135 1603 1177 καὶ
1632 1151 1752 1177 παν-

174 1195 336 1252 δαισίᾳ
379 1195 428 1236 τὸ
473 1196 714 1249 σωμάτιον
755 1191 895 1252 (ἔνδον
937 1195 980 1237 τὸ
1024 1203 1173 1238 σαυτοῦ
1207 1209 1240 1238 σ.
1272 1192 1412 1252 πανδ.)
1453 1193 1458 1252 Ι
1498 1203 1592 1237 πᾶν
1629 1195 1753 1238 ἓστι-

174 1255 291 1312 άσῃς
323 1287 331 1296 .
364 1286 374 1296 .
406 1287 416 1297 .
726 1258 731 1269 ⁷

273 1310 372 1356 ’καὶ
422 1321 566 1356 ταῦτα
615 1317 856 1370 διατρίψας
899 1315 1130 1369 ἐπιμελῶς
1173 1312 1180 1371 Ι
1221 1315 1454 1371 ἐνέβαλον
1496 1317 1552 1366 εἰς
1594 1317 1751 1358 λοπάδα

173 1375 338 1428 καινήν,
375 1374 558 1416 ἁπαλὸν
597 1372 743 1430 (gv-2513„
774 1372 867 1432 ἆπ.)
900 1375 977 1417 καὶ
1016 1375 1211 1430 συνεχὲς
1248 1377 1415 1426 διδοὺς
1446 1376 1494 1418 τὸ
1525 1382 1630 1431 πῦρ.

295 1436 465 1488 τοσαύτη
498 1437 702 1490 διεχύθη
734 1435 813 1477 ἀπὸ
843 1443 936 1484 τῶν
967 1436 1124 1490 ῥόδων
1156 1437 1350 1478 εὐωδία.-

295 1509 485 1536 versuum
511 1498 702 1549 reliquias
730 1493 869 1552 (unius
895 1500 1039 1549 poetae
1059 1499 1141 1538 sint
1166 1511 1216 1538 an
1242 1498 1420 1549 plurium
1445 1499 1646 1538 incertum
1670 1494 1752 1551 est)

175 1559 429 1609 agnoverunt
458 1556 684 1598 Meinekius
715 1557 833 1598 Anal.
867 1558 1013 1598 Athen.
1049 1560 1132 1599 176
1166 1559 1209 1598 et
1240 1559 1286 1599 G.
1314 1558 1536 1598 Kaibelius.
