2014 3334
333 258 419 301 658
639 252 641 255 ’
988 258 1249 292 ΑΔΕΣΠΟΤΑ

333 375 531 417 τελοῦντες
549 365 653 424 ἡμᾎ)
677 365 681 424 Ι
705 367 725 408 ὅ
746 367 794 408 δὲ
813 368 1072 420 παράσιτος
1091 374 1173 408 τοῦ
1193 367 1340 420 μηνὸς
1358 367 1438 416 τὰς
1455 366 1701 422 τριάκονθ’
1722 366 1899 423 ἡμέρας

334 430 463 482 ἱερὰς
500 427 602 481 ἄγει
640 424 690 483 (τ.
716 443 770 480 τρ.
795 426 861 479 ἡμ.
891 423 895 482 Ι
924 428 992 481 ῖερ.
1025 427 1086 482 ἅγ.
1117 433 1188 468 τοῦ
1226 424 1389 483 μηνός)·
1425 434 1550 468 πᾶσαι
1587 428 1662 482 γὰρ
1693 428 1800 486 αύτῷ
1830 430 1898 470 δο-

333 494 473 528 κοῦσιν
505 484 606 527 εἶναι
636 494 714 527 τῶν
744 491 853 527 θεῶν
885 482 1076 542 (fortasse
1107 483 1208 527 εἶναι
1238 487 1313 541 γὰρ
1345 488 1460 528 δοκεῖ
1479 489 1485 539 Ι
1512 492 1555 528 θ.
1581 484 1754 543 ἑκάστη).

455 551 507 588 19
536 546 600 587 ἔτι
625 553 715 586 τῶν
740 545 824 598 μὲν
849 545 1002 587 ἄλλων
1027 553 1173 599 τεχνῶν
1198 546 1291 587 εἰσὶ
1320 542 1429 601 (add.
1453 543 1538 602 καὶ)
1566 548 1868 600 διδάσκαλοι,

332 613 414 659 τῆς
449 605 497 646 δὲ
533 612 851 659 παρασιτικῆς
878 602 1068 659 (fortasse
1100 608 1190 646 add.
1226 602 1424 661 πέφηνεν)
1450 606 1610 654 οὐδεὶς
1636 602 1750 663 (οὐδὲ
1773 603 1864 663 εἷς),

333 664 428 706 ἀλλ’
463 666 614 718 ὥσπερ
645 663 671 717 ἡ
703 664 926 718 ποιητικὴ
963 665 1078 705 κατὰ
1114 666 1342 720 Σωκράτη
1383 667 1389 716 Ι
1426 666 1492 706 καὶ
1536 667 1635 718 αὕτη
1665 667 1776 723 θείᾳ
1806 665 1899 707 τινὶ

333 727 472 781 μοίρᾳ
504 721 611 780 (add.
643 721 899 780 θαυμασίως)
930 726 1253 780 παραγίνεται.

454 788 509 825 20
534 785 679 840 ταύτῃ
711 783 754 824 δέ
784 784 880 824 ἐστι
912 781 1028 841 (’στι)
1053 790 1267 838 ,χρῆσθαι
1297 784 1375 825 καὶ
1405 784 1454 825 ἐν
1486 784 1579 842 ὁδῷ
1604 784 1682 825 καὶ
1705 784 1898 826 πλέοντι

332 841 416 899 (καὶ
447 848 510 884 πλ.
541 843 617 884 κάν
649 840 740 899 ὁδ.).

453 907 505 944 21
534 903 782 956 τάλλότρια
813 905 1070 957 λαμβάνων
1103 900 1211 959 (add.
1243 901 1336 960 γὰρ)
1370 903 1456 945 ούκ
1486 904 1648 945 ἀδικεῖ
1673 904 1847 957 μόνος.»

451 966 505 1003 23
540 963 597 1003 ὅτι
634 979 676 1017 γε
714 962 794 1015 μὴν
825 961 850 1015 ἡ
883 965 1229 1016 βασιλικωτάτη
1274 970 1365 1004 τῶν
1401 959 1576 1018 τεχνῶν
1614 963 1741 1005 ἐστιν
1778 964 1896 1017 αὕτη

331 1019 447 1077 (στιν
485 1023 583 1074 αὕτη
609 1039 640 1062 τ.
665 1019 716 1077 τ.)
751 1023 756 1072 Ι
790 1023 938 1075 μάθοις
976 1022 1027 1063 ἂν
1063 1023 1130 1064 καὶ
1160 1023 1203 1064 ἐκ
1233 1025 1350 1064 τοῦδε
1381 1023 1454 1077 οὐχ
1484 1024 1640 1076 ἥκιστα·
1668 1025 1674 1074 Ι
1700 1023 1782 1072 τὰς
1812 1022 1896 1077 μὲν

329 1082 415 1136 γὰρ
440 1082 579 1130 λοιπὰς
600 1078 756 1137 (ἄλλας)
777 1081 910 1135 τέχνας
936 1082 991 1123 οὐ
1017 1083 1166 1136 μόνον
1191 1088 1585 1132 κακοπαθοῦντες
1609 1083 1676 1123 καὶ
1700 1084 1896 1138 ἷδροῦν-
1968 1127 1971 1128 ⁷

331 1158 426 1194 τες,
458 1142 572 1182 ἀλλὰ
605 1141 655 1193 νὴ
683 1143 761 1181 Δία
791 1143 1063 1195 καθήμενοι
1087 1142 1153 1183 καὶ
1178 1142 1335 1191 ἑστῶτες
1359 1143 1586 1197 ἐργάζονται
1610 1139 1800 1198 (fortasse
1825 1143 1899 1196 οὐχ

331 1201 533 1254 ἱδροῦντες
563 1216 622 1242 τοι
653 1201 778 1254 μόνον
806 1199 811 1254 Ι
838 1201 905 1242 καὶ
935 1218 1090 1255 κακοπ.,
1122 1202 1219 1243 ἀλλὰ
1244 1202 1310 1243 καὶ
1334 1197 1428 1243 καθ.ι
1456 1202 1462 1255 Ι
1489 1199 1715 1258 μελετῶσιν)
1743 1203 1896 1256 ὥσπερ

331 1261 462 1313 ἀμέλει
495 1257 564 1316 (νὴ
592 1257 690 1316 Δία)
724 1263 890 1302 δοῦλοι
921 1269 1011 1302 τῶν
1041 1259 1293 1318 τεχνῶν“Ιὸ
1325 1261 1374 1303 δὲ
1403 1264 1662 1316 παράσιτος
1686 1263 1896 1316 μεταχειρί-

332 1323 432 1369 ζεται
463 1320 535 1372 τὴν
567 1320 690 1361 αὑτοῦ
721 1320 861 1374 τέχνην
891 1320 950 1370 ὥς
980 1322 1207 1375 βασιλεὺς
1237 1323 1586 1375 κατακείμενος.

980 1451 1105 1493 1461.
1141 1452 1254 1494 1462

448 1539 647 1577 Lucianus
679 1538 737 1576 De
767 1538 934 1589 parasit.
962 1540 1014 1578 27
1043 1532 1176 1591 (kl—u)
1215 1534 1381 1590 ἑτέρως
1411 1534 1494 1589 μὲν
1519 1535 1604 1590 γὰρ
1632 1534 1895 1595 Ἐπικούρῳ

331 1598 493 1647 δοκεῖΙ
520 1596 573 1637 τὰ
603 1593 830 1650 πράγματ’
866 1596 1011 1649 ἔχειν,
1042 1595 1208 1650 ἑτέρως
1241 1595 1288 1636 δὲ
1319 1600 1416 1643 τοῖς
1454 1595 1544 1635 ἀπὸ
1575 1603 1656 1649 τῆς
1686 1600 1859 1650 Στοᾶς,
1887 1594 1893 1653 Ι

330 1655 497 1710 ἑτέρως
517 1655 565 1696 δὲ
584 1661 684 1704 τοῖς
704 1656 794 1696 ἀπὸ
813 1662 894 1709 τῆς
908 1654 1220 1708 Ἀκαδημείας
1239 1652 1348 1710 (add.
1361 1651 1712 1710 πάλιν),Ιέτε’ρως
1732 1655 1780 1696 δὲ
1798 1661 1897 1706 τοῖς

329 1715 407 1756 ἀπὸ
444 1722 514 1757 τοῦ
554 1712 636 1771 (ἐκ)
675 1717 950 1768 Περιπάτου
983 1748 991 1756 .
1024 1746 1033 1755 .
1066 1748 1073 1756 .
1103 1712 1109 1771 Ι
1138 1714 1239 1755 ε’πεὶ
1269 1716 1314 1755 τί
1342 1715 1398 1767 δή
1429 1713 1563 1763 ποθ’;
1602 1714 1894 1769 ἀριθμητικὴ

329 1774 401 1828 μὲν
444 1777 525 1828 μία
553 1774 559 1828 Ι
587 1775 665 1816 ἐστὶ
707 1775 772 1816 καὶ
803 1774 829 1828 ἡ
862 1775 960 1827 αύτὴ
1002 1774 1067 1815 καὶ
1109 1774 1169 1823 δὶς
1209 1775 1283 1815 δύο
1324 1775 1431 1828 παρά
1469 1790 1508 1815 τε
1548 1772 1645 1827 ἡμῖν
1684 1775 1751 1815 καὶ
1789 1776 1897 1830 παρὰ

329 1834 502 1888 Πέρσαις
527 1833 718 1890 (sonasse
743 1835 846 1876 ἐστὶν
870 1835 978 1888 παρὰ
1002 1842 1098 1875 πᾶσι
1122 1833 1188 1875 καὶ
1212 1832 1306 1888 παρ’
1333 1833 1487 1887 ἡμ.’δὶς
1513 1835 1547 1874 δ.
1575 1833 1582 1886 Ι
1609 1834 1737 1889 ὥσπερ
1761 1851 1801 1876 π.
1822 1832 1895 1891 Π.)

327 1893 470 1948 τέτταρ’
505 1895 618 1936 ἐστίν.

450 1959 505 1996 30
531 1953 557 2007 ἡ
590 1954 722 2008 μέντοι
758 1953 993 2008 παρασιτικὴ
1026 1985 1036 1995 .
1069 1986 1078 1994 .
1111 1987 1118 1994 .
1149 1953 1217 1995 καὶ
1253 1953 1295 1994 ἐν
1327 1951 1492 2006 ’Ἕλλησι
1526 1952 1593 1993 καὶ
1635 1955 1852 2008 βαρβάροις
1886 1951 1890 2010 Ι

329 2011 394 2066 μί’
435 2014 531 2055 ἐστὶ
569 2014 648 2056 καὶ
687 2015 803 2055 κατὰ
842 2014 987 2055 ταύτὰ
1028 2012 1278 2067 χώσαύτως
1319 2013 1433 2067 (add.
1472 2009 1613 2068 τέχνη)
1651 2046 1659 2054 .
1699 2044 1708 2054 .
1743 2044 1753 2054 .
1790 2012 1891 2055 οὐδ’

330 2074 472 2126 εἰσίν,
504 2073 563 2123 ὡς
588 2074 733 2127 έόικε,
764 2075 1021 2128 παράσιτοί
1047 2069 1316 2128 τινεςΙοῖον
1341 2072 1548 2113 Στωικοὶ
1577 2071 1604 2124 ἢ
1631 2069 1895 2127 Ἐπικούρειοι

330 2134 539 2187 δόγματα
573 2134 758 2188 ἔχοντες
796 2135 1006 2187 διάφορα
1044 2130 1225 2188 (διάφορ’
1260 2132 1311 2185 ἔχ.
1344 2129 1515 2186 δόγμαθ’
1550 2128 1638 2172 οἷον
1668 2136 1736 2173 Στ.
1764 2131 1770 2187 Ι
1796 2133 1896 2187 πρὸς

327 2192 395 2232 τὸν
434 2190 706 2249 Ἐπίκουρον),
750 2193 866 2234 ἀλλὰ
911 2200 1024 2234 πᾶσι
1066 2192 1165 2246 πρὸς
1207 2193 1384 2240 ἅπαντας
1424 2193 1616 2246 (fortasse
1655 2197 1854 2242 παντελῶς
1887 2189 1892 2249 Ι

329 2251 557 2307 ὁμολογία
588 2255 656 2302 τίς
687 2254 783 2294 ε’στι
813 2252 891 2294 καὶ
923 2253 1176 2306 συμφωνία
1202 2253 1208 2303 Ι
1236 2258 1314 2292 τῶν
1346 2251 1471 2305 ἔργων
1501 2266 1539 2292 τε
1570 2250 1636 2292 καὶ
1666 2259 1736 2293 τοῦ
1761 2251 1895 2302 τέλους

330 2308 517 2366 (fortasse
548 2312 682 2361 τέλους
713 2329 752 2354 τε
782 2311 971 2368 κᾶργων).

879 2448 882 2451 “
898 2442 1025 2486 1463.
1058 2442 1184 2485 1464.
1219 2440 1333 2484 1465

448 2528 648 2568 Lucianus
679 2529 740 2568 De
771 2529 937 2579 parasita.
970 2530 1026 2568 40
1056 2532 1139 2568 θεῶ
1179 2526 1228 2578 δὴ
1261 2525 1354 2579 τρὺς
1385 2523 1533 2579 ἄνδρας
1565 2557 1573 2565 .
1607 2557 1615 2566 .
1647 2555 1657 2565 .
1689 2525 1755 2566 καὶ
1786 2527 1893 2568 δοκί-

330 2588 423 2639 μαζε
465 2587 512 2627 τὰ
555 2588 723 2640 σώματα.
790 2587 882 2636 τοὺς
925 2586 996 2640 μὲν
1039 2588 1183 2639 τοίνυν,
1219 2585 1349 2626 αὐτῶν
1391 2584 1471 2625 ’ὑπὸ
1514 2584 1667 2633 ἐνδείας
1703 2585 1804 2635 ἴδοις
1842 2586 1893 2627 ἂν

330 2647 493 2695 λεπτοὺς
524 2646 590 2687 καὶ
621 2645 801 2701 ὠχρούς
829 2644 937 2702 (add.
963 2663 1002 2687 τε
1026 2643 1112 2703 καὶ)
1143 2645 1452 2699 πεφρικότας,
1482 2645 1488 2695 Ι
1516 2643 1644 2697 ὥσπερ
1677 2640 1762 2699 (καὶ
1791 2651 1893 2687 καθ-

330 2702 452 2761 άπερ)
497 2704 587 2759 ἤδη
630 2708 921 2760 τραυματίας
959 2705 1296 2760 παρειμένους·
1331 2706 1336 2756 Ι
1370 2703 1529 2758 ἀγῶνα
1571 2702 1655 2756 μὲν
1691 2704 1778 2758 γὰρ
1815 2705 1893 2746 καὶ

330 2766 482 2818 μάχην
509 2767 714 2806 σταδιαίαν
740 2765 806 2807 καὶ
831 2764 1013 2819 ὠθισμὸν
1032 2765 1098 2807 καὶ
1116 2765 1229 2806 κόνιν
1247 2763 1325 2805 καὶ
1343 2759 1683 2825 τραύματαΙμὴ
1703 2762 1892 2818 γέλοιον

328 2818 353 2879 ᾖ
386 2824 539 2878 λέγειν
580 2826 823 2866 δύνασθαι
863 2825 1030 2880 φέρειν
1070 2822 1139 2880 (φ.
1166 2826 1199 2865 δ.
1225 2823 1279 2877 μὴ
1304 2841 1337 2878 γ.
1370 2824 1396 2880 ᾖ
1427 2820 1571 2878 λέγειν)
1608 2823 1614 2873 Ι
1649 2822 1893 2876 ἀνθρώπους

331 2883 458 2936 ὥσπερ
484 2884 659 2933 ἐκείνους
679 2883 868 2940 (Ἑοι-ὺειεεο
894 2885 1044 2941 ἄνδρας
1061 2880 1285 2938 τοιούτους)
1305 2883 1411 2931 τινὸς
1437 2881 1696 2935 δεομένους
1715 2881 1892 2936 ἀναλήυ

329 2952 466 2995 ψεως.
529 2947 581 2984 41
611 2943 752 2999 ἄθρει
784 2943 832 2985 δὲ
868 2946 988 2986 πάλιν
1025 2944 1194 2998 μεταβὰς
1224 2943 1303 2984 τὸν
1339 2942 1604 2997 παράσιτον
1641 2940 1800 2991 ὁποῖός
1836 2958 1893 2992 τις
