2014 3334
255 238 342 280 288
415 239 794 273 ΑΠΟΛΛΟΔΩΡΟΤ
818 239 918 273 ΤΟΤ
942 239 1225 273 ΚΑΡΤΣΤΙΟΤ
1249 239 1584 274 ΣΦΑΤΤΟΜΕΝΗ
1609 260 1654 264 -
1701 211 1704 214 >

366 351 598 390 Athenaeus
619 353 658 402 3,
692 353 744 390 76
760 365 784 389 a
814 349 1002 398 ὀξαλείων
1034 349 1077 390 δὲ
1109 351 1242 391 σύκων
1274 351 1399 399 οὕτως
1429 348 1688 402 καλουμένων
1719 366 1818 402 μνη-

245 410 404 461 μονεύει
423 406 651 462 Ἡρακλέων
683 408 703 449 ὅ
731 407 915 460 Ἐφέσιος
945 409 1012 450 καὶ
1042 411 1272 463 Νίκανδρος
1304 409 1324 450 ὁ
1348 409 1626 463 Θυατειρηνός,
1656 424 1819 463 παρατι-

244 468 407 522 θέμενοι
447 466 750 523 Ἀπολλοδώρου
794 475 864 510 τοῦ
908 471 1134 522 Καρυστίου
1183 470 1225 510 ἐκ
1269 470 1464 523 δράματος
1507 468 1820 522 Προικιζομένης

246 525 292 584 (ἢ
333 530 422 569 add.
455 525 698 584 Sehweigh.)
731 526 1050 581 Ἱματιοπώλιδος
1092 530 1184 570 τάδε
1221 533 1298 570 κτλ.
1381 545 1416 570 v.
1450 534 1487 570 1.
1522 533 1546 569 2
1579 530 1819 569 Eustathius

249 591 374 639 1910,
397 591 450 629 23
485 594 620 641 χρῆσις
651 587 694 628 δὲ
719 589 901 629 τοιούτου
934 588 1056 641 ὀξέος,
1087 589 1140 638 ὥς
1165 601 1290 641 φησιν
1310 586 1540 641 Ἀθήναιος,
1571 588 1680 641 παρὰ
1698 585 1819 641 ‘Hocc-

244 645 389 688 κλέωνι
426 647 469 687 ἐν
506 651 560 705 τῷ
598 645 661 688 ετὸ
699 649 878 702 οἰνάριον
917 672 974 676 -—
1012 646 1218 702 πονηρόν.’
1298 664 1334 689 v.
1368 652 1392 690 3
1425 650 1596 689 Photius
1635 647 1820 696 όξάλειοι·

246 713 371 748 συκαῖ
394 723 507 756 τινες.
573 712 608 748 1.
640 705 676 761 γ’
713 710 801 748 add.
834 710 969 748 Dindf.
1033 712 1070 749 3.
1103 707 1304 758 ὀξαλείους
1335 708 1489 760 Dindf.]
1522 709 1746 756 τοξαλείους
1769 709 1819 749 A.

246 771 285 808 4.
317 775 441 816 συκᾶς
472 766 519 815 ἃς
550 769 598 808 A.

865 862 1204 895 ΣΦΑΤΤΟΜΕΝΗ

366 936 423 975 Cf.
458 950 560 988 quae
593 938 643 975 ad
669 933 830 988 Ἱέρειαν
863 949 985 987 supra
1016 937 1307 976 adnotavimus.

1007 1053 1064 1095 26

458 1138 577 1178 καλῶ
610 1134 651 1178 δ’
677 1136 784 1192 ’Ἀρη
817 1111 975 1190 Νίκην4
996 1132 1034 1177 τ’
1071 1132 1137 1178 ἐπ’
1174 1135 1344 1188 ἐξόδοις
1370 1135 1507 1192 ἐμαῖς,

459 1210 577 1250 καλῶ
612 1205 660 1249 δὲ
693 1210 1002 1263 Χαιρεφῶντα·
1045 1206 1128 1250 κᾶν
1159 1208 1245 1264 γὰρ
1276 1208 1334 1263 μὴ
1366 1210 1501 1262 καλῶ,

463 1279 650 1334 ἄκλητος
681 1278 785 1333 ἥξει.

364 1366 598 1404 Athenaeus
632 1367 669 1416 6,
703 1367 820 1404 243e
861 1362 1155 1418 Ἀπολλόδωρος
1187 1363 1207 1404 ὃ
1237 1364 1460 1417 Καρύστιος
1567 1363 1611 1404 ἐν
1637 1367 1815 1416 Σφαττο-

245 1423 343 1480 μένῃ
375 1427 451 1464 κτλ.
519 1429 553 1464 1.
575 1421 676 1477 ’Ἀρη
708 1424 862 1476 Dindf.]
887 1422 1012 1477 ’Ἀρην
1042 1425 1090 1464 Α.
1126 1447 1179 1452 —
1214 1422 1275 1464 ἐπ’
1318 1424 1467 1473 ἐξόδοις
1499 1423 1610 1476 ἐμαῖς
1640 1425 1822 1476 ridicule,

245 1488 453 1536 tamquam
497 1485 547 1523 ad
592 1485 885 1535 expeditionem
927 1486 1112 1524 bellicam
1156 1485 1443 1535 proficiscatur.
1510 1485 1671 1524 videtur
1715 1485 1820 1524 enim

246 1544 573 1596 Pyrgopolinices
600 1545 744 1595 aliquis
770 1545 935 1595 nuptias
962 1545 1168 1584 celebrans
1188 1545 1384 1595 pristinae
1411 1545 1644 1595 disciplinae
1669 1557 1822 1584 memor

246 1605 368 1643 etiam
398 1604 570 1643 Martem
602 1606 642 1643 et
673 1603 897 1643 Victoriam
929 1605 979 1643 ad
1011 1604 1251 1643 sacrificium
1281 1605 1467 1644 invitare.

788 1720 1276 1754 AAHAOT”APAMAT02

1005 1805 1060 1846 27

462 1884 549 1930 οἷδ’
586 1887 653 1930 ὅτι
684 1890 906 1943 καλοῦμεν
938 1887 1159 1943 ῥάφανον,
1191 1887 1316 1943 ὑμεῖς
1348 1885 1388 1930 δ’
1426 1888 1473 1929 οἱ
1501 1886 1618 1939 ξένοι

463 1960 685 2016 κράμβην·
716 1957 892 2014 γυναιξὶ
925 1959 1155 2016 διαφέρειν
1187 1964 1271 2002 οἰέι
1303 1958 1356 2002 δέ
1383 1975 1443 2011 τι;

1026 2029 1048 2046 0

365 2046 597 2085 Athenaeus
632 2049 669 2096 1,
701 2046 794 2085 34d
839 2045 896 2085 ὅτι
932 2044 1005 2097 τὴν
1041 2046 1224 2099 κράμβην
1259 2045 1445 2099 ῥάφανον
1476 2044 1644 2085 ἐκάλουν
1675 2044 1718 2085 οἵ
1743 2059 1819 2084 πα-

247 2104 350 2146 λαιοὶ
375 2102 669 2157 Ἀπολλόδωρος
701 2105 820 2156 δηλοῖ
844 2103 865 2144 ὅ
895 2105 1120 2158 Καρύστιος
1150 2109 1229 2145 κτλ.
1295 2110 1329 2146 1.
1361 2101 1459 2155 οἶδ’]
1487 2105 1522 2144 εἰ
1540 2101 1576 2144 δ’
1599 2104 1677 2144 ΒΟ.
1709 2103 1822 2156 ’ὑμεῖς

247 2164 495 2216 Daleoamp.]
527 2162 650 2216 ἡμεῖς.
715 2167 751 2204 2.
785 2163 828 2203 δέ
858 2179 894 2204 τι
925 2165 990 2216 Κ.]
1026 2164 1068 2205 δὲ
1099 2166 1145 2206 τί.

758 2423 1302 2473 ΑΠΟΛΛΟΔΩΡΟΣ

926 2539 1146 2572 ΑΔΕΛΦΟΙ

1025 2625 1047 2664 1

467 2706 760 2763 ἀπραγμόνως
793 2708 870 2761 ζῆν
901 2706 1005 2761 ἡδύ·
1046 2707 1259 2762 μακάριος
1289 2709 1386 2762 βίος

465 2776 538 2820 καὶ
573 2779 746 2833 σεμνός,
778 2777 835 2820 ἂν
864 2771 892 2834 ᾗ
924 2776 1025 2833 μεθ’
1062 2776 1223 2834 ἑτέρων
1258 2778 1578 2835 ἀπραγμόνων.

465 2848 514 2891 ἐν
543 2851 723 2904 θηρίοις
755 2846 803 2891 δὲ
834 2847 908 2892 καὶ
938 2850 1148 2904 πιθήκοις
1180 2850 1286 2891 ὄντα
1319 2850 1390 2891 δεῖ

466 2917 582 2962 εἶναι
613 2922 827 2975 πίθηκον·
861 2920 894 2962 ὢ
925 2920 1207 2977 ταλαιπώρου
1237 2922 1352 2975 βίου.
