2014 3334
315 228 399 270 146
650 248 653 253 s
953 230 1252 263 MENANAPOT

1055 362 1140 403 508

430 442 530 486 ὥστ’
568 442 695 498 ἔγωγ’
733 443 787 486 ἂν
819 445 1001 500 εἱλόμην
1032 459 1120 487 που
1152 447 1320 503 σαυνίῳ
1351 445 1655 502 πεπληγμένος
1691 471 1740 476 -

431 531 571 568 Pollux
605 533 672 580 10,
708 533 789 569 143
830 529 894 570 ε’πὶ
924 536 994 570 τοῦ
1027 530 1190 583 δόρατος
1221 528 1282 584 (τὸ
1314 528 1498 583 σαυνίον)
1535 531 1578 571 ἐν
1613 530 1877 582 Φιλαδέλφοις

309 589 555 640 Μενάνδρου
587 592 664 628 κτλ.
715 591 843 629 oratio
880 591 1100 641 inperfecta
1138 586 1192 645 (6.
1223 594 1335 631 πεπλ.
1363 594 1369 641 Ι
1397 590 1653 640 ἀποθανεῖν).
1723 591 1876 631 Gelasi-

307 662 418 687 mum
450 650 682 688 Plautinum
715 644 857 703 (Stich.
884 652 923 698 4,
951 652 989 702 2,
1022 647 1098 703 56)
1129 651 1240 702 loqui
1271 654 1406 690 censet
1429 652 1674 690 Bitschelius
1706 653 1803 691 275.
1838 654 1875 691 6.

427 708 483 747 Of.
515 711 725 759 praeterea
756 709 888 760 adesp.
925 711 1049 749 1555.
1084 712 1119 750 6.
1155 714 1192 750 7.

982 849 1199 883 XAAKEIA

424 924 659 973 Harpocrat.
686 926 859 964 Χαλκεῖα
891 954 900 964 .
920 954 930 964 .
949 955 958 963 .
991 923 1103 977 ἑορτὴ
1135 921 1227 977 παρ’
1257 921 1490 976 Ἀθηναίοις
1514 922 1687 978 ἀγομένη
1711 926 1876 965 Πυανο-

304 988 459 1032 ψιῶνος
497 981 565 1038 ἕνῃ
602 981 669 1022 καὶ
706 981 795 1038 νέᾳ,
838 983 1041 1036 χειρώναξι
1083 984 1218 1035 κοινή,
1262 984 1425 1036 μάλιστα
1463 981 1505 1023 δὲ
1544 987 1751 1036 χαλκεῦσιν
1782 1014 1791 1023 .
1823 1014 1833 1023 .
1866 1013 1875 1023 .

312 1041 552 1093 Φανόδημος
585 1040 627 1082 δὲ
659 1042 734 1082 οὐκ
756 1040 910 1099 Ἀθηνᾷ
936 1055 1060 1095 φησιν
1085 1042 1254 1097 ἄγεσθαι
1278 1042 1350 1095 τὴν
1376 1042 1531 1096 ἑορτήν,
1562 1039 1639 1083 ἀλλ’
1660 1040 1876 1100 “Ηφαίστῳ.

306 1099 563 1154 γέγραπται
596 1100 638 1141 δὲ
669 1101 735 1141 καὶ
766 1102 1043 1159 Μενάνδρῳ
1076 1103 1228 1155 δρᾶμα
1259 1106 1478 1143 Χαλκεῖα.
1523 1104 1656 1154 Etym.
1688 1117 1742 1142 m.
1776 1105 1873 1155 805,

306 1163 361 1200 43
394 1163 567 1201 Χαλκεῖα
599 1160 712 1214 ἑορτὴ
745 1161 887 1214 ἀρχαία
912 1192 921 1201 .
942 1192 952 1202 .
978 1162 1166 1215 δημώδης
1197 1158 1431 1217 (δημοτελής
1450 1163 1636 1203 Eustath.
1658 1164 1755 1213 284,
1787 1158 1872 1215 37).

302 1220 467 1271 ὕστερον
498 1219 541 1260 δὲ
572 1220 650 1261 ὑπὸ
677 1221 812 1273 μόνων
843 1219 958 1274 ’ἤγετο
989 1228 1192 1275 τεχνιτῶν,
1224 1222 1281 1262 ὅτι
1306 1221 1327 1262 ὁ
1346 1220 1569 1273 ’Ήφαιστος
1595 1220 1637 1261 ἐν
1662 1228 1707 1277 τῇ
1722 1218 1872 1294 Ἀττικῇ

304 1285 459 1332 πρῶτον
491 1280 634 1332 χαλκὸν
665 1281 880 1334 εἰργάσατο.
942 1280 1021 1320 ἔστι
1053 1280 1095 1321 δὲ
1126 1279 1196 1334 ἕνη
1228 1281 1293 1322 καὶ
1324 1280 1395 1322 νέα
1426 1284 1739 1333 Πυανοψιῶνος,
1774 1280 1816 1321 ἐν
1846 1297 1873 1337 ῃ

303 1338 369 1378 καὶ
408 1335 488 1393 (αἱ)
533 1338 667 1392 ἱέρειαι
711 1340 804 1391 μετὰ
847 1347 924 1380 τῶν
969 1339 1212 1395 ἀρρηφόρων
1254 1341 1322 1381 τὸν
1365 1339 1515 1381 πέπλον
1559 1341 1757 1389 διάζονται
1799 1337 1873 1395 (sic

305 1399 505 1449 Sauppius
536 1414 609 1450 pro
642 1396 873 1454 διέζωνται).
923 1397 1180 1452 “Ηρωδιανὸς
1211 1398 1254 1440 δὲ
1285 1399 1385 1454 λέγει
1416 1400 1472 1440 ὅτι
1503 1398 1528 1451 ἡ
1561 1401 1707 1440 πλείων
1738 1405 1872 1452 χρῆσις

303 1461 561 1514 προπερισπᾷ.
593 1460 642 1498 cf.
663 1459 762 1500 Poll.
786 1463 822 1511 7,
847 1461 940 1499 105.
974 1460 1144 1511 Hesych.
1165 1462 1350 1500 Χαλκεῖα.
1382 1461 1564 1499 Pherecr.
1586 1461 1653 1499 46.
1673 1460 1872 1500 Weleker.

306 1518 455 1569 Trilog.
483 1520 578 1558 290.
632 1519 892 1559 Schoemann.
912 1519 1007 1559 Ant.
1030 1515 1108 1571 gr?
1139 1521 1179 1558 II
1211 1521 1309 1560 450.
1359 1521 1524 1559 fuerunt
1555 1519 1676 1558 etiam
1708 1519 1871 1558 Caecilii

302 1577 422 1616 Sta‘cii
455 1577 624 1618 Chalcia.
683 1578 728 1619 Ο.
759 1579 948 1619 Ribbeck.
981 1578 1088 1618 Com.
1120 1580 1165 1619 R.
1197 1574 1265 1618 fr.2
1297 1581 1363 1619 38.
1398 1582 1434 1619 9.

1046 1707 1131 1749 509

515 1787 596 1830 οὐκ
627 1787 682 1830 ἂν
713 1786 874 1842 γένοιτ’
912 1788 1100 1844 ἐρῶντος
1132 1789 1406 1845 ἀθλιώτερον

515 1856 648 1901 οὐδὲν
680 1858 887 1915 γέροντος
918 1861 1034 1915 πλὴν
1067 1860 1213 1916 ἕτερος
1244 1860 1388 1917 γέρων
1421 1862 1552 1916 ἐρῶν·

514 1929 562 1980 ὃς
593 1931 677 1985 γὰρ
711 1930 951 1973 ἀπολαύειν
982 1930 1164 1986 βούλεθ’
1202 1930 1265 1975 ὧν
1297 1932 1576 1974 ἀπολείπεται

515 2003 588 2044 διὰ
618 2003 696 2044 τὸν
728 2005 906 2058 χρόνον,
937 2011 1028 2053 πῶς
1061 1999 1190 2054 οὗτος
1222 2004 1303 2046 οὐκ
1335 2000 1422 2045 ἔστ’
1458 2004 1632 2054 ἄθλιος;

418 2088 612 2127 Stobaeus
638 2089 776 2128 Floril.
802 2091 896 2137 116,
930 2091 953 2128 9
996 2094 1066 2129 τοῦ
1098 2088 1222 2129 αὐτοῦ
1254 2085 1521 2143 (Μενάνδρου
1549 2085 1593 2141 8)
1626 2090 1799 2128 Χαλκεῖα
1817 2089 1867 2128 A,

300 2148 338 2185 3.
369 2146 492 2186 Arist.
525 2148 597 2199 Eq.
627 2150 710 2187 524
743 2146 806 2187 ἐπὶ
837 2147 969 2201 γήρως
999 2178 1008 2187 .
1031 2178 1068 2187 ..
1100 2154 1171 2189 τοῦ
1197 2148 1388 2188 σκώπτειν
1419 2146 1655 2199 ἀπελείφθη.
1694 2149 1867 2187 concidiiz

297 2205 424 2257 igitur
449 2205 597 2245 Naberi
628 2208 834 2246 temeritas
867 2208 1010 2249 Mnem.
1041 2222 1132 2248 nov.
1163 2208 1262 2247 VIII
1294 2210 1391 2247 421.

1039 2346 1126 2389 510

867 2436 997 2472 τοῦτο
1031 2430 1084 2484 δὴ
1116 2431 1165 2472 τὸ
1197 2436 1281 2472 νῦν
1313 2431 1430 2484 ἔθος,

505 2497 736 2556 (ἄκρατον’
769 2499 910 2555 ἐβόων
935 2500 1038 2556 ’τὴν
1069 2499 1293 2556 μεγάλην’.
1344 2501 1544 2556 ψυκτῆρά
1575 2517 1640 2551 τις

509 2571 754 2627 προῦπινεν
786 2572 934 2622 αὐτοῖς
966 2572 1151 2622 ἀθλίους
1183 2571 1427 2614 ἀπολλύων.

415 2658 646 2697 Athenaeus
687 2661 759 2709 11,
793 2659 875 2698 502
893 2672 913 2697 e
957 2656 1199 2710 Μένανδρος
1240 2657 1284 2698 ἐν
1326 2660 1379 2714 τῷ
1422 2656 1723 2714 ἐπιγραφομένῳ
1767 2659 1860 2710 δρά-

297 2730 386 2767 ματι
418 2717 593 2757 Χαλκεῖά
624 2729 748 2768 φησιν
779 2720 856 2757 κτλ.
920 2720 957 2758 3.
989 2716 1134 2765 αὐτοὺς
1165 2720 1206 2756 et
1237 2715 1448 2757 ἀπώλλυον
1466 2718 1514 2758 Α.
1547 2719 1696 2758 emend.
1729 2719 1860 2758 Bentl.

296 2774 517 2828 προῦπινεν
555 2775 606 2816 ἂν
639 2772 730 2831 (αὖ)
768 2776 861 2825 τοὺς
897 2780 973 2817 κτλ.
1022 2778 1143 2817 Dobr.
1175 2777 1276 2817 Adv.
1307 2778 1349 2816 II
1383 2780 1419 2817 3.
1469 2775 1619 2825 ἀθλίως
1649 2778 1766 2817 Mein.
1799 2778 1859 2817 ed.

295 2837 388 2876 mai.
437 2858 495 2863 —
546 2839 583 2876 2.
628 2836 820 2890 μεγάλην,
862 2836 1022 2888 κύλικα,
1070 2839 1118 2876 ut
1158 2836 1314 2876 Alexid.
1357 2840 1452 2877 111.
1524 2837 1673 2888 Diphil.
1715 2839 1781 2888 17,
1820 2839 1859 2877 8.

296 2894 443 2945 Sophil.
479 2898 515 2935 3.
