2014 3334
281 236 368 278 226
614 230 617 234 ’
923 209 1223 271 ΜΕΝΑΝᾸΡΟΤ

281 362 327 387 ac
358 349 414 388 sic
442 348 579 387 Cobet.
601 348 648 389 V.
667 343 714 387 l.2
740 350 838 388 328.
878 344 998 387 ‘unde
1029 362 1110 388 non
1140 350 1314 388 multum
1345 349 1449 387 afuif.
1480 349 1576 400 quin
1607 345 1854 400 periremus’.

280 408 422 459 Polyb.
454 410 524 458 40,
557 409 582 446 5
617 410 716 447 extr.
753 406 838 459 τὴν
874 408 1140 460 παροιμίαν
1177 407 1244 448 διὰ
1284 408 1470 460 στόματος
1501 404 1620 460 εἶχον,
1651 406 1705 456 ὡς
1735 408 1772 448 εἰ
1799 407 1854 461 μὴ

279 466 423 520 ταχέως
448 466 705 519 ἀπωλόμεθα,
737 466 811 507 οὐκ
832 466 883 507 ἂν
903 466 1125 520 ἐσώθημεν.
1175 469 1223 508 cf.
1243 469 1349 507 Plut.
1370 469 1564 508 Themist.
1586 471 1652 508 29.
1693 469 1854 509 Aeneae

279 529 408 578 Epis‘c.
444 529 510 567 16.
560 528 686 567 Arist.
718 529 816 567 Ran.
851 530 978 567 1448.

1025 657 1108 699 841

493 742 556 790 εἰς
585 741 639 782 τὰ
669 739 887 797 καθάρεια
918 740 1044 795 λιμὸς
1075 740 1361 791 εἰσοικίζεται.

397 827 541 866 Suidas
580 826 790 879 εὐρωτιῶν.
851 824 873 866 ὅ
905 831 983 866 τῶν
1020 825 1190 865 ἀστικῶν
1228 821 1352 880 (βίος)
1397 825 1452 872 εἰς
1494 826 1636 865 πενίαν
1680 833 1852 880 συνεχῶς

276 886 356 926 ὑπὸ
393 893 470 926 τῶν
507 892 684 938 ποιητῶν
726 885 940 925 σκώπτεται
976 884 1043 925 καὶ
1086 883 1331 936 ὀνειδίζεται,
1375 884 1429 932 ὥς
1471 897 1571 936 φησι
1609 884 1853 940 Μένανδρος

275 949 354 987 κτλ.
403 947 599 1001 καθάρεια
618 945 755 997 Mein]
782 945 956 998 καθαρὰ.
1007 943 1124 997 ‘quae
1145 946 1345 985 sententia
1365 958 1486 996 quam
1505 959 1601 986 vera.
1626 946 1680 985 sit
1702 949 1852 986 norum:

277 1008 345 1058 qui
376 1008 418 1046 in
449 1007 604 1058 magnis
637 1006 803 1045 urbibus
835 1006 1074 1045 munditiem
1104 1007 1326 1045 multorum
1358 1005 1734 1059 animadverterint,
1765 1008 1849 1056 qui-

276 1069 348 1106 bus
371 1068 467 1116 plus
499 1070 552 1105 est
584 1067 792 1115 eleyantiae
823 1079 940 1115 quam
964 1061 1239 1105 mmcmorum'.
1302 1064 1438 1104 Cobet.
1459 1065 1509 1105 N.
1529 1066 1554 1104 l.
1578 1067 1644 1105 78.
1682 1067 1730 1106 cf.
1752 1068 1849 1106 501.

274 1127 420 1166 Eubul.
455 1128 551 1166 110.
601 1126 775 1165 Nicostr.
809 1128 846 1165 6.
895 1125 1085 1176 Amphid.
1117 1127 1184 1165 35.
1235 1125 1408 1175 Ephipp.
1443 1126 1510 1176 15,
1543 1127 1581 1164 3.

1017 1254 1104 1297 842

488 1339 604 1393 πύλη
636 1339 702 1388 τίς
733 1337 825 1380 ἐστι
862 1338 1087 1394 Ταινάρου
1118 1338 1228 1394 πρὸς
1260 1336 1469 1393 ἐσχάτοις.

395 1427 555 1465 Tzetzes
593 1425 789 1476 Lycophr.
822 1423 931 1463 Cass.
966 1426 1021 1463 90
1059 1422 1138 1463 ἔστι
1173 1423 1248 1476 γὰρ
1281 1422 1323 1463 ἕν
1359 1426 1412 1479 τῷ
1448 1423 1629 1480 Ταινάρῳ
1660 1429 1730 1475 τῆς
1761 1426 1848 1463 Λα-

274 1491 448 1538 κωνικῆς
479 1484 622 1536 στόμα,
659 1483 725 1523 καὶ
749 1481 892 1523 4Ἅιδου
923 1483 1108 1523 κάθοδον
1145 1482 1241 1523 αὐτὸ
1273 1481 1469 1537 λέγουσιν,
1501 1481 1555 1531 ὡς
1583 1481 1650 1522 καὶ
1680 1481 1848 1523 Μέναν-

274 1545 366 1597 δρός
407 1556 507 1597 φησι
537 1547 614 1584 κτλ.
677 1544 807 1583 Sohol.
837 1544 998 1583 Pindar.
1029 1544 1148 1594 Pyth.
1181 1546 1220 1594 4,
1255 1546 1308 1582 77
1343 1538 1400 1597 (p.
1434 1545 1517 1583 349
1552 1539 1744 1596 Boeckh.)
1782 1541 1847 1582 καὶ

273 1603 517 1657 Μένανδρος
547 1607 625 1643 κτλ.

1020 1684 1106 1726 843

485 1774 647 1825 πικροῦ
677 1766 902 1824 γέροντος,
935 1766 1216 1809 αὐθεκάστου
1247 1767 1326 1809 τὸν
1357 1768 1524 1823 τρόπον

390 1857 560 1895 Bekker.
592 1855 740 1894 Anecd.
774 1856 878 1904 462,
912 1856 965 1893 29
1010 1851 1158 1907 λέγεται
1199 1850 1241 1892 δὲ
1279 1851 1505 1892 αὐθέκαστα
1541 1851 1608 1893 καὶ
1644 1852 1691 1892 τὰ
1727 1852 1844 1893 αὐτό-

273 1930 375 1967 ματα
405 1913 472 1954 καὶ
504 1914 663 1967 σκληρά.
714 1912 956 1966 Μένανδρός
988 1924 1087 1966 φησι
1118 1916 1196 1952 κτλ.
1246 1914 1395 1952 ibidem
1424 1917 1490 1964 17,
1518 1915 1571 1953 26
1600 1911 1844 1965 Μένανδρος

272 1973 314 2014 δὲ
345 1974 409 2014 ἐπὶ
445 1981 515 2015 τοῦ
551 1979 696 2027 πικροῦ
732 1972 799 2013 καὶ
836 1972 988 2025 ἀηδοῦς
1025 1971 1175 2012 τέθεικε
1211 1971 1284 2023 τὴν
1314 1971 1418 2021 λέξιν
1447 1975 1524 2012 κτλ.
1593 1971 1661 2012 τὸν
1697 1971 1844 2025 τρόπον

274 2034 345 2085 17]
392 2041 461 2075 τοῦ
505 2034 651 2087 τρόπον
690 2036 789 2074 462.
843 2032 936 2081 τοὺς
979 2032 1150 2086 τρόπους
1192 2033 1311 2072 Mein.
1343 2033 1463 2072 aliter
1498 2033 1665 2073 Philam.
1698 2034 1773 2083 89,
1806 2034 1843 2072 7.

269 2095 470 2145 Posidipp.
506 2096 574 2134 40.

1017 2174 1103 2216 844

485 2255 640 2299 ἐλεεῑθ’
680 2257 703 2299 ὁ
735 2257 900 2311 ποιμὴν
930 2254 1004 2298 καὶ
1035 2259 1230 2298 καλεῖται
1261 2256 1544 2310 γλυκύτατος.

388 2345 558 2384 Bekker.
591 2344 741 2382 Aneed.
774 2344 901 2382 1368.
936 2345 959 2382 9
1001 2341 1093 2382 ἐλεῶ
1131 2341 1259 2390 ἐλεεῖς.
1319 2340 1386 2381 καὶ
1417 2340 1438 2381 ὃ
1469 2339 1711 2389 Μένανδρος
1749 2340 1839 2393 36⁷5-

268 2407 393 2444 λωσεν
425 2403 547 2443 εἰπών
578 2406 655 2442 κτλ.
706 2402 882 2441 Cramer.
901 2402 1050 2441 Anecd.
1070 2401 1140 2441 Ox.
1163 2403 1247 2441 IIII
1279 2403 1377 2452 420,
1411 2404 1435 2441 2
1468 2400 1576 2453 παρὰ
1607 2400 1838 2457 Μενάνδρῳ

269 2467 345 2503 κτλ.
396 2460 536 2503 ε’λεεΐθ’
573 2460 712 2512 Mein]
747 2460 916 2501 ἐλεεῖται.
964 2460 1219 2514 γλυκύτατος]
1257 2458 1451 2512 ἡδύτατος
1483 2461 1657 2500 Cramer.
1689 2461 1838 2500 Anecd.

1012 2590 1099 2632 845
1173 2612 1178 2615 -

484 2674 507 2716 ὁ
540 2672 679 2730 μηδὲν
710 2673 876 2716 ἀδικῶν
908 2672 1093 2722 οὐδενὸς
1125 2673 1263 2715 δεῖται
1295 2675 1451 2728 νόμου.

388 2761 620 2800 Boissonad.
641 2760 790 2800 Anecd.
809 2761 829 2798 I
858 2762 940 2799 124
967 2758 1215 2811 Μενάνδρου
1235 2762 1312 2798 κτλ.
1359 2757 1459 2810 πρὸς
1489 2757 1564 2812 γὰρ
1595 2756 1687 2805 τοὺς
1710 2771 1836 2808 πονη-

268 2820 363 2871 ρούς
394 2820 494 2859 εἰσιν
526 2820 568 2859 οἵ
594 2819 711 2871 νόμοι
736 2817 999 2871 ἐξευρημένοι.
1049 2819 1097 2858 cf.
1117 2819 1334 2868 Antiphan.
1357 2820 1454 2858 288.
1505 2817 1704 2857 sententia
1729 2817 1835 2855 eius—

267 2880 375 2918 modi
406 2882 468 2919 681)
498 2883 545 2918 ut
574 2882 746 2930 uterque
779 2893 826 2918 ea
855 2879 1034 2929 potuerit
1062 2878 1136 2917 uti.
