2014 3334
872 267 971 301 ΤΗΣ
995 265 1125 302 ΝΕΑΣ
1697 262 1785 304 419

207 377 284 433 ἐγώ
323 388 386 418 σοι
422 376 508 431 ἔχω
545 377 746 430 φράσαι,
784 376 928 425 αὐτὸς
964 373 1039 417 ἀπ’
1081 375 1289 429 ἐμαυτοῦ
1327 374 1518 427 μαθών,
1556 373 1631 415 οὐκ
1662 371 1784 414 ἄλλου

207 437 423 491 πειραθείς.
484 433 552 492 (5)
585 435 750 477 κάπειτα
780 436 1000 489 ἀρξάμενος
1030 439 1249 490 περιηγεῖτο
1281 434 1354 487 τὴν
1379 435 1476 487 ὅλην
1506 440 1577 475 τοῦ
1607 434 1785 486 ταμιείου

212 498 424 551 συμβᾶσαν
438 495 548 554 αὐτῷ
567 497 719 549 πάθην.
763 497 808 536 τί
837 492 924 537 οὖν
956 495 1031 549 ἄν,
1062 492 1183 548 εἶπεν,
1215 495 1281 535 ἔτι
1314 495 1481 547 Ζήνων
1512 493 1640 549 λέγοι
1670 492 1786 546 πρὸς

209 557 359 605 οὕτως
378 539 771 610 ὁμολογουμένην
791 556 857 596 διὰ
875 557 1037 597 πάντων
1055 555 1236 608 φανεράν
1256 570 1324 607 μοι
1349 554 1392 595 ἐν
1416 555 1585 595 τοιοῖσδε
1610 553 1787 594 ἀκατα-

209 617 408 670 ληψίαν;
454 613 498 665 ὃς
534 615 609 670 γὰρ
658 615 867 656 ἀπέκλεισα
913 614 985 668 μὲν
1030 620 1114 665 ταῖς
1159 615 1333 667 ἐμαυτοῦ
1379 615 1529 667 χερσίν,
1582 613 1701 662 αὐτὸς
1744 611 1788 653 δὲ

209 675 488 730 ἐσημηνάμην,
519 675 637 724 αὐτὸς
669 674 711 716 δὲ
743 675 883 729 ἀφῆκα
914 674 985 729 μὲν
1021 675 1113 716 εἴσω
1144 676 1212 715 τὸν
1244 674 1468 726 δακτύλιον,
1499 669 1623 722 αυθις
1654 670 1690 713 δ’
1726 671 1786 713 ἐλ-

208 734 300 777 θὼν
330 734 491 785 ἀνοίξας
520 734 589 776 τὸν
619 733 693 787 μὲν
724 736 934 777 δακτύλιον
971 733 1051 789 ὁρῶ
1083 734 1214 787 ἔνδον,
1246 733 1295 775 οὐ
1326 732 1460 787 μέντοι
1496 732 1563 773 καὶ
1596 732 1643 773 τὰ
1674 731 1787 784 άλλα,

207 801 293 844 πῶς
323 794 373 837 ού
411 795 573 844 δικαίως
609 794 878 844 ἀπιστούντως
914 799 995 844 τοῖς
1023 794 1250 849 πράγμασιν
1281 792 1373 843 εξω;
1412 793 1462 834 οὐ
1493 793 1568 847 γὰρ
1606 792 1786 845 τολμήσω

210 856 334 897 εἰπεῖν
357 854 491 910 ἔγωγε,
522 854 692 896 ἐλθόντα
722 855 810 907 τινὰ
840 854 983 908 κλέψαι
1013 860 1154 907 ταῦτα,
1191 853 1437 907 ὑπάρχοντος
1467 852 1587 894 ἔνδον
1616 858 1687 894 τοῦ
1716 853 1787 892 δα-

209 915 381 957 κτυλίου.
442 911 511 970 (6)
543 914 610 955 καὶ
640 912 684 964 ὃς
710 914 875 957 >ἀκούων
897 938 951 944 -
972 910 1025 967 ἧν
1053 914 1129 969 γὰρ
1160 913 1348 968 ὑβριστής
1379 936 1429 942 -
1459 912 1714 965 ἐκδεξάμενος
1743 911 1786 952 τὸ

209 981 292 1016 πᾶν
329 973 383 1024 ὡς
419 973 529 1028 ἔσχεν
571 973 760 1028 ἀκοῦσαι,
810 975 944 1028 μόλις
985 974 1065 1015 καὶ
1100 973 1336 1029 πρότερον
1367 972 1540 1014 ἑαυτοῦ
1569 970 1574 1027 Ι
1601 978 1786 1025 κρατῶν

209 1030 515 1090 ἀπέρρηξε(ν)
552 1033 729 1089 γέλωτα
765 1034 831 1076 καὶ
868 1035 991 1087 μάλα
1026 1034 1230 1087 πλατύν,
1269 1037 1394 1088 γελῶν
1431 1048 1470 1073 τε
1508 1031 1563 1073 ἔτι
1592 1031 1660 1072 καὶ
1690 1048 1786 1086 καγ-

208 1095 337 1148 χάζων
376 1094 576 1149 διήλεγχεν
613 1094 696 1147 ἅμα
732 1094 856 1136 αὐτοῦ
892 1093 966 1146 τὴν
996 1094 1239 1143 κενοδοξίαν.
1301 1093 1397 1134 ὥστε
1435 1092 1561 1133 ἔκτοτε
1591 1092 1788 1144 Λακύδης

208 1154 426 1208 ἀρξάμενος
463 1153 591 1195 οὐκέτι
628 1153 701 1206 μὲν
736 1154 805 1195 τὸν
843 1155 1053 1196 δακτύλιον
1090 1154 1165 1195 ἔσω
1204 1152 1433 1207 ἐνέβαλλεν,
1474 1151 1604 1194 οὐκέτι
1642 1150 1686 1192 δὲ
1715 1157 1787 1193 τοῦ

208 1214 384 1267 ταμιείου
434 1213 570 1267 ἐχρῆτο
613 1213 886 1271 ἀκαταληψία,
935 1214 1033 1255 ἀλλὰ
1082 1214 1350 1266 κατελάμβανε
1397 1212 1445 1252 τὰ
1483 1210 1679 1265 ἀφειμένα
1721 1210 1788 1252 καὶ

210 1274 338 1327 μάτην
375 1273 717 1326 ἐπεφιλοσοφήκει
798 1256 866 1329 (7)
899 1273 949 1315 ού
980 1272 1113 1327 μέντοι
1150 1273 1247 1314 ἀλλὰ
1278 1273 1324 1314 οι
1346 1288 1390 1327 γε
1424 1273 1563 1321 παῖδες
1593 1271 1787 1326 φόρτακες

210 1329 314 1387 ησαν
345 1332 411 1374 καὶ
442 1333 490 1375 οὐ
521 1332 672 1391 θάτέρα
702 1334 853 1386 ληπτοί,
884 1331 963 1375 οἷοι
994 1332 1037 1374 δὲ
1068 1329 1178 1375 οὗτοι
1209 1333 1251 1374 οἱ
1276 1331 1503 1390 κωμωδικοὶ
1535 1330 1680 1373 οἰκέται
1712 1329 1787 1386 (sic

210 1395 357 1434 Hirzel.
387 1407 461 1446 pro
491 1408 531 1434 τε
562 1376 662 1449 καὶ)
678 1392 793 1434 Γέται
834 1393 902 1434 καὶ
932 1396 1036 1435 Δᾶοι
1065 1389 1143 1449 (sio
1173 1394 1281 1434 Hirz.
1312 1407 1385 1445 pro
1418 1388 1564 1447 Δακοὶ)
1600 1390 1678 1432 κάκ
1719 1396 1789 1444 τῆς

210 1455 388 1506 Δακιονῆς
425 1450 614 1507 (Ἀττικῆς
639 1450 765 1507 Hirz.)
797 1457 929 1494 λαλεῖν
960 1453 1249 1508 στωμυλήθρας
1278 1450 1655 1506 κατεγλωττισμένοι.
1704 1450 1790 1491 ἐπεί

209 1528 248 1554 τε
280 1509 373 1569 (εἴτε
403 1512 511 1567 παρὰ
539 1509 668 1568 Hirz.)
705 1517 785 1562 τοῖς
818 1516 1012 1562 Στωικοῖς
1047 1513 1095 1554 τὰ
1132 1514 1355 1566 σοφίσματα
1390 1510 1572 1564 ήκουσαν
1608 1511 1682 1552 εἴτε
1721 1510 1789 1551 καὶ

209 1571 337 1621 αλλως
366 1571 660 1625 ἐκμαθόντες
695 1572 817 1614 ευθὺ
848 1579 931 1615 τοῦ
969 1573 1268 1626 τολμήματος
1297 1570 1422 1630 ᾐεσαν
1446 1570 1513 1613 καὶ
1543 1570 1788 1625 παρελύοντο

209 1631 283 1684 τὴν
314 1633 529 1687 σφραγῖδα,
558 1631 625 1673 καὶ
655 1631 738 1674 τοτὲ
769 1631 841 1685 μὲν
872 1631 1006 1687 ἑτέραν
1036 1631 1122 1674 ἀντ’
1157 1632 1311 1685 ἐκείνης
1341 1632 1596 1684 ὑπετίθεσαν,
1627 1629 1711 1672 τοτὲ
1743 1630 1786 1671 δὲ

210 1690 304 1734 ούδὲ
335 1690 492 1745 αλλην,
504 1692 570 1733 διὰ
600 1692 643 1733 τὸ
674 1693 833 1734 οἴεσθαι
862 1692 998 1750 ἐκείνῳ
1027 1709 1071 1747 γε
1102 1692 1355 1746 ἀκατάληπτα
1379 1692 1555 1744 ε’σεσθαι,
1586 1690 1653 1732 καὶ
1684 1690 1787 1732 οὕτω

209 1750 276 1793 καὶ
305 1749 442 1800 άλλως.
522 1748 589 1807 (8)
621 1750 643 1793 ὁ
675 1750 718 1793 δὲ
755 1752 946 1793 εἰσελθὼν
983 1752 1200 1794 ἐσκοπεῖτο·
1245 1752 1475 1805 ἀσήμαντον
1515 1750 1558 1792 δὲ
1591 1750 1633 1791 τὸ
1664 1766 1788 1805 γραμ-

210 1815 369 1864 ματεῖον
399 1816 582 1864 θεωρῶν,
612 1810 639 1864 ἢ
671 1811 968 1865 σεσημασμένον
998 1811 1082 1866 μὲν,
1114 1813 1304 1867 σφραγῖδι
1334 1810 1371 1852 δ’
1406 1811 1525 1868 άλλη,
1558 1809 1788 1865 ἠγανάκτει·

210 1878 291 1912 τῶν
322 1869 365 1911 δὲ
390 1871 639 1923 σεσημάνθαι
663 1871 870 1925 λεγόντων,
901 1872 1036 1921 αὐτοῖς
1065 1878 1166 1927 γοῦν
1191 1871 1264 1924 τὴν
1290 1873 1492 1926 σφραγῖδα
1517 1869 1693 1925 ὁρᾶσθαι
1716 1869 1789 1923 τὴν

212 1930 357 1983 αὐτήν,
400 1929 767 1985 ήκριβολογεῖτο
810 1930 868 1972 ἂν
904 1931 984 1972 καὶ
1020 1931 1325 1973 ἀπεδείκνυε·
1368 1938 1447 1972 τῶν
1483 1928 1520 1971 δ’
1554 1928 1790 1983 ἡττωμένων

211 1997 256 2046 τῇ
288 1989 487 2039 ἀποδείξει
516 1989 582 2031 καὶ
607 1986 813 2043 φαμένων,
844 1991 881 2032 εἰ
903 1991 958 2044 μή
984 2006 1019 2032 τι
1045 1988 1200 2046 (μηκέτι
1219 1988 1347 2045 Hirz.)
1381 1991 1535 2032 ἔπεστιν
1554 1988 1581 2043 ἡ
1608 1991 1790 2045 σφραγίς,

211 2049 334 2090 αὑτὸν
366 2049 459 2098 ἴσως
490 2049 746 2103 ἐπιλελησθαι
775 2049 842 2091 καὶ
873 2049 926 2103 μὴ
961 2051 1234 2104 σημήνασθαι·
1277 2050 1344 2092 καὶ
1374 2050 1456 2103 μὴν
1486 2049 1606 2099 αὑτός
1635 2065 1679 2104 γε
1710 2050 1789 2103 ἔφη

213 2109 492 2162 σημηνάμενος
529 2110 796 2162 μνημονεύειν
831 2110 899 2151 καὶ
934 2110 1168 2152 ἀπεδείκνυε
1205 2110 1273 2151 καὶ
1307 2109 1460 2168 περιῄει
1497 2112 1550 2167 τῷ
1587 2110 1690 2167 λόγῳ
1721 2109 1789 2150 καὶ

211 2168 488 2223 ἐδεινολογεΐτο
519 2168 618 2223 πρὸς
642 2169 789 2219 αὐτοὺς
822 2170 1004 2223 οἰόμενος
1035 2172 1246 2220 παίζεσθαι
1276 2170 1343 2211 καὶ
1373 2170 1650 2224 προσώμνυεν.
1721 2166 1787 2225 (9)

212 2229 262 2270 οἷ
298 2226 336 2269 δ’
376 2228 704 2283 ὑπολαβόντες
746 2229 828 2278 τὰς
869 2231 1142 2284 προσβολὰς
1186 2230 1374 2272 ἐκείνου
1419 2229 1536 2271 αὐτοί
1575 2245 1618 2284 γε
1663 2226 1789 2286 ῳόντο

212 2289 403 2344 (fortasse
439 2286 624 2356 ᾐτιῶντο)
660 2286 730 2330 ὑπ’
773 2289 898 2331 αὐτοῦ
934 2291 1161 2340 παίζεσθαι·
1206 2290 1290 2332 ἐπεὶ
1327 2293 1441 2348 σοφῷ
1472 2305 1516 2344 γε
1554 2288 1638 2330 όντι
1676 2289 1791 2330 δεδό-

211 2352 308 2401 χθαι
338 2351 392 2388 τῶ
422 2347 595 2406 Λακύδῃ
626 2344 728 2390 εἶναι
758 2348 976 2408 ἀδοξάστῳ,
1013 2350 1110 2391 ὥστε
1141 2350 1208 2391 καὶ
1245 2350 1549 2406 ἀμνημονεύτῳ·
1593 2348 1789 2402 μνήμην

211 2406 298 2461 γὰρ
330 2423 348 2448 ε
375 2423 455 2448 ναι
486 2407 648 2457 δόξαν·
680 2407 844 2463 ἔναγχος
874 2416 976 2464 γοῦν
1000 2417 1070 2451 τοῦ
1102 2410 1248 2463 χρόνου
1279 2409 1435 2463 εφασαν
1467 2409 1637 2450 ἀκοῦσαι
1667 2414 1790 2449 ταῦτα

214 2466 338 2507 αὐτοῦ
363 2466 462 2520 πρὸς
486 2467 578 2516 τοὺς
602 2469 745 2519 φίλους
778 2465 977 2524 (λέγοντος
997 2471 1086 2511 add.
1106 2466 1246 2525 Hirz..)
1308 2466 1406 2525 (10)
1438 2475 1509 2511 τοῦ
1535 2467 1578 2509 δὲ
1603 2467 1789 2521 ἀναστρέ-

213 2542 360 2578 φοντος
391 2525 526 2575 αὐτοῖς
555 2526 623 2576 τὰς
654 2527 908 2582 ἐπιχειρήσεις
947 2529 1014 2570 καὶ
1044 2528 1227 2584 λέγοντος
1257 2529 1332 2570 οὐκ
1358 2528 1646 2581 Ἀκαδημαϊκά,
1677 2527 1790 2570 αὐτοὶ

213 2592 427 2638 φοιτῶντες
469 2586 524 2635 εἰς
563 2590 753 2629 Στωικῶν
789 2603 896 2637 τινος
936 2588 984 2629 τὰ
1021 2588 1153 2630 λεκτέα
1190 2589 1344 2638 ἑαυτοῖς
1381 2588 1687 2641 ἀνεμάνθανον,
1718 2587 1789 2629 κά-

213 2650 350 2686 κεῖθεν
375 2644 587 2699 ἀρξάμενοι
610 2645 942 2699 ἀντεσοφίστευον
967 2648 1034 2689 καὶ
1058 2644 1162 2702 ἦσαν
1193 2648 1408 2702 ἀντίτεχνοι
1438 2647 1597 2689 κλέπται
1621 2645 1789 2700 Ἀκαδη-

214 2706 359 2758 μαϊκοί.
420 2703 442 2745 ὅ
481 2703 524 2746 δὲ
561 2713 733 2755 στωικῶς
769 2704 849 2763 (sio
879 2709 987 2749 Hirz.
1027 2723 1100 2760 pro
1133 2706 1314 2762 στωικὸς)
1347 2707 1624 2749 ἐνεκάλει·οί
1650 2708 1790 2756 παῖδες

215 2763 258 2805 δε
287 2764 334 2805 τὰ
365 2764 585 2819 ἐγκλήματα
614 2765 813 2819 παρέλυον
844 2766 951 2824 αυτῷ
976 2767 1056 2808 ὑπὸ
1087 2767 1380 2821 ἀκαταληψίας,
1421 2768 1495 2809 οὐκ
1525 2765 1623 2808 άνευ
1658 2772 1788 2808 τωθα-

215 2830 324 2877 σμῶν
342 2831 474 2865 τινῶν.
537 2820 633 2879 (11)
666 2826 911 2880 διατριβαὶ
945 2822 1020 2868 οὖν
1048 2823 1152 2880 ἦσαν
1182 2828 1344 2868 πάντων
1376 2823 1552 2882 (πάντ’)
1586 2826 1687 2868 ἐκεῖ
1711 2826 1790 2868 καὶ

216 2884 348 2938 λόγοι
375 2884 381 2934 Ι
408 2883 486 2924 καὶ
517 2883 808 2939 ἀντιλογίαι,
838 2885 906 2927 καὶ
930 2887 980 2927 ἓν
1005 2885 1126 2927 οὐδὲν
1152 2887 1195 2928 ἐν
1220 2891 1272 2944 τῷ
1298 2886 1402 2943 μέσῳ
1428 2887 1683 2939 κατελείπετο,
1714 2887 1790 2928 οὐκ

215 2942 387 2998 ἀγγεῖον,
418 2943 467 2985 οὐ
498 2950 576 2985 τῶν
601 2943 644 2985 ἐν
675 2943 817 3002 ἀγγείω
849 2945 1083 2999 τιθεμένων,
1115 2946 1189 3000 οὐχ
1213 2947 1286 2987 οσα
1310 2947 1366 2996 εἰς
1391 2948 1518 2996 οἰκίας
1542 2946 1789 2998 κατασκευὴν

1430 3014 1503 3051 27*
