<?xml version="1.0" encoding="UTF-8"?>
<!DOCTYPE html PUBLIC "-//W3C//DTD XHTML 1.0 Transitional//EN"
    "http://www.w3.org/TR/xhtml1/DTD/xhtml1-transitional.dtd">
<html xmlns="http://www.w3.org/1999/xhtml" xml:lang="en" lang="en">
 <head>
  <title>
</title>
<meta http-equiv="Content-Type" content="text/html;charset=utf-8" />
  <meta name='ocr-system' content='tesseract 3.04.00' />
  <meta name='ocr-capabilities' content='ocr_page ocr_carea ocr_par ocr_line ocrx_word'/>
</head>
<body>
  <div class='ocr_page' id='page_1' title='image "./comicorumatticor03kockuoft_0490.png"; bbox 0 0 2014 3334; ppageno 0'>
   <div class='ocr_carea' id='block_1_1' title="bbox 1791 0 2014 57">
    <p class='ocr_par' dir='ltr' id='par_1_1' title="bbox 1791 0 2014 57">
     <span class='ocr_line' id='line_1_1' title="bbox 1791 0 2014 57; baseline 0 3277"><span class='ocrx_word' id='word_1_1' title='bbox 1791 0 2014 57; x_wconf 95' lang='lat' dir='ltr'><em> </em></span> 
     </span>
    </p>
   </div>
   <div class='ocr_carea' id='block_1_2' title="bbox 244 208 1158 280">
    <p class='ocr_par' dir='ltr' id='par_1_2' title="bbox 244 208 1158 280">
     <span class='ocr_line' id='line_1_2' title="bbox 244 208 1158 280; baseline -0.009 0"><span class='ocrx_word' id='word_1_2' title='bbox 244 238 333 280; x_wconf 84' lang='lat'><em>470</em></span> <span class='ocrx_word' id='word_1_3' title='bbox 618 246 620 251; x_wconf 64' lang='grc'>’</span> <span class='ocrx_word' id='word_1_4' title='bbox 896 208 1158 274; x_wconf 65' lang='grc' dir='ltr'><strong>ΑΔΕΣΠΟΤΑ</strong></span> 
     </span>
    </p>
   </div>
   <div class='ocr_carea' id='block_1_3' title="bbox 245 346 1857 1889">
    <p class='ocr_par' dir='ltr' id='par_1_3' title="bbox 246 346 1857 762">
     <span class='ocr_line' id='line_1_3' title="bbox 248 346 1857 404; baseline 0.002 -15"><span class='ocrx_word' id='word_1_5' title='bbox 248 348 443 400; x_wconf 83' lang='grc' dir='ltr'><strong><em>φθόνον</em></strong></span> <span class='ocrx_word' id='word_1_6' title='bbox 489 347 538 388; x_wconf 80' lang='grc' dir='ltr'><em>ἐν</em></span> <span class='ocrx_word' id='word_1_7' title='bbox 587 348 826 404; x_wconf 76' lang='grc' dir='ltr'><em>Τανάγρᾳ,</em></span> <span class='ocrx_word' id='word_1_8' title='bbox 869 346 953 399; x_wconf 80' lang='grc' dir='ltr'><em>τὴν</em></span> <span class='ocrx_word' id='word_1_9' title='bbox 996 349 1300 400; x_wconf 79' lang='grc' dir='ltr'><em>φιλονεικίαν</em></span> <span class='ocrx_word' id='word_1_10' title='bbox 1343 349 1391 390; x_wconf 92' lang='grc' dir='ltr'><em>ε’ν</em></span> <span class='ocrx_word' id='word_1_11' title='bbox 1435 351 1681 403; x_wconf 81' lang='grc' dir='ltr'><em>Θεσπιαῖς,</em></span> <span class='ocrx_word' id='word_1_12' title='bbox 1728 349 1814 403; x_wconf 79' lang='grc' dir='ltr'><em>τὴν</em></span> <span class='ocrx_word' id='word_1_13' title='bbox 1853 394 1857 398; x_wconf 72' lang='grc'><em>,</em></span> 
     </span>
     <span class='ocr_line' id='line_1_4' title="bbox 246 405 1815 463; baseline 0.001 -15"><span class='ocrx_word' id='word_1_14' title='bbox 246 408 390 461; x_wconf 79' lang='grc' dir='ltr'><em>ὕβριν</em></span> <span class='ocrx_word' id='word_1_15' title='bbox 416 407 466 447; x_wconf 82' lang='grc' dir='ltr'><em>ἐν</em></span> <span class='ocrx_word' id='word_1_16' title='bbox 495 407 697 460; x_wconf 81' lang='grc' dir='ltr'><em>Θήβαις,</em></span> <span class='ocrx_word' id='word_1_17' title='bbox 729 406 812 459; x_wconf 78' lang='grc' dir='ltr'><em>τὴν</em></span> <span class='ocrx_word' id='word_1_18' title='bbox 837 408 1119 456; x_wconf 79' lang='grc' dir='ltr'><em>πλεονεξίαν</em></span> <span class='ocrx_word' id='word_1_19' title='bbox 1145 407 1196 448; x_wconf 82' lang='grc' dir='ltr'><em>ἒν-</em></span> <span class='ocrx_word' id='word_1_20' title='bbox 1214 405 1490 461; x_wconf 79' lang='grc' dir='ltr'><em>Ἀνθηδόνι,</em></span> <span class='ocrx_word' id='word_1_21' title='bbox 1521 408 1604 461; x_wconf 80' lang='grc' dir='ltr'><em>τὴν</em></span> <span class='ocrx_word' id='word_1_22' title='bbox 1628 424 1815 463; x_wconf 90' lang='grc' dir='ltr'><em>περιερ-</em></span> 
     </span>
     <span class='ocr_line' id='line_1_5' title="bbox 246 466 1814 523; baseline 0.002 -16"><span class='ocrx_word' id='word_1_23' title='bbox 246 469 356 522; x_wconf 92' lang='grc' dir='ltr'><em>γίαν</em></span> <span class='ocrx_word' id='word_1_24' title='bbox 386 466 435 507; x_wconf 81' lang='grc' dir='ltr'><em>ἕν</em></span> <span class='ocrx_word' id='word_1_25' title='bbox 466 468 737 523; x_wconf 72' lang='grc' dir='ltr'><em>Κορωνείᾳ,</em></span> <span class='ocrx_word' id='word_1_26' title='bbox 776 466 823 507; x_wconf 83' lang='grc' dir='ltr'><em>ἐν</em></span> <span class='ocrx_word' id='word_1_27' title='bbox 854 469 1118 515; x_wconf 81' lang='grc' dir='ltr'><em>Πλαταιαῖς</em></span> <span class='ocrx_word' id='word_1_28' title='bbox 1155 466 1241 519; x_wconf 84' lang='grc' dir='ltr'><em>τὴν</em></span> <span class='ocrx_word' id='word_1_29' title='bbox 1279 467 1582 520; x_wconf 80' lang='grc' dir='ltr'><em>ἀλαζονείαν,</em></span> <span class='ocrx_word' id='word_1_30' title='bbox 1618 468 1697 510; x_wconf 90' lang='grc' dir='ltr'><em>τὸν</em></span> <span class='ocrx_word' id='word_1_31' title='bbox 1726 483 1814 510; x_wconf 88' lang='grc' dir='ltr'><em>πυ-</em></span> 
     </span>
     <span class='ocr_line' id='line_1_6' title="bbox 248 523 1815 585; baseline 0.001 -19"><span class='ocrx_word' id='word_1_32' title='bbox 248 526 381 579; x_wconf 87' lang='grc' dir='ltr'><em>ρετὸν</em></span> <span class='ocrx_word' id='word_1_33' title='bbox 419 525 468 566; x_wconf 80' lang='grc' dir='ltr'><em>ἐν</em></span> <span class='ocrx_word' id='word_1_34' title='bbox 495 523 744 582; x_wconf 78' lang='grc' dir='ltr'><em>Ὀγχηστῷ,</em></span> <span class='ocrx_word' id='word_1_35' title='bbox 781 525 865 577; x_wconf 82' lang='grc' dir='ltr'><em>τὴν</em></span> <span class='ocrx_word' id='word_1_36' title='bbox 902 526 1229 578; x_wconf 82' lang='grc' dir='ltr'><em>ἀναισθησίαν</em></span> <span class='ocrx_word' id='word_1_37' title='bbox 1267 526 1315 568; x_wconf 79' lang='grc' dir='ltr'><em>ἐν</em></span> <span class='ocrx_word' id='word_1_38' title='bbox 1340 525 1573 585; x_wconf 76' lang='grc' dir='ltr'><em>Ἀλιάρτῳ.</em></span> <span class='ocrx_word' id='word_1_39' title='bbox 1629 525 1725 568; x_wconf 91' lang='grc' dir='ltr'><em>τάδ’</em></span> <span class='ocrx_word' id='word_1_40' title='bbox 1766 528 1815 569; x_wconf 77' lang='grc' dir='ltr'><em>ἐκ</em></span> 
     </span>
     <span class='ocr_line' id='line_1_7' title="bbox 248 582 1816 640; baseline 0.001 -14"><span class='ocrx_word' id='word_1_41' title='bbox 248 587 399 638; x_wconf 81' lang='grc' dir='ltr'><em>πάσης</em></span> <span class='ocrx_word' id='word_1_42' title='bbox 424 591 504 638; x_wconf 78' lang='grc' dir='ltr'><em>τῆς</em></span> <span class='ocrx_word' id='word_1_43' title='bbox 522 582 748 634; x_wconf 81' lang='grc' dir='ltr'><em>Ἑλλάδος</em></span> <span class='ocrx_word' id='word_1_44' title='bbox 773 584 1080 638; x_wconf 82' lang='grc' dir='ltr'><em>ἀκληρήματα</em></span> <span class='ocrx_word' id='word_1_45' title='bbox 1105 586 1171 634; x_wconf 86' lang='grc' dir='ltr'><em>εἰς</em></span> <span class='ocrx_word' id='word_1_46' title='bbox 1195 585 1275 635; x_wconf 80' lang='grc' dir='ltr'><em>τὰς</em></span> <span class='ocrx_word' id='word_1_47' title='bbox 1299 593 1380 640; x_wconf 82' lang='grc' dir='ltr'><em>τῆς</em></span> <span class='ocrx_word' id='word_1_48' title='bbox 1399 588 1629 636; x_wconf 83' lang='grc' dir='ltr'><em>Βοιωτίας</em></span> <span class='ocrx_word' id='word_1_49' title='bbox 1652 587 1816 636; x_wconf 86' lang='grc' dir='ltr'><em>πόλεις</em></span> 
     </span>
     <span class='ocr_line' id='line_1_8' title="bbox 248 644 1815 703; baseline 0.002 -18"><span class='ocrx_word' id='word_1_50' title='bbox 248 645 495 698; x_wconf 83' lang='grc' dir='ltr'><em>κατερρύη.</em></span> <span class='ocrx_word' id='word_1_51' title='bbox 550 646 593 684; x_wconf 90' lang='lat' dir='ltr'><strong>in</strong></span> <span class='ocrx_word' id='word_1_52' title='bbox 627 646 690 685; x_wconf 86' lang='lat' dir='ltr'><em>his</em></span> <span class='ocrx_word' id='word_1_53' title='bbox 728 645 1045 700; x_wconf 81' lang='grc' dir='ltr'><em>αἰσχροκερδίαν,</em></span> <span class='ocrx_word' id='word_1_54' title='bbox 1082 646 1328 698; x_wconf 80' lang='grc' dir='ltr'><em>θεσπεσίαις,</em></span> <span class='ocrx_word' id='word_1_55' title='bbox 1366 648 1558 703; x_wconf 87' lang='grc' dir='ltr'><em>κορωνίᾳ,</em></span> <span class='ocrx_word' id='word_1_56' title='bbox 1589 644 1815 699; x_wconf 81' lang='grc' dir='ltr'><em>ἀλαζονίαν,</em></span> 
     </span>
     <span class='ocr_line' id='line_1_9' title="bbox 250 703 660 762; baseline -0.005 -16"><span class='ocrx_word' id='word_1_57' title='bbox 250 703 422 762; x_wconf 79' lang='grc' dir='ltr'><em>ὀσχήστῳ</em></span> <span class='ocrx_word' id='word_1_58' title='bbox 454 705 538 745; x_wconf 92' lang='lat' dir='ltr'><strong>cod.</strong></span> <span class='ocrx_word' id='word_1_59' title='bbox 570 705 660 744; x_wconf 85' lang='lat' dir='ltr'><strong>Par.</strong></span> 
     </span>
    </p>

    <p class='ocr_par' dir='ltr' id='par_1_4' title="bbox 245 762 1820 1889">
     <span class='ocr_line' id='line_1_10' title="bbox 369 762 1816 820; baseline 0.001 -16"><span class='ocrx_word' id='word_1_60' title='bbox 369 779 413 804; x_wconf 86' lang='lat' dir='ltr'><strong>ex</strong></span> <span class='ocrx_word' id='word_1_61' title='bbox 434 765 637 804; x_wconf 84' lang='lat' dir='ltr'>comoedia</span> <span class='ocrx_word' id='word_1_62' title='bbox 655 766 752 803; x_wconf 90' lang='lat' dir='ltr'><strong>haec</strong></span> <span class='ocrx_word' id='word_1_63' title='bbox 773 766 959 815; x_wconf 86' lang='lat' dir='ltr'><strong>excerpta</strong></span> <span class='ocrx_word' id='word_1_64' title='bbox 978 777 1062 804; x_wconf 89' lang='lat' dir='ltr'><strong>esse</strong></span> <span class='ocrx_word' id='word_1_65' title='bbox 1083 766 1282 804; x_wconf 84' lang='lat' dir='ltr'><strong>sententia</strong></span> <span class='ocrx_word' id='word_1_66' title='bbox 1311 768 1372 806; x_wconf 89' lang='lat' dir='ltr'><em>est</em></span> <span class='ocrx_word' id='word_1_67' title='bbox 1390 766 1438 805; x_wconf 92' lang='lat' dir='ltr'><em>A.</em></span> <span class='ocrx_word' id='word_1_68' title='bbox 1458 767 1631 806; x_wconf 87' lang='lat' dir='ltr'><strong>Nauckii</strong></span> <span class='ocrx_word' id='word_1_69' title='bbox 1652 762 1816 820; x_wconf 88' lang='lat' dir='ltr'><strong>(Philol.</strong></span> 
     </span>
     <span class='ocr_line' id='line_1_11' title="bbox 249 818 1816 878; baseline 0.002 -16"><span class='ocrx_word' id='word_1_70' title='bbox 249 825 306 863; x_wconf 91' lang='lat' dir='ltr'><em>VI</em></span> <span class='ocrx_word' id='word_1_71' title='bbox 339 826 423 864; x_wconf 82' lang='lat'><em>425</em></span> <span class='ocrx_word' id='word_1_72' title='bbox 441 818 517 878; x_wconf 85' lang='lat' dir='ltr'><strong>sq.)</strong></span> <span class='ocrx_word' id='word_1_73' title='bbox 556 825 614 863; x_wconf 87' lang='lat' dir='ltr'><strong>ita</strong></span> <span class='ocrx_word' id='word_1_74' title='bbox 644 825 726 863; x_wconf 88' lang='lat' dir='ltr'><strong>fere</strong></span> <span class='ocrx_word' id='word_1_75' title='bbox 764 826 923 874; x_wconf 87' lang='lat' dir='ltr'><strong>poetam</strong></span> <span class='ocrx_word' id='word_1_76' title='bbox 956 825 1160 875; x_wconf 84' lang='lat' dir='ltr'><strong>scripsisse</strong></span> <span class='ocrx_word' id='word_1_77' title='bbox 1193 826 1407 865; x_wconf 77' lang='lat' dir='ltr'><strong>censentis:</strong></span> <span class='ocrx_word' id='word_1_78' title='bbox 1447 823 1519 877; x_wconf 79' lang='grc' dir='ltr'><em>τὴν</em></span> <span class='ocrx_word' id='word_1_79' title='bbox 1558 823 1630 877; x_wconf 82' lang='grc' dir='ltr'><em>μὲν</em></span> <span class='ocrx_word' id='word_1_80' title='bbox 1660 825 1816 878; x_wconf 83' lang='grc' dir='ltr'><em>αἰσχρο-</em></span> 
     </span>
     <span class='ocr_line' id='line_1_12' title="bbox 248 880 1817 939; baseline 0.001 -15"><span class='ocrx_word' id='word_1_81' title='bbox 248 884 407 936; x_wconf 89' lang='grc' dir='ltr'><em>κερδίαν</em></span> <span class='ocrx_word' id='word_1_82' title='bbox 441 880 447 935; x_wconf 96' lang='grc' dir='ltr'>Ι</span> <span class='ocrx_word' id='word_1_83' title='bbox 481 883 669 923; x_wconf 85' lang='grc' dir='ltr'><em>σύνοικον</em></span> <span class='ocrx_word' id='word_1_84' title='bbox 694 880 884 939; x_wconf 79' lang='grc' dir='ltr'><em>Ὠρωπῷ,</em></span> <span class='ocrx_word' id='word_1_85' title='bbox 926 884 1109 939; x_wconf 90' lang='grc' dir='ltr'><em>Τανάγρᾳ</em></span> <span class='ocrx_word' id='word_1_86' title='bbox 1146 882 1188 923; x_wconf 82' lang='grc' dir='ltr'><em>δὲ</em></span> <span class='ocrx_word' id='word_1_87' title='bbox 1223 883 1291 924; x_wconf 89' lang='grc' dir='ltr'><em>τὸν</em></span> <span class='ocrx_word' id='word_1_88' title='bbox 1322 884 1498 936; x_wconf 81' lang='grc' dir='ltr'><em>φθόνον,</em></span> <span class='ocrx_word' id='word_1_89' title='bbox 1532 885 1538 934; x_wconf 93' lang='grc' dir='ltr'>Ι</span> <span class='ocrx_word' id='word_1_90' title='bbox 1572 884 1817 936; x_wconf 84' lang='grc' dir='ltr'><em>φιλονεικίαν</em></span> 
     </span>
     <span class='ocr_line' id='line_1_13' title="bbox 251 940 1812 998; baseline 0.001 -15"><span class='ocrx_word' id='word_1_91' title='bbox 251 941 292 983; x_wconf 81' lang='grc' dir='ltr'><em>δὲ</em></span> <span class='ocrx_word' id='word_1_92' title='bbox 328 944 533 993; x_wconf 88' lang='grc' dir='ltr'><em>Θεσπιαῖς,</em></span> <span class='ocrx_word' id='word_1_93' title='bbox 575 941 725 995; x_wconf 79' lang='grc' dir='ltr'><em>Θήβαις</em></span> <span class='ocrx_word' id='word_1_94' title='bbox 755 942 894 996; x_wconf 74' lang='grc' dir='ltr'><em>ὕβριν,</em></span> <span class='ocrx_word' id='word_1_95' title='bbox 928 946 934 992; x_wconf 94' lang='grc' dir='ltr'>Ι</span> <span class='ocrx_word' id='word_1_96' title='bbox 972 943 1200 991; x_wconf 81' lang='grc' dir='ltr'><em>πλεονεξίαν</em></span> <span class='ocrx_word' id='word_1_97' title='bbox 1227 940 1443 995; x_wconf 80' lang='grc' dir='ltr'><em>Ἀνθηδόνι</em></span> <span class='ocrx_word' id='word_1_98' title='bbox 1473 943 1539 984; x_wconf 83' lang='grc' dir='ltr'><em>καὶ</em></span> <span class='ocrx_word' id='word_1_99' title='bbox 1568 941 1812 998; x_wconf 84' lang='grc' dir='ltr'><em>περιεργίανΙ</em></span> 
     </span>
     <span class='ocr_line' id='line_1_14' title="bbox 249 999 1813 1056; baseline 0 -13"><span class='ocrx_word' id='word_1_100' title='bbox 249 1003 508 1055; x_wconf 89' lang='grc' dir='ltr'><em>Κορωνίοισι,</em></span> <span class='ocrx_word' id='word_1_101' title='bbox 551 1007 596 1056; x_wconf 81' lang='grc' dir='ltr'><em>τῇ</em></span> <span class='ocrx_word' id='word_1_102' title='bbox 641 999 683 1041; x_wconf 81' lang='grc' dir='ltr'><em>δὲ</em></span> <span class='ocrx_word' id='word_1_103' title='bbox 721 1000 951 1041; x_wconf 85' lang='grc' dir='ltr'><em>Πλαταιέων</em></span> <span class='ocrx_word' id='word_1_104' title='bbox 989 1002 1099 1042; x_wconf 87' lang='grc' dir='ltr'><em>πόλει</em></span> <span class='ocrx_word' id='word_1_105' title='bbox 1133 999 1139 1054; x_wconf 96' lang='grc' dir='ltr'>Ι</span> <span class='ocrx_word' id='word_1_106' title='bbox 1166 1001 1417 1054; x_wconf 81' lang='grc' dir='ltr'><em>ἀλαζονείαν,</em></span> <span class='ocrx_word' id='word_1_107' title='bbox 1460 1002 1527 1043; x_wconf 92' lang='grc' dir='ltr'><em>τὸν</em></span> <span class='ocrx_word' id='word_1_108' title='bbox 1567 1002 1736 1056; x_wconf 90' lang='grc' dir='ltr'><em>πυρετὸν</em></span> <span class='ocrx_word' id='word_1_109' title='bbox 1777 1000 1813 1043; x_wconf 84' lang='grc' dir='ltr'><em>δ’</em></span> 
     </span>
     <span class='ocr_line' id='line_1_15' title="bbox 245 1058 1818 1115; baseline 0 -13"><span class='ocrx_word' id='word_1_110' title='bbox 245 1060 493 1115; x_wconf 88' lang='grc' dir='ltr'><em>Ὀγχηστιόις,</em></span> <span class='ocrx_word' id='word_1_111' title='bbox 526 1065 533 1109; x_wconf 91' lang='grc' dir='ltr'>Ι</span> <span class='ocrx_word' id='word_1_112' title='bbox 560 1058 793 1113; x_wconf 74' lang='grc' dir='ltr'><em>Ἁλιαρτίοις</em></span> <span class='ocrx_word' id='word_1_113' title='bbox 824 1059 866 1100; x_wconf 80' lang='grc' dir='ltr'><em>δὲ</em></span> <span class='ocrx_word' id='word_1_114' title='bbox 902 1060 975 1112; x_wconf 78' lang='grc' dir='ltr'><em>τὴν</em></span> <span class='ocrx_word' id='word_1_115' title='bbox 1007 1060 1252 1113; x_wconf 87' lang='grc' dir='ltr'><em>ἀναίσθητον</em></span> <span class='ocrx_word' id='word_1_116' title='bbox 1290 1063 1424 1112; x_wconf 90' lang='grc' dir='ltr'><em>φύσιν.</em></span> <span class='ocrx_word' id='word_1_117' title='bbox 1458 1064 1464 1113; x_wconf 93' lang='grc' dir='ltr'>Ι</span> <span class='ocrx_word' id='word_1_118' title='bbox 1497 1062 1626 1114; x_wconf 87' lang='grc' dir='ltr'><em>πάσης</em></span> <span class='ocrx_word' id='word_1_119' title='bbox 1656 1059 1740 1102; x_wconf 87' lang='grc' dir='ltr'><em>τάδ’</em></span> <span class='ocrx_word' id='word_1_120' title='bbox 1774 1062 1818 1103; x_wconf 79' lang='grc' dir='ltr'><em>ἐκ</em></span> 
     </span>
     <span class='ocr_line' id='line_1_16' title="bbox 250 1118 1815 1178; baseline 0.001 -17"><span class='ocrx_word' id='word_1_121' title='bbox 250 1128 318 1174; x_wconf 78' lang='grc' dir='ltr'><em>τῆς</em></span> <span class='ocrx_word' id='word_1_122' title='bbox 342 1119 531 1168; x_wconf 88' lang='grc' dir='ltr'><em>Ἑλλάδος</em></span> <span class='ocrx_word' id='word_1_123' title='bbox 563 1119 816 1173; x_wconf 83' lang='grc' dir='ltr'><em>ἀκληρήματα</em></span> <span class='ocrx_word' id='word_1_124' title='bbox 844 1118 848 1172; x_wconf 82' lang='grc' dir='ltr'>Ι</span> <span class='ocrx_word' id='word_1_125' title='bbox 877 1121 1066 1169; x_wconf 86' lang='grc' dir='ltr'><em>Βοιωτίας</em></span> <span class='ocrx_word' id='word_1_126' title='bbox 1097 1120 1136 1168; x_wconf 81' lang='grc' dir='ltr'><em>ἐς</em></span> <span class='ocrx_word' id='word_1_127' title='bbox 1167 1120 1234 1178; x_wconf 69' lang='grc' dir='ltr'><em>τᾲς</em></span> <span class='ocrx_word' id='word_1_128' title='bbox 1264 1121 1394 1169; x_wconf 88' lang='grc' dir='ltr'><em>πόλεις</em></span> <span class='ocrx_word' id='word_1_129' title='bbox 1425 1122 1628 1176; x_wconf 86' lang='grc' dir='ltr'><em>κατερρύη.</em></span> <span class='ocrx_word' id='word_1_130' title='bbox 1669 1123 1712 1161; x_wconf 87' lang='lat' dir='ltr'><strong>in</strong></span> <span class='ocrx_word' id='word_1_131' title='bbox 1730 1123 1815 1173; x_wconf 87' lang='lat' dir='ltr'><strong>qui-</strong></span> 
     </span>
     <span class='ocr_line' id='line_1_17' title="bbox 252 1177 1818 1233; baseline 0.001 -13"><span class='ocrx_word' id='word_1_132' title='bbox 252 1184 325 1221; x_wconf 89' lang='lat' dir='ltr'><em>bus</em></span> <span class='ocrx_word' id='word_1_133' title='bbox 358 1184 399 1220; x_wconf 94' lang='lat' dir='ltr'><strong>et</strong></span> <span class='ocrx_word' id='word_1_134' title='bbox 437 1183 529 1220; x_wconf 87' lang='lat' dir='ltr'><strong>sunt</strong></span> <span class='ocrx_word' id='word_1_135' title='bbox 567 1193 667 1231; x_wconf 87' lang='lat' dir='ltr'><strong>quae</strong></span> <span class='ocrx_word' id='word_1_136' title='bbox 707 1177 944 1230; x_wconf 75' lang='lat' dir='ltr'><strong>displiceant</strong></span> <span class='ocrx_word' id='word_1_137' title='bbox 982 1183 1022 1220; x_wconf 88' lang='lat' dir='ltr'><strong>et</strong></span> <span class='ocrx_word' id='word_1_138' title='bbox 1061 1182 1158 1232; x_wconf 86' lang='lat' dir='ltr'><strong>quid</strong></span> <span class='ocrx_word' id='word_1_139' title='bbox 1188 1182 1269 1220; x_wconf 88' lang='lat' dir='ltr'><strong>sint</strong></span> <span class='ocrx_word' id='word_1_140' title='bbox 1299 1179 1571 1233; x_wconf 81' lang='grc' dir='ltr'><em>ἀκληρήματα,</em></span> <span class='ocrx_word' id='word_1_141' title='bbox 1613 1195 1692 1233; x_wconf 85' lang='lat' dir='ltr'><em>qua</em></span> <span class='ocrx_word' id='word_1_142' title='bbox 1722 1195 1818 1222; x_wconf 84' lang='lat' dir='ltr'><strong>voce</strong></span> 
     </span>
     <span class='ocr_line' id='line_1_18' title="bbox 251 1234 1816 1292; baseline 0 -12"><span class='ocrx_word' id='word_1_143' title='bbox 251 1242 359 1292; x_wconf 88' lang='lat' dir='ltr'><strong>apud</strong></span> <span class='ocrx_word' id='word_1_144' title='bbox 389 1241 624 1291; x_wconf 80' lang='lat' dir='ltr'><strong>posteriores</strong></span> <span class='ocrx_word' id='word_1_145' title='bbox 657 1240 806 1291; x_wconf 82' lang='lat' dir='ltr'><strong>singuli</strong></span> <span class='ocrx_word' id='word_1_146' title='bbox 848 1253 961 1279; x_wconf 79' lang='lat' dir='ltr'><strong>casus</strong></span> <span class='ocrx_word' id='word_1_147' title='bbox 998 1234 1152 1280; x_wconf 60' lang='lat' dir='ltr'><strong>adversi</strong></span> <span class='ocrx_word' id='word_1_148' title='bbox 1183 1241 1467 1292; x_wconf 85' lang='lat' dir='ltr'><strong>significantur,</strong></span> <span class='ocrx_word' id='word_1_149' title='bbox 1509 1242 1653 1281; x_wconf 88' lang='lat' dir='ltr'><strong>nescio.</strong></span> <span class='ocrx_word' id='word_1_150' title='bbox 1705 1241 1816 1280; x_wconf 86' lang='lat' dir='ltr'><strong>dubi-</strong></span> 
     </span>
     <span class='ocr_line' id='line_1_19' title="bbox 250 1300 1820 1351; baseline -0.001 -11"><span class='ocrx_word' id='word_1_151' title='bbox 250 1301 329 1340; x_wconf 84' lang='lat' dir='ltr'><strong>tari</strong></span> <span class='ocrx_word' id='word_1_152' title='bbox 360 1301 494 1351; x_wconf 88' lang='lat' dir='ltr'><strong>potest</strong></span> <span class='ocrx_word' id='word_1_153' title='bbox 531 1313 582 1338; x_wconf 84' lang='lat' dir='ltr'><em>an</em></span> <span class='ocrx_word' id='word_1_154' title='bbox 620 1313 666 1338; x_wconf 86' lang='lat' dir='ltr'><strong>ex</strong></span> <span class='ocrx_word' id='word_1_155' title='bbox 698 1300 883 1349; x_wconf 88' lang='lat' dir='ltr'><strong>pluribus</strong></span> <span class='ocrx_word' id='word_1_156' title='bbox 914 1300 1127 1339; x_wconf 89' lang='lat' dir='ltr'><strong>comoediis</strong></span> <span class='ocrx_word' id='word_1_157' title='bbox 1159 1301 1254 1339; x_wconf 89' lang='lat' dir='ltr'><strong>haec</strong></span> <span class='ocrx_word' id='word_1_158' title='bbox 1286 1302 1530 1351; x_wconf 85' lang='lat' dir='ltr'><strong>congesserit</strong></span> <span class='ocrx_word' id='word_1_159' title='bbox 1555 1302 1737 1351; x_wconf 85' lang='lat' dir='ltr'><strong>scriptor.</strong></span> <span class='ocrx_word' id='word_1_160' title='bbox 1786 1301 1820 1340; x_wconf 89' lang='lat' dir='ltr'><em>si</em></span> 
     </span>
     <span class='ocr_line' id='line_1_20' title="bbox 252 1359 1819 1412; baseline -0.001 -13"><span class='ocrx_word' id='word_1_161' title='bbox 252 1374 298 1399; x_wconf 87' lang='lat' dir='ltr'><strong>ex</strong></span> <span class='ocrx_word' id='word_1_162' title='bbox 338 1373 419 1399; x_wconf 85' lang='lat' dir='ltr'><em>una</em></span> <span class='ocrx_word' id='word_1_163' title='bbox 463 1361 574 1411; x_wconf 89' lang='lat' dir='ltr'><strong>sunt,</strong></span> <span class='ocrx_word' id='word_1_164' title='bbox 618 1359 767 1409; x_wconf 87' lang='lat' dir='ltr'><strong>scripta</strong></span> <span class='ocrx_word' id='word_1_165' title='bbox 807 1362 900 1398; x_wconf 88' lang='lat' dir='ltr'><strong>sunt</strong></span> <span class='ocrx_word' id='word_1_166' title='bbox 943 1360 1049 1398; x_wconf 87' lang='lat' dir='ltr'><strong>inter</strong></span> <span class='ocrx_word' id='word_1_167' title='bbox 1080 1359 1140 1398; x_wconf 89' lang='lat' dir='ltr'><em>Ol.</em></span> <span class='ocrx_word' id='word_1_168' title='bbox 1173 1361 1240 1410; x_wconf 82' lang='lat'><em>98,</em></span> <span class='ocrx_word' id='word_1_169' title='bbox 1274 1362 1295 1398; x_wconf 86' lang='lat'>1</span> <span class='ocrx_word' id='word_1_170' title='bbox 1331 1363 1372 1399; x_wconf 80' lang='lat' dir='ltr'><strong>et</strong></span> <span class='ocrx_word' id='word_1_171' title='bbox 1405 1362 1510 1411; x_wconf 85' lang='grc'><em>101,</em></span> <span class='ocrx_word' id='word_1_172' title='bbox 1537 1362 1581 1412; x_wconf 86' lang='lat'><em>3,</em></span> <span class='ocrx_word' id='word_1_173' title='bbox 1624 1360 1819 1410; x_wconf 84' lang='lat' dir='ltr'><strong>siquidem</strong></span> 
     </span>
     <span class='ocr_line' id='line_1_21' title="bbox 252 1417 1818 1470; baseline 0 -12"><span class='ocrx_word' id='word_1_174' title='bbox 252 1420 440 1458; x_wconf 83' lang='lat' dir='ltr'><strong>Plataeae</strong></span> <span class='ocrx_word' id='word_1_175' title='bbox 471 1421 563 1469; x_wconf 86' lang='lat' dir='ltr'><strong>post</strong></span> <span class='ocrx_word' id='word_1_176' title='bbox 594 1431 732 1468; x_wconf 87' lang='lat' dir='ltr'><strong>pacem</strong></span> <span class='ocrx_word' id='word_1_177' title='bbox 751 1417 1030 1458; x_wconf 80' lang='lat' dir='ltr'><strong>Antalcideam</strong></span> <span class='ocrx_word' id='word_1_178' title='bbox 1061 1419 1273 1458; x_wconf 81' lang='lat' dir='ltr'><strong>restitutae</strong></span> <span class='ocrx_word' id='word_1_179' title='bbox 1294 1418 1354 1458; x_wconf 93' lang='lat' dir='ltr'><em>Ol.</em></span> <span class='ocrx_word' id='word_1_180' title='bbox 1378 1421 1473 1470; x_wconf 86' lang='lat'>101,</span> <span class='ocrx_word' id='word_1_181' title='bbox 1506 1421 1530 1459; x_wconf 88' lang='lat'><strong>3</strong></span> <span class='ocrx_word' id='word_1_182' title='bbox 1562 1433 1587 1459; x_wconf 87' lang='lat' dir='ltr'><strong>a</strong></span> <span class='ocrx_word' id='word_1_183' title='bbox 1618 1419 1818 1459; x_wconf 86' lang='lat' dir='ltr'><strong>Thebanis</strong></span> 
     </span>
     <span class='ocr_line' id='line_1_22' title="bbox 253 1472 1817 1534; baseline -0.001 -16"><span class='ocrx_word' id='word_1_184' title='bbox 253 1480 381 1518; x_wconf 90' lang='lat' dir='ltr'><strong>denuo</strong></span> <span class='ocrx_word' id='word_1_185' title='bbox 414 1479 570 1516; x_wconf 83' lang='lat' dir='ltr'><strong>dirutae</strong></span> <span class='ocrx_word' id='word_1_186' title='bbox 605 1480 709 1516; x_wconf 82' lang='lat' dir='ltr'><strong>sunt.</strong></span> <span class='ocrx_word' id='word_1_187' title='bbox 771 1478 939 1517; x_wconf 82' lang='lat' dir='ltr'><strong>fortasse</strong></span> <span class='ocrx_word' id='word_1_188' title='bbox 972 1477 1160 1517; x_wconf 90' lang='grc' dir='ltr'><em>σύνοικον</em></span> <span class='ocrx_word' id='word_1_189' title='bbox 1188 1474 1357 1534; x_wconf 80' lang='grc' dir='ltr'><em>Ὠρωπῷ</em></span> <span class='ocrx_word' id='word_1_190' title='bbox 1389 1476 1460 1529; x_wconf 83' lang='grc' dir='ltr'><em>μὲν</em></span> <span class='ocrx_word' id='word_1_191' title='bbox 1492 1472 1817 1532; x_wconf 86' lang='grc' dir='ltr'><em>αἰσχροκερδίαν,Ι</em></span> 
     </span>
     <span class='ocr_line' id='line_1_23' title="bbox 251 1533 1820 1592; baseline -0.001 -15"><span class='ocrx_word' id='word_1_192' title='bbox 251 1537 413 1588; x_wconf 87' lang='grc' dir='ltr'><em>φθόνον</em></span> <span class='ocrx_word' id='word_1_193' title='bbox 440 1534 482 1576; x_wconf 82' lang='grc' dir='ltr'><em>δὲ</em></span> <span class='ocrx_word' id='word_1_194' title='bbox 505 1536 703 1592; x_wconf 87' lang='grc' dir='ltr'><em>Τανάγρᾳ,</em></span> <span class='ocrx_word' id='word_1_195' title='bbox 726 1536 911 1584; x_wconf 83' lang='grc' dir='ltr'><em>Θεσπιαῖς</em></span> <span class='ocrx_word' id='word_1_196' title='bbox 930 1537 1189 1588; x_wconf 86' lang='grc' dir='ltr'><em>φιλονεικίαν,</em></span> <span class='ocrx_word' id='word_1_197' title='bbox 1217 1533 1221 1589; x_wconf 96' lang='grc' dir='ltr'>Ι</span> <span class='ocrx_word' id='word_1_198' title='bbox 1254 1536 1404 1589; x_wconf 82' lang='grc' dir='ltr'><em>Θήβαις</em></span> <span class='ocrx_word' id='word_1_199' title='bbox 1429 1537 1561 1589; x_wconf 71' lang='grc' dir='ltr'><em>ὕβριν,</em></span> <span class='ocrx_word' id='word_1_200' title='bbox 1592 1537 1820 1585; x_wconf 81' lang='grc' dir='ltr'><em>πλεονεξίαν</em></span> 
     </span>
     <span class='ocr_line' id='line_1_24' title="bbox 247 1594 1820 1651; baseline -0.001 -15"><span class='ocrx_word' id='word_1_201' title='bbox 247 1594 480 1648; x_wconf 79' lang='grc' dir='ltr'><em>Ἀνθηδόνι,</em></span> <span class='ocrx_word' id='word_1_202' title='bbox 519 1595 526 1645; x_wconf 89' lang='grc' dir='ltr'>Ι</span> <span class='ocrx_word' id='word_1_203' title='bbox 564 1595 786 1648; x_wconf 88' lang='grc' dir='ltr'><em>περιεργίαν</em></span> <span class='ocrx_word' id='word_1_204' title='bbox 831 1594 873 1635; x_wconf 81' lang='grc' dir='ltr'><em>δὲ</em></span> <span class='ocrx_word' id='word_1_205' title='bbox 916 1602 961 1651; x_wconf 76' lang='grc' dir='ltr'><em>τῇ</em></span> <span class='ocrx_word' id='word_1_206' title='bbox 1005 1596 1223 1648; x_wconf 88' lang='grc' dir='ltr'><em>Κορωνίων</em></span> <span class='ocrx_word' id='word_1_207' title='bbox 1265 1596 1388 1647; x_wconf 86' lang='grc' dir='ltr'><em>πόλει,</em></span> <span class='ocrx_word' id='word_1_208' title='bbox 1422 1597 1428 1644; x_wconf 97' lang='grc' dir='ltr'>Ι</span> <span class='ocrx_word' id='word_1_209' title='bbox 1464 1595 1694 1644; x_wconf 79' lang='grc' dir='ltr'><em>ἀλαζονείαν</em></span> <span class='ocrx_word' id='word_1_210' title='bbox 1737 1600 1820 1644; x_wconf 88' lang='grc' dir='ltr'><em>ταῖς</em></span> 
     </span>
     <span class='ocr_line' id='line_1_25' title="bbox 251 1651 1818 1711; baseline 0 -16"><span class='ocrx_word' id='word_1_211' title='bbox 251 1659 468 1703; x_wconf 85' lang='grc' dir='ltr'><em>Πλαταιαῖς</em></span> <span class='ocrx_word' id='word_1_212' title='bbox 507 1651 702 1710; x_wconf 84' lang='grc' dir='ltr'><em>(μυρίαν),</em></span> <span class='ocrx_word' id='word_1_213' title='bbox 731 1656 736 1705; x_wconf 93' lang='grc' dir='ltr'>Ι</span> <span class='ocrx_word' id='word_1_214' title='bbox 763 1655 925 1707; x_wconf 77' lang='grc' dir='ltr'><em>πύρεξιν</em></span> <span class='ocrx_word' id='word_1_215' title='bbox 951 1653 1143 1711; x_wconf 86' lang='grc' dir='ltr'><em>Ὀγχηστῷ</em></span> <span class='ocrx_word' id='word_1_216' title='bbox 1175 1654 1230 1706; x_wconf 84' lang='grc' dir='ltr'><em>δέ,</em></span> <span class='ocrx_word' id='word_1_217' title='bbox 1261 1654 1552 1707; x_wconf 87' lang='grc' dir='ltr'><em>κάναισθησίαν</em></span> <span class='ocrx_word' id='word_1_218' title='bbox 1580 1657 1586 1706; x_wconf 92' lang='grc' dir='ltr'>Ι</span> <span class='ocrx_word' id='word_1_219' title='bbox 1614 1651 1818 1709; x_wconf 82' lang='grc' dir='ltr'><em>(μάλισθ’)</em></span> 
     </span>
     <span class='ocr_line' id='line_1_26' title="bbox 247 1711 1820 1772; baseline -0.001 -17"><span class='ocrx_word' id='word_1_220' title='bbox 247 1713 434 1772; x_wconf 78' lang='grc' dir='ltr'><em>Ἀλιάρτῳ</em></span> <span class='ocrx_word' id='word_1_221' title='bbox 460 1744 717 1755; x_wconf 89' lang='grc'><strong>.......</strong></span> <span class='ocrx_word' id='word_1_222' title='bbox 746 1714 751 1765; x_wconf 94' lang='grc' dir='ltr'>Ι</span> <span class='ocrx_word' id='word_1_223' title='bbox 779 1711 862 1754; x_wconf 84' lang='grc' dir='ltr'><em>τάδ’</em></span> <span class='ocrx_word' id='word_1_224' title='bbox 893 1714 931 1763; x_wconf 78' lang='grc' dir='ltr'><em>ἐξ</em></span> <span class='ocrx_word' id='word_1_225' title='bbox 952 1713 1106 1766; x_wconf 80' lang='grc' dir='ltr'><em>ἁπάσης</em></span> <span class='ocrx_word' id='word_1_226' title='bbox 1124 1711 1313 1762; x_wconf 88' lang='grc' dir='ltr'><em>Ἑλλάδος</em></span> <span class='ocrx_word' id='word_1_227' title='bbox 1338 1714 1637 1768; x_wconf 83' lang='grc' dir='ltr'><em>τάγκλήματα</em></span> <span class='ocrx_word' id='word_1_228' title='bbox 1664 1712 1670 1767; x_wconf 94' lang='grc' dir='ltr'>Ι</span> <span class='ocrx_word' id='word_1_229' title='bbox 1697 1717 1820 1754; x_wconf 89' lang='grc' dir='ltr'><em>Βοιω-</em></span> 
     </span>
     <span class='ocr_line' id='line_1_27' title="bbox 252 1773 1816 1827; baseline -0.001 -13"><span class='ocrx_word' id='word_1_230' title='bbox 252 1776 336 1822; x_wconf 88' lang='grc' dir='ltr'><em>τίας</em></span> <span class='ocrx_word' id='word_1_231' title='bbox 376 1774 414 1822; x_wconf 77' lang='grc' dir='ltr'><em>ἐς</em></span> <span class='ocrx_word' id='word_1_232' title='bbox 454 1773 523 1821; x_wconf 81' lang='grc' dir='ltr'><em>τὰς</em></span> <span class='ocrx_word' id='word_1_233' title='bbox 561 1773 691 1821; x_wconf 88' lang='grc' dir='ltr'><em>πόλεις</em></span> <span class='ocrx_word' id='word_1_234' title='bbox 731 1773 935 1826; x_wconf 87' lang='grc' dir='ltr'><em>κατερρύη.</em></span> <span class='ocrx_word' id='word_1_235' title='bbox 997 1775 1045 1813; x_wconf 88' lang='lat' dir='ltr'><strong>de</strong></span> <span class='ocrx_word' id='word_1_236' title='bbox 1077 1775 1235 1814; x_wconf 89' lang='lat' dir='ltr'><strong>nomine</strong></span> <span class='ocrx_word' id='word_1_237' title='bbox 1266 1774 1468 1827; x_wconf 84' lang='grc' dir='ltr'><em>Κορώνιοι</em></span> <span class='ocrx_word' id='word_1_238' title='bbox 1499 1775 1630 1815; x_wconf 85' lang='lat' dir='ltr'><strong>Strab.</strong></span> <span class='ocrx_word' id='word_1_239' title='bbox 1663 1777 1702 1826; x_wconf 83' lang='lat'><em>9,</em></span> <span class='ocrx_word' id='word_1_240' title='bbox 1733 1775 1816 1813; x_wconf 88' lang='lat'><em>411</em></span> 
     </span>
     <span class='ocr_line' id='line_1_28' title="bbox 256 1831 1132 1889; baseline -0.002 -15"><span class='ocrx_word' id='word_1_241' title='bbox 256 1835 298 1874; x_wconf 84' lang='grc' dir='ltr'><em>οἱ</em></span> <span class='ocrx_word' id='word_1_242' title='bbox 326 1833 367 1874; x_wconf 80' lang='grc' dir='ltr'><em>ἐν</em></span> <span class='ocrx_word' id='word_1_243' title='bbox 398 1839 442 1888; x_wconf 80' lang='grc' dir='ltr'><em>τῇ</em></span> <span class='ocrx_word' id='word_1_244' title='bbox 475 1834 683 1888; x_wconf 77' lang='grc' dir='ltr'><em>Κορωνείᾳ</em></span> <span class='ocrx_word' id='word_1_245' title='bbox 714 1833 914 1889; x_wconf 79' lang='grc' dir='ltr'><em>Κορώ-νιοι</em></span> <span class='ocrx_word' id='word_1_246' title='bbox 945 1831 1132 1886; x_wconf 84' lang='grc' dir='ltr'><em>λέγονται.</em></span> 
     </span>
    </p>
   </div>
   <div class='ocr_carea' id='block_1_4' title="bbox 466 1949 1430 2076">
    <p class='ocr_par' dir='ltr' id='par_1_5' title="bbox 466 1949 1430 2076">
     <span class='ocr_line' id='line_1_29' title="bbox 930 1949 1147 1992; baseline 0.005 -1"><span class='ocrx_word' id='word_1_247' title='bbox 930 1950 1029 1992; x_wconf 67' lang='lat'><em>3384</em></span> <span class='ocrx_word' id='word_1_248' title='bbox 1061 1949 1147 1992; x_wconf 82' lang='lat'><em>339</em></span> 
     </span>
     <span class='ocr_line' id='line_1_30' title="bbox 466 2018 1430 2076; baseline 0 -14"><span class='ocrx_word' id='word_1_249' title='bbox 466 2021 642 2076; x_wconf 86' lang='grc' dir='ltr'><em>χλανίσι</em></span> <span class='ocrx_word' id='word_1_250' title='bbox 674 2018 723 2063; x_wconf 79' lang='grc' dir='ltr'><em>δὲ</em></span> <span class='ocrx_word' id='word_1_251' title='bbox 756 2020 810 2075; x_wconf 87' lang='grc' dir='ltr'><em>δὴ</em></span> <span class='ocrx_word' id='word_1_252' title='bbox 843 2027 1030 2076; x_wconf 82' lang='grc' dir='ltr'><em>φαναῖσι</em></span> <span class='ocrx_word' id='word_1_253' title='bbox 1061 2019 1430 2075; x_wconf 86' lang='grc' dir='ltr'><em>περιπεπεμμένοι</em></span> 
     </span>
    </p>
   </div>
   <div class='ocr_carea' id='block_1_5' title="bbox 467 2090 1465 2147">
    <p class='ocr_par' dir='ltr' id='par_1_6' title="bbox 467 2090 1465 2147">
     <span class='ocr_line' id='line_1_31' title="bbox 467 2090 1465 2147; baseline -0.001 -13"><span class='ocrx_word' id='word_1_254' title='bbox 467 2090 540 2134; x_wconf 85' lang='grc' dir='ltr'><em>καὶ</em></span> <span class='ocrx_word' id='word_1_255' title='bbox 571 2094 787 2147; x_wconf 84' lang='grc' dir='ltr'><em>μαστίχην</em></span> <span class='ocrx_word' id='word_1_256' title='bbox 817 2091 1075 2147; x_wconf 85' lang='grc' dir='ltr'><em>τρώγοντες,</em></span> <span class='ocrx_word' id='word_1_257' title='bbox 1107 2092 1279 2142; x_wconf 79' lang='grc' dir='ltr'><em>ὄζοντες</em></span> <span class='ocrx_word' id='word_1_258' title='bbox 1309 2091 1465 2147; x_wconf 88' lang='grc' dir='ltr'><em>μύρου.</em></span> 
     </span>
    </p>
   </div>
   <div class='ocr_carea' id='block_1_6' title="bbox 428 2182 1530 2525">
    <p class='ocr_par' dir='ltr' id='par_1_7' title="bbox 428 2182 1530 2525">
     <span class='ocr_line' id='line_1_32' title="bbox 822 2182 1463 2240; baseline -0.002 -12"><span class='ocrx_word' id='word_1_259' title='bbox 822 2187 871 2228; x_wconf 93' lang='grc' dir='ltr'><em>τὸ</em></span> <span class='ocrx_word' id='word_1_260' title='bbox 905 2182 945 2228; x_wconf 87' lang='grc' dir='ltr'><em>δ’</em></span> <span class='ocrx_word' id='word_1_261' title='bbox 982 2185 1088 2228; x_wconf 83' lang='grc' dir='ltr'><em>ὅλον</em></span> <span class='ocrx_word' id='word_1_262' title='bbox 1120 2185 1200 2227; x_wconf 88' lang='grc' dir='ltr'><em>οὐκ</em></span> <span class='ocrx_word' id='word_1_263' title='bbox 1233 2184 1463 2240; x_wconf 83' lang='grc' dir='ltr'><em>ἐπίσταμαι</em></span> 
     </span>
     <span class='ocr_line' id='line_1_33' title="bbox 468 2253 1424 2314; baseline -0.002 -14"><span class='ocrx_word' id='word_1_264' title='bbox 468 2257 553 2312; x_wconf 84' lang='grc' dir='ltr'><em>ἐγὼ</em></span> <span class='ocrx_word' id='word_1_265' title='bbox 585 2259 853 2314; x_wconf 83' lang='grc' dir='ltr'><em>ψιθυρίζειν,</em></span> <span class='ocrx_word' id='word_1_266' title='bbox 886 2253 992 2299; x_wconf 75' lang='grc' dir='ltr'><em>οὐδὲ</em></span> <span class='ocrx_word' id='word_1_267' title='bbox 1022 2254 1424 2311; x_wconf 83' lang='grc' dir='ltr'><em>κατακεκλασμένος</em></span> 
     </span>
     <span class='ocr_line' id='line_1_34' title="bbox 428 2328 1530 2384; baseline -0.003 -12"><span class='ocrx_word' id='word_1_268' title='bbox 428 2340 448 2372; x_wconf 81' lang='lat'><strong>5</strong></span> <span class='ocrx_word' id='word_1_269' title='bbox 468 2329 656 2383; x_wconf 85' lang='grc' dir='ltr'><em>πλάγιον</em></span> <span class='ocrx_word' id='word_1_270' title='bbox 687 2329 874 2383; x_wconf 84' lang='grc' dir='ltr'><em>ποιήσας</em></span> <span class='ocrx_word' id='word_1_271' title='bbox 903 2328 983 2370; x_wconf 91' lang='grc' dir='ltr'><em>τὸν</em></span> <span class='ocrx_word' id='word_1_272' title='bbox 1012 2328 1232 2384; x_wconf 85' lang='grc' dir='ltr'><em>τράχηλον</em></span> <span class='ocrx_word' id='word_1_273' title='bbox 1263 2334 1530 2384; x_wconf 81' lang='grc' dir='ltr'><em>περιπατεῖν,</em></span> 
     </span>
     <span class='ocr_line' id='line_1_35' title="bbox 469 2397 1399 2456; baseline -0.003 -13"><span class='ocrx_word' id='word_1_274' title='bbox 469 2401 615 2455; x_wconf 79' lang='grc' dir='ltr'><em>ὥσπερ</em></span> <span class='ocrx_word' id='word_1_275' title='bbox 649 2399 824 2456; x_wconf 77' lang='grc' dir='ltr'><em>ἑτέρους</em></span> <span class='ocrx_word' id='word_1_276' title='bbox 855 2399 944 2456; x_wconf 82' lang='grc' dir='ltr'><em>ὁρῶ</em></span> <span class='ocrx_word' id='word_1_277' title='bbox 975 2400 1204 2449; x_wconf 86' lang='grc' dir='ltr'><em>κιναίδους</em></span> <span class='ocrx_word' id='word_1_278' title='bbox 1235 2397 1399 2441; x_wconf 80' lang='grc' dir='ltr'><em>ἐνθάδε</em></span> 
     </span>
     <span class='ocr_line' id='line_1_36' title="bbox 469 2468 1495 2525; baseline -0.003 -10"><span class='ocrx_word' id='word_1_279' title='bbox 469 2474 663 2522; x_wconf 85' lang='grc' dir='ltr'><em>πολλοὺς</em></span> <span class='ocrx_word' id='word_1_280' title='bbox 694 2471 742 2514; x_wconf 85' lang='grc' dir='ltr'><em>ἐν</em></span> <span class='ocrx_word' id='word_1_281' title='bbox 774 2472 894 2514; x_wconf 78' lang='grc' dir='ltr'><em>ἄστει</em></span> <span class='ocrx_word' id='word_1_282' title='bbox 925 2469 999 2514; x_wconf 80' lang='grc' dir='ltr'><em>καὶ</em></span> <span class='ocrx_word' id='word_1_283' title='bbox 1029 2468 1495 2525; x_wconf 81' lang='grc' dir='ltr'><em>πεπιττοκοπημένους.</em></span> 
     </span>
    </p>
   </div>
   <div class='ocr_carea' id='block_1_7' title="bbox 257 2553 1821 2965">
    <p class='ocr_par' dir='ltr' id='par_1_8' title="bbox 257 2553 1821 2965">
     <span class='ocr_line' id='line_1_37' title="bbox 377 2553 1817 2609; baseline -0.001 -12"><span class='ocrx_word' id='word_1_284' title='bbox 377 2572 411 2597; x_wconf 88' lang='lat' dir='ltr'><em>v.</em></span> <span class='ocrx_word' id='word_1_285' title='bbox 429 2561 464 2598; x_wconf 89' lang='lat'><em>1.</em></span> <span class='ocrx_word' id='word_1_286' title='bbox 485 2561 509 2597; x_wconf 84' lang='lat'><strong>2</strong></span> <span class='ocrx_word' id='word_1_287' title='bbox 539 2558 721 2598; x_wconf 83' lang='lat' dir='ltr'><strong>Clemens</strong></span> <span class='ocrx_word' id='word_1_288' title='bbox 735 2558 848 2597; x_wconf 85' lang='lat' dir='ltr'><strong>Alex.</strong></span> <span class='ocrx_word' id='word_1_289' title='bbox 869 2558 984 2597; x_wconf 90' lang='lat' dir='ltr'><strong>Paed.</strong></span> <span class='ocrx_word' id='word_1_290' title='bbox 1002 2559 1039 2606; x_wconf 91' lang='lat'><em>3,</em></span> <span class='ocrx_word' id='word_1_291' title='bbox 1057 2559 1094 2606; x_wconf 87' lang='lat'><em>3,</em></span> <span class='ocrx_word' id='word_1_292' title='bbox 1112 2557 1163 2595; x_wconf 85' lang='lat'><em>15</em></span> <span class='ocrx_word' id='word_1_293' title='bbox 1191 2554 1337 2609; x_wconf 80' lang='grc' dir='ltr'><em>κουρὰς</em></span> <span class='ocrx_word' id='word_1_294' title='bbox 1355 2553 1426 2607; x_wconf 79' lang='grc' dir='ltr'><em>μὲν</em></span> <span class='ocrx_word' id='word_1_295' title='bbox 1446 2554 1622 2609; x_wconf 83' lang='grc' dir='ltr'><em>ἀγεννεῖς</em></span> <span class='ocrx_word' id='word_1_296' title='bbox 1639 2553 1706 2595; x_wconf 84' lang='grc' dir='ltr'><em>καὶ</em></span> <span class='ocrx_word' id='word_1_297' title='bbox 1723 2569 1817 2607; x_wconf 89' lang='grc' dir='ltr'><em>πορ-</em></span> 
     </span>
     <span class='ocr_line' id='line_1_38' title="bbox 258 2613 1821 2670; baseline -0.002 -13"><span class='ocrx_word' id='word_1_298' title='bbox 258 2617 371 2665; x_wconf 85' lang='grc' dir='ltr'><em>νικὰς</em></span> <span class='ocrx_word' id='word_1_299' title='bbox 390 2616 708 2670; x_wconf 86' lang='grc' dir='ltr'><em>ἀποκειρόμενοι·</em></span> <span class='ocrx_word' id='word_1_300' title='bbox 741 2617 891 2669; x_wconf 87' lang='grc' dir='ltr'><em>χλανίσι</em></span> <span class='ocrx_word' id='word_1_301' title='bbox 912 2614 954 2656; x_wconf 82' lang='grc' dir='ltr'><em>δὲ</em></span> <span class='ocrx_word' id='word_1_302' title='bbox 974 2613 1184 2666; x_wconf 82' lang='grc' dir='ltr'><em>διαφανέσι</em></span> <span class='ocrx_word' id='word_1_303' title='bbox 1202 2613 1530 2668; x_wconf 85' lang='grc' dir='ltr'><em>περιπεπεμμένοι</em></span> <span class='ocrx_word' id='word_1_304' title='bbox 1549 2613 1615 2654; x_wconf 84' lang='grc' dir='ltr'><em>καὶ</em></span> <span class='ocrx_word' id='word_1_305' title='bbox 1632 2615 1821 2667; x_wconf 90' lang='grc' dir='ltr'><em>μαστίχην</em></span> 
     </span>
     <span class='ocr_line' id='line_1_39' title="bbox 257 2671 1820 2727; baseline -0.001 -11"><span class='ocrx_word' id='word_1_306' title='bbox 257 2680 334 2716; x_wconf 89' lang='grc' dir='ltr'><em>κτλ.</em></span> <span class='ocrx_word' id='word_1_307' title='bbox 395 2691 431 2716; x_wconf 85' lang='lat' dir='ltr'><em>v.</em></span> <span class='ocrx_word' id='word_1_308' title='bbox 465 2680 561 2727; x_wconf 88' lang='lat' dir='ltr'><strong>3sq.</strong></span> <span class='ocrx_word' id='word_1_309' title='bbox 600 2677 781 2716; x_wconf 82' lang='lat' dir='ltr'><strong>Clemens</strong></span> <span class='ocrx_word' id='word_1_310' title='bbox 812 2677 924 2715; x_wconf 73' lang='lat' dir='ltr'><strong>Alex.</strong></span> <span class='ocrx_word' id='word_1_311' title='bbox 956 2676 1075 2715; x_wconf 85' lang='lat' dir='ltr'><strong>Paed.</strong></span> <span class='ocrx_word' id='word_1_312' title='bbox 1107 2677 1145 2724; x_wconf 85' lang='lat'><em>3,</em></span> <span class='ocrx_word' id='word_1_313' title='bbox 1179 2678 1244 2724; x_wconf 89' lang='lat'><em>11,</em></span> <span class='ocrx_word' id='word_1_314' title='bbox 1280 2676 1332 2714; x_wconf 89' lang='grc'><em>69</em></span> <span class='ocrx_word' id='word_1_315' title='bbox 1378 2673 1459 2726; x_wconf 74' lang='grc' dir='ltr'><em>ἔχοι</em></span> <span class='ocrx_word' id='word_1_316' title='bbox 1495 2671 1530 2713; x_wconf 88' lang='grc' dir='ltr'><em>δ’</em></span> <span class='ocrx_word' id='word_1_317' title='bbox 1572 2672 1622 2713; x_wconf 72' lang='grc' dir='ltr'><em>ἂν</em></span> <span class='ocrx_word' id='word_1_318' title='bbox 1660 2672 1820 2714; x_wconf 86' lang='grc' dir='ltr'><em>κάκεῖνο</em></span> 
     </span>
     <span class='ocr_line' id='line_1_40' title="bbox 258 2731 1820 2788; baseline -0.002 -13"><span class='ocrx_word' id='word_1_319' title='bbox 258 2734 394 2787; x_wconf 78' lang='grc' dir='ltr'><em>ἄριστα</em></span> <span class='ocrx_word' id='word_1_320' title='bbox 424 2735 466 2775; x_wconf 92' lang='grc' dir='ltr'><em>τὸ</em></span> <span class='ocrx_word' id='word_1_321' title='bbox 498 2734 705 2788; x_wconf 83' lang='grc' dir='ltr'><em>εἰρημένον</em></span> <span class='ocrx_word' id='word_1_322' title='bbox 736 2738 811 2775; x_wconf 88' lang='grc' dir='ltr'><em>κτλ.</em></span> <span class='ocrx_word' id='word_1_323' title='bbox 878 2738 913 2774; x_wconf 93' lang='grc'><em>1.</em></span> <span class='ocrx_word' id='word_1_324' title='bbox 946 2733 994 2786; x_wconf 79' lang='grc' dir='ltr'><em>δὴ</em></span> <span class='ocrx_word' id='word_1_325' title='bbox 1027 2737 1193 2784; x_wconf 88' lang='grc' dir='ltr'><em>φαναῐσι</em></span> <span class='ocrx_word' id='word_1_326' title='bbox 1224 2732 1360 2784; x_wconf 89' lang='lat' dir='ltr'><strong>Mein.]</strong></span> <span class='ocrx_word' id='word_1_327' title='bbox 1395 2731 1614 2783; x_wconf 84' lang='grc' dir='ltr'><em>διαφανέσι.</em></span> <span class='ocrx_word' id='word_1_328' title='bbox 1663 2746 1820 2785; x_wconf 88' lang='grc' dir='ltr'><em>περιπε-</em></span> 
     </span>
     <span class='ocr_line' id='line_1_41' title="bbox 257 2788 1817 2849; baseline -0.002 -15"><span class='ocrx_word' id='word_1_329' title='bbox 257 2793 466 2847; x_wconf 84' lang='grc' dir='ltr'><em>πλεγμένοι</em></span> <span class='ocrx_word' id='word_1_330' title='bbox 493 2796 693 2835; x_wconf 87' lang='lat' dir='ltr'><strong>Heinsius.</strong></span> <span class='ocrx_word' id='word_1_331' title='bbox 753 2810 789 2835; x_wconf 88' lang='lat' dir='ltr'><em>v.</em></span> <span class='ocrx_word' id='word_1_332' title='bbox 819 2798 842 2834; x_wconf 84' lang='lat'><strong>2</strong></span> <span class='ocrx_word' id='word_1_333' title='bbox 876 2790 1127 2849; x_wconf 86' lang='grc' dir='ltr'><em>(τρώγοντας,</em></span> <span class='ocrx_word' id='word_1_334' title='bbox 1159 2788 1336 2846; x_wconf 82' lang='grc' dir='ltr'><em>ὅζοντας)</em></span> <span class='ocrx_word' id='word_1_335' title='bbox 1367 2793 1589 2832; x_wconf 79' lang='lat' dir='ltr'><strong>Meinekius</strong></span> <span class='ocrx_word' id='word_1_336' title='bbox 1613 2795 1705 2843; x_wconf 87' lang='lat' dir='ltr'><strong>post</strong></span> <span class='ocrx_word' id='word_1_337' title='bbox 1735 2807 1772 2832; x_wconf 91' lang='lat' dir='ltr'><em>v.</em></span> <span class='ocrx_word' id='word_1_338' title='bbox 1794 2796 1817 2832; x_wconf 82' lang='lat'>7</span> 
     </span>
     <span class='ocr_line' id='line_1_42' title="bbox 258 2849 1820 2905; baseline -0.002 -12"><span class='ocrx_word' id='word_1_339' title='bbox 258 2855 597 2904; x_wconf 84' lang='lat' dir='ltr'><strong>transponendum</strong></span> <span class='ocrx_word' id='word_1_340' title='bbox 634 2855 799 2894; x_wconf 87' lang='lat' dir='ltr'><strong>censuit.</strong></span> <span class='ocrx_word' id='word_1_341' title='bbox 886 2858 925 2894; x_wconf 88' lang='grc'><em>4.</em></span> <span class='ocrx_word' id='word_1_342' title='bbox 961 2850 1329 2902; x_wconf 85' lang='grc' dir='ltr'><em>κατακεκλασμένως</em></span> <span class='ocrx_word' id='word_1_343' title='bbox 1366 2853 1483 2891; x_wconf 75' lang='lat' dir='ltr'>BFR.</span> <span class='ocrx_word' id='word_1_344' title='bbox 1569 2854 1606 2891; x_wconf 83' lang='lat'><em>6.</em></span> <span class='ocrx_word' id='word_1_345' title='bbox 1644 2849 1820 2905; x_wconf 78' lang='grc' dir='ltr'><em>ἑταίρους</em></span> 
     </span>
     <span class='ocr_line' id='line_1_43' title="bbox 259 2908 1820 2965; baseline -0.002 -13"><span class='ocrx_word' id='word_1_346' title='bbox 259 2913 408 2952; x_wconf 81' lang='lat' dir='ltr'>MNPR</span> <span class='ocrx_word' id='word_1_347' title='bbox 440 2917 480 2952; x_wconf 86' lang='lat' dir='ltr'><strong>et</strong></span> <span class='ocrx_word' id='word_1_348' title='bbox 510 2926 630 2965; x_wconf 84' lang='lat' dir='ltr'><strong>supra</strong></span> <span class='ocrx_word' id='word_1_349' title='bbox 662 2914 810 2964; x_wconf 86' lang='lat' dir='ltr'><strong>scripto</strong></span> <span class='ocrx_word' id='word_1_350' title='bbox 843 2928 860 2952; x_wconf 92' lang='grc' dir='ltr'><em>ε</em></span> <span class='ocrx_word' id='word_1_351' title='bbox 886 2915 928 2952; x_wconf 88' lang='lat' dir='ltr'><em>F.</em></span> <span class='ocrx_word' id='word_1_352' title='bbox 979 2911 1129 2965; x_wconf 82' lang='grc' dir='ltr'><em>ὁρῶμεν</em></span> <span class='ocrx_word' id='word_1_353' title='bbox 1150 2912 1239 2963; x_wconf 79' lang='lat' dir='ltr'><em>BR.</em></span> <span class='ocrx_word' id='word_1_354' title='bbox 1306 2914 1342 2951; x_wconf 82' lang='lat'><em>7.</em></span> <span class='ocrx_word' id='word_1_355' title='bbox 1372 2908 1820 2965; x_wconf 84' lang='grc' dir='ltr'><em>περιπιττοκοπημένους</em></span> 
     </span>
    </p>
   </div>
  </div>
 </body>
</html>
