2014 3334
131 0 242 18 ;7-·ae.¹.·
270 12 273 14 q
304 6 314 10 ,.
347 0 380 13 Vq

492 246 763 281 ΔΤΣΚΟΛΟΣ
790 266 834 271 -
861 246 1061 281 ΕΑΤΤΟΝ
1086 247 1478 282 ΤΙΜΩΡΟΤΜΕΝΟΣ
1714 247 1770 288 41

186 371 286 408 quae
315 358 459 398 ute'nda
489 371 586 399 vasa
618 359 768 408 se'mper
797 360 920 398 vieini
941 363 1092 409 roqcmt,
1123 360 1232 408 fure's
1257 362 1405 399 venisse
1430 363 1543 409 atque
1567 361 1771 400 abstulisse

186 419 311 459 dicito.
349 438 398 446 --
434 418 484 458 cf.
517 420 617 459 476.
649 419 784 470 potuit
815 419 857 457 iu
890 419 1045 458 duabus
1078 419 1228 459 fabulis
1261 420 1401 459 eodem
1431 433 1552 460 versu
1585 420 1657 460 uti.

942 536 1025 578 137

475 603 510 650 ὦ
543 607 784 664 δυστυχής,
817 609 865 650 τί
892 607 947 651 οὐ
978 607 1234 660 καθεύδεις;
1287 610 1289 613 ’

306 693 569 735 Ghoerobosc.
602 694 853 746 Gaisf.163,
887 698 939 735 11
977 694 1167 744 (Bekker.
1193 696 1341 735 Anecd.
1366 697 1480 735 1190
1512 696 1563 735 ad
1596 698 1695 746 979,
1723 691 1770 749 6)

183 759 263 794 τῶν
295 752 490 794 ἐπιθέτων
523 786 529 793 .
551 752 806 807 .ὃμόφωνός
839 753 942 794 ἔστιν
974 751 999 806 ἡ
1032 753 1192 807 κλητικὴ
1225 760 1271 810 τῇ
1305 754 1468 811 εὐθεία,
1500 751 1588 795 οἷον
1620 753 1640 795 ὁ
1675 756 1770 795 δυσ-

185 813 306 867 τυχής
337 809 368 854 ὦ
402 814 610 867 δυστυχής,
642 812 696 862 ὡς
732 813 841 867 παρὰ
872 814 1104 872 Μενάνδρῳ
1136 818 1214 855 κτλ.
1246 815 1289 854 in
1320 816 1405 855 cod.
1436 816 1559 855 Marc.
1592 817 1677 856 489
1717 813 1771 863 ὥς

183 873 292 928 παρὰ
322 877 376 931 τῷ
407 874 639 932 Μενάνδρῳ
672 904 682 914 .
703 905 711 914 .
732 905 742 914 .
774 873 824 914 ε’ν
855 874 1097 932 Δυσκόλῳ.
1160 876 1209 915 cf.
1241 876 1290 914 fr.
1324 878 1422 915 216.
1456 878 1554 915 341.

943 992 1024 1035 138

400 1075 599 1133 εὑρηκὼς
630 1075 751 1132 κάγὼ
782 1076 947 1119 τούτου
978 1075 1140 1132 τέχνην

303 1163 542 1202 Ammonius
577 1165 628 1203 61
678 1161 810 1216 εὑρεῖν
841 1162 907 1203 καὶ
940 1162 1130 1215 εὑρέσθαι
1162 1162 1352 1216 διαφέρει.
1414 1162 1546 1216 εὑρεῖν
1578 1161 1650 1216 μὲν
1680 1163 1770 1217 γάρ,

184 1220 227 1262 τὸ
258 1220 326 1261 καὶ
357 1221 399 1262 ἕν
430 1227 475 1278 τῇ
510 1223 722 1279 συνηθείᾳ,
754 1221 944 1275 εὑρέσθαι
977 1222 1034 1275 δέ,
1067 1223 1190 1264 οἱονεὶ
1220 1223 1263 1264 τὸ
1297 1223 1597 1276 ἕκπορίσασθαι.
1654 1222 1770 1263 Μέν-

182 1282 328 1335 ανδρος
360 1282 554 1338 Δυσκόλῳ
585 1286 663 1324 κτλ.
705 1305 754 1311 -
796 1282 963 1336 εὑρηκός
988 1288 1069 1325 vet.
1096 1285 1169 1335 ed„
1202 1284 1351 1337 εὕρηκα
1384 1289 1425 1324 et
1455 1285 1620 1324 τουτουί
1648 1281 1768 1324 Mein.

180 1343 275 1382 fort.
300 1341 478 1395 εὑρηκὼς
504 1341 592 1397 ἐγὼ
621 1340 626 1396 Ι
654 1343 797 1396 τούτου
823 1342 978 1397 τέχνην,
996 1348 1208 1394 postquam
1234 1357 1299 1395 eqo
1318 1346 1434 1384 huius
1457 1347 1516 1384 rei
1535 1346 1769 1385 medicinam

180 1414 311 1442 mvem
347 1424 412 1442 —.

931 1473 1016 1516 139

531 1532 719 1591 ἀνδριάς

303 1617 370 1658 καὶ
401 1618 462 1659 ἐπὶ
501 1626 637 1676 γραφῇ
671 1651 679 1660 .
710 1651 719 1660 .
758 1608 1004 1674 Μένανδρος
1042 1620 1246 1678 Δυσκόλῳ.
1307 1622 1479 1661 Bekker.
1512 1622 1666 1661 Anecd.
1699 1624 1768 1672 82,

185 1681 252 1718 11.
315 1678 514 1733 ἐπιγραφή
548 1681 633 1720 cod.

303 1739 520 1780 Praeterea
551 1742 600 1780 cf.
636 1742 763 1781 1027.

756 1857 955 1893 EATTON
980 1858 1191 1893 ΠΕΝΘΩΝ

303 1932 362 1972 Of.
393 1930 529 1972 Αὑτὸν
559 1937 738 1973 πενθῶν.

666 2049 866 2084 ΕΑΤΤΟΝ
890 2050 1286 2086 ΤΙΜΩΡΟΤΜΕΝΟΣ

300 2124 476 2164 Galenus
501 2125 580 2164 XII
610 2140 649 2176 p.
677 2127 761 2166 316
797 2125 933 2166 Chart.
976 2124 1155 2179 διαφέρει
1179 2125 1222 2166 τὸ
1254 2132 1436 2179 τιμωρῶν
1467 2131 1538 2166 τοῦ
1570 2125 1764 2178 τιμωρού-

179 2198 311 2235 μενος,
330 2181 352 2224 ὃ
373 2183 467 2236 μετὰ
486 2191 556 2238 τῆς
574 2184 824 2238 καλουμένης
844 2186 1061 2239 αἰτιατικῆς
1081 2187 1264 2239 σημαίνει
1283 2186 1325 2226 τὸ
1346 2186 1514 2234 κολάζον
1535 2181 1764 2241 (κολάζων)

179 2242 304 2292 οὕτως
340 2249 441 2298 γοῦν
478 2243 545 2284 καὶ
575 2242 746 2286 Ἑαυτὸν
782 2246 1076 2299 τιμωρούμενος
1113 2245 1392 2301 ἐπιγέγραπται
1429 2245 1471 2286 τὸ
1514 2246 1763 2298 Μενάνδρου

179 2303 321 2356 δρᾶμα.
366 2305 525 2344 Terent.
543 2305 691 2345 Heaut.
711 2307 813 2357 prol.
839 2308 866 2346 4
895 2320 939 2347 ea·
963 2310 1115 2357 inteyra
1136 2321 1281 2358 yraeca
1310 2310 1503 2357 integram
1529 2307 1763 2346 comoe'diam

177 2364 291 2403 hodie'
316 2378 403 2404 sam
429 2369 587 2405 acturus
611 2366 795 2406 Heaztton
824 2367 1123 2407 Timoramevnon
1143 2401 1151 2409 .
1171 2398 1182 2408 .
1203 2400 1210 2407 .
1232 2370 1298 2417 qwi
1323 2369 1523 2416 scripserit
1549 2365 1554 2418 Ι
1584 2370 1618 2406 et
1646 2368 1762 2415 quoia

174 2436 320 2473 yraeca
343 2426 405 2470 sit,
424 2427 468 2464 m'
480 2429 638 2474 partem
656 2427 882 2466 maxumam
902 2430 1175 2468 existumarem
1199 2430 1298 2468 seire
1317 2431 1499 2471 vostram,
1525 2428 1567 2466 id
1586 2428 1762 2467 dicerem.

179 2486 301 2536 atque
333 2485 570 2525 didascalia:
598 2499 743 2535 yraeca
773 2487 1013 2528 Menandru.

927 2604 1015 2647 140

396 2673 507 2730 πρὸς
536 2679 613 2729 τῆς
639 2672 848 2730 Ἀθηνᾶς,
883 2676 1115 2733 δαιμονᾷς,
1147 2676 1344 2731 γεγονὼς
1374 2677 1448 2731 ἔτη

395 2743 604 2798 τοσαῦθ’;
638 2745 752 2802 ὁμοῦ
782 2747 867 2804 γάρ
900 2747 1022 2791 ἐστιν
1055 2747 1267 2802 ἑξήκοντά
1298 2759 1382 2790 σοι.

305 2830 578 2871 Sch01.Plat.
617 2834 703 2872 380
741 2833 869 2873 Bekk.
927 2832 1028 2884 ὁμοῦ
1073 2835 1256 2886 σημαίνει
1299 2832 1392 2874 ποτὲ
1435 2832 1508 2886 μὲν
1556 2833 1597 2875 τὸ
1645 2834 1761 2888 ἐγγύς

178 2883 476 2943 (numeralibus
507 2889 803 2947 adiunctum).
877 2892 1164 2946 ,Μένανδρος
1202 2892 1244 2933 ἐν
1274 2896 1327 2951 τῷ
1359 2890 1530 2934 Ἑαυτὸν
1567 2910 1759 2946 τιμωρου-

178 2946 283 3005 μένῳ
314 2953 391 2989 κτλ.
454 2951 666 2991 Telentius
690 2955 792 3004 1,1,
826 2923 850 2993 9
883 2967 980 2993 nam
1003 2955 1082 3003 pro'
1113 2956 1228 2994 deum
1259 2935 1371 3003 atbue
1401 2956 1598 2994 hominum
1628 2956 1757 3003 fidem,
