2014 3334
289 221 377 263 202
626 243 629 247 s
932 222 1229 257 MENANAPOT

413 333 622 372 Menandri
648 333 751 373 Dist.
772 333 863 372 Par.
896 333 1145 373 Studemund
1178 336 1215 373 9.
1252 335 1306 372 10
1336 348 1373 384 p.
1397 336 1462 374 35.
1528 336 1563 372 1.
1595 332 1760 386 γνώμην
1791 349 1862 374 κα-

289 392 428 490 §imm
459 392 659 432 Heinsius.
710 390 893 446 πονηρὰν
913 393 1123 433 Dobraeus
1148 393 1245 433 Adv.
1266 393 1306 431 II
1335 395 1430 432 291.
1465 394 1703 433 condemnat
1723 393 1861 434 Cobet.

330 484 337 491 .
371 453 396 492 1.
430 453 498 492 45.

1039 544 1124 588 705

505 627 563 683 μὴ
596 630 700 670 κλᾶε
731 629 836 678 τοὺς
866 629 1107 680 θανόντας·
1147 627 1202 671 οὐ
1232 628 1317 685 γὰρ
1349 628 1516 684 ὠφελεῖ

504 700 557 741 τὰ
589 697 743 756 δάκρυ’
781 699 1036 757 ἀναισθήτῳ
1068 700 1270 755 γεγονότι
1300 698 1375 742 καὶ
1404 705 1558 758 νεκρῷ.

411 786 620 825 Menandri
650 786 750 826 Dise.
786 787 876 826 Par.
909 786 1160 826 Studemund
1195 789 1260 826 13.
1298 788 1350 825 14
1383 801 1419 837 p.
1454 788 1520 826 35.
1594 789 1627 826 1.
1661 786 1753 834 τοὺς
1783 791 1863 827 θα-

291 845 433 893 νόντας
470 845 677 896 Heinsius]
716 845 784 886 τὸν
821 845 1010 886 θανόντα.
1069 846 1173 886 idem
1214 849 1251 885 2.
1290 845 1537 897 ἀναίσθητον
1574 845 1761 899 γεγονότα
1797 845 1864 886 καὶ

293 904 444 958 νεκρόν.
495 908 540 945 ut
573 919 693 956 supra
724 907 911 958 Rutgers.
962 904 1192 962 ἀναισθήτῳ
1226 903 1308 945 ὄντι
1338 904 1404 945 καὶ
1435 908 1560 962 νεκρῷ
1591 905 1767 959 γεγονότι
1784 906 1861 953 QP.

1038 1035 1122 1076 706

505 1119 551 1160 τί
578 1123 637 1176 τῷ
669 1119 859 1160 θανόντι
892 1118 1013 1174 δῶρα
1044 1118 1222 1173 λαμπρὰ
1251 1117 1529 1174 προσφέρεις,

505 1188 532 1231 ἃ
564 1188 655 1245 μετ’
693 1189 857 1244 ὀδύνης
888 1193 1006 1232 εἰάσε
1038 1188 1147 1231 κούκ
1179 1187 1414 1245 ἐχρήσατο;

410 1276 617 1315 Menandri
662 1276 764 1316 Disss.
803 1276 890 1315 Par.
930 1275 1181 1315 Studemund
1222 1278 1290 1315 17.
1331 1277 1384 1315 18
1424 1290 1461 1326 p.
1503 1277 1570 1315 36.
1676 1279 1714 1316 2.
1758 1275 1860 1316 εἴασε

291 1334 426 1386 Mein]
478 1334 591 1375 ἔασεν
624 1335 702 1382 QP.

1039 1416 1121 1458 707

505 1499 709 1556 πράττων
740 1503 884 1550 καλῶς
915 1498 1111 1555 μέμνησο
1143 1505 1218 1555 τῆς
1250 1498 1538 1556 δυσπραξίας·

505 1572 564 1622 ὡς
593 1571 678 1628 γὰρ
710 1571 758 1614 τὸ
790 1571 1001 1627 πράττειν
1033 1571 1147 1613 οὕτω
1180 1569 1253 1614 καὶ
1286 1572 1449 1614 σκόπει.

411 1659 619 1698 Menandri
650 1658 752 1697 Dist.
786 1659 875 1697 Par.
911 1658 1162 1697 Studemund
1196 1659 1263 1697 25.
1297 1660 1320 1697 6
1354 1672 1392 1708 p.
1414 1660 1481 1699 36.
1543 1672 1577 1698 v.
1612 1660 1636 1697 2
1671 1659 1746 1697 del.
1779 1659 1861 1698 Do-

290 1719 435 1757 braeus
460 1718 560 1758 Adv.
589 1718 631 1756 II
665 1720 762 1757 292.
805 1716 871 1757 καὶ
895 1716 937 1757 τὸ
968 1715 1075 1766 τέλος
1095 1729 1152 1757 σκ.
1198 1713 1462 1758 ‘dubitanter’
1491 1717 1750 1757 Studemund.
1782 1731 1862 1757 non

291 1778 419 1818 credo.

1041 1847 1123 1890 708

505 1929 583 1972 ἐὰν
614 1930 788 1985 τροφὴν
821 1931 928 1981 δοὺς
958 1931 1036 1973 τὸν
1068 1926 1244 1985 λαβόντ’
1280 1930 1516 1987 ὀνειδίσῃς,

505 1999 701 2059 ἀψινθίῳ
733 2000 978 2052 κατέπασας
1007 1999 1203 2044 Ἀττικὸν
1234 2001 1343 2057 μέλι.

409 2087 618 2126 Menandri
637 2087 740 2126 Dist.
761 2087 850 2126 Par.
871 2087 1121 2127 Studemund
1142 2089 1209 2127 33.
1242 2088 1268 2126 4
1291 2102 1329 2138 p.
1352 2089 1417 2127 37.
1480 2087 1707 2126 Philisssioni
1734 2089 1860 2128 tribu-

292 2149 416 2186 unssur
442 2147 483 2185 in
504 2146 810 2197 Comparatione
837 2146 1111 2186 Shudemundi.
1176 2149 1212 2186 2.
1245 2147 1406 2186 videtur
1436 2147 1692 2197 proverbium
1724 2148 1857 2187 fuisse.

1037 2275 1120 2317 709

504 2359 546 2400 εἰ
573 2358 712 2413 γάμος
742 2354 798 2413 ἦν
830 2357 854 2400 ὁ
886 2355 1036 2415 σῳζων
1067 2358 1147 2413 τὴν
1179 2358 1316 2400 ἄλλου
1347 2358 1484 2400 νόσον

505 2431 643 2472 νόσον
674 2427 826 2487 σςόζων
856 2429 988 2479 αὐτὸς
1018 2427 1293 2486 ἀποθνῄσκει
1323 2435 1483 2471 νοσῶν.

412 2516 620 2556 Menandri
652 2516 753 2555 Dist.
786 2517 874 2555 Par.
908 2516 1155 2555 studemund
1189 2518 1255 2555 29.
1290 2518 1345 2555 30
1375 2517 1413 2566 p.
1447 2517 1514 2555 37.
1579 2518 1615 2554 1.
1647 2513 1775 2568 ἰατρὸς
1805 2513 1858 2567 ἣν

293 2575 366 2615 οὐκ
398 2572 494 2627 οἶδε,
525 2574 596 2626 τὴν
629 2571 664 2614 δ’
700 2578 776 2614 κτλ.
834 2575 1083 2615 Studemund
1122 2571 1397 2626 ‘dnbitanher’.
1461 2578 1496 2615 2.
1530 2579 1726 2615 νοσοῦντα
1762 2571 1857 2629 (del.

292 2650 327 2675 v.
363 2632 407 2690 1)
439 2636 560 2675 Dobr.
593 2635 694 2675 Adv.
726 2635 768 2674 II
802 2637 898 2675 292.

1037 2751 1122 2793 710

508 2834 615 2877 ὅταν
645 2849 687 2876 τι
718 2833 877 2890 μέλλῃς
906 2835 985 2876 τὸν
1015 2832 1149 2884 πέλας
1178 2841 1456 2889 κακηγορεῖν,

508 2905 641 2956 αὐτὸς
671 2906 724 2947 τὰ
756 2911 923 2947 σαυτοῦ
953 2911 1131 2961 πρῶτον
1162 2903 1423 2947 ἑπισκέπτου
1453 2905 1574 2947 κακοί.
