2014 3334
295 263 352 306 64
634 314 636 318 V
926 261 1225 297 MENANAPOT

509 370 531 414 6
563 370 792 426 κράτιστος
824 370 956 420 ἵππος
988 368 1324 425 ἐπιμελεστέραν
1354 370 1442 424 ἔχει

447 455 489 485 10
510 441 662 498 ἑτέρου
691 443 954 497 θεραπείαν·
1000 441 1170 495 ἀγαθὸς
1202 439 1257 483 ἂν
1288 439 1394 496 γένῃ
1427 441 1562 494 κύων,

509 512 785 568 ἐντιμότερος
816 509 858 554 εἷ
886 518 967 554 τοῦ
997 518 1137 554 κακοῦ
1167 512 1302 561 κυνὸς
1333 511 1460 553 πολύ.

508 584 760 640 ἀλεκτρυὼν
785 590 990 637 γενναῖος
1022 582 1070 625 έν
1102 581 1228 639 ἑτέρα
1258 588 1403 639 τροφῇ

509 657 642 710 ἔστιν,
675 655 697 697 6
731 651 771 696 δ’
807 654 994 709 ἀγεννὴς
1025 652 1098 696 καὶ
1131 652 1248 695 δέδιε
1279 654 1359 695 τὸν
1389 654 1635 706 κρειττονα·

510 711 748 783 ἄνθρωπος
780 743 834 768 αν
870 722 893 782 ᾖ
923 726 1125 782 χρηστός,
1157 724 1354 780 εὐγενής,
1387 725 1563 781 σφόδρα

451 812 489 841 15
509 806 727 853 γενναῖος,
760 795 894 840 οὐδεν
926 799 1088 852 ὄφελος
1119 796 1167 838 ἐν
1197 802 1258 853 τῷ
1289 802 1375 838 νῦν
1406 795 1536 850 γένει.

509 870 687 925 πράττει
720 867 760 911 δ’
799 868 821 911 ὁ
854 868 987 920 κόλαξ
1019 869 1175 924 ἄριστα
1206 867 1399 922 πάντων,
1433 867 1617 923 δεύτερα

510 941 532 983 6
566 940 861 995 συκοφάντης,
895 939 918 982 6
950 941 1176 994 κακοήθης
1205 940 1332 995 τρίτα
1363 937 1492 992 λέγει.

510 1013 618 1054 ὄνον
649 1010 859 1066 γενέσθαι
890 1018 1091 1067 κρεῖττον
1122 1009 1148 1065 ἣ
1181 1011 1285 1060 τοὺς
1315 1011 1519 1066 χείρονας

511 1082 621 1139 ὁρᾶν
654 1081 813 1125 ἑαυτοῦ
847 1084 1009 1133 ζῶντας
1040 1080 1400 1137 ἐπιφανέστερον.

416 1180 611 1220 stobaeus
652 1182 790 1221 Floril.
825 1183 920 1230 106,
954 1183 977 1219 8
1024 1179 1272 1231 Μενάνδρου
1316 1176 1649 1230 Θεοφορουμένου
1691 1172 1785 1232 (sie)
1819 1178 1867 1216 A.

295 1254 332 1279 v.
365 1242 388 1278 2
424 1240 584 1279 Sueton.
611 1241 733 1291 Vesp.
766 1243 819 1280 23
866 1243 911 1279 de
949 1240 1084 1289 Cerylo
1122 1241 1273 1283 liberto,
1311 1241 1377 1287 qui
1414 1240 1518 1277 dives
1556 1239 1784 1282 admodum,
1823 1239 1868 1277 ob

296 1301 650 1348 subterfuyiendum
673 1302 898 1348 quandoque
923 1302 985 1338 ius
1010 1301 1106 1349 fisci,
1138 1301 1349 1347 ingenuum
1373 1310 1413 1337 se
1439 1301 1473 1336 et
1492 1298 1697 1336 Lachetem
1720 1300 1866 1336 mutato

295 1361 447 1397 nomine
477 1363 650 1407 coeperat
680 1362 801 1407 ferre:
844 1353 874 1397 ὦ
906 1358 1059 1410 Λάχης,
1093 1357 1229 1409 Λάχης
1261 1353 1384 1411 (Men.
1413 1358 1460 1396 fr.
1484 1352 1601 1410 921),
1634 1355 1734 1395 ἐπὰν
1765 1355 1866 1395 ἀπο-

295 1416 437 1472 θάνῃς,
471 1412 591 1465 αὖθις
617 1417 655 1465 ἐξ
682 1417 803 1471 ἀρχῆς
833 1417 911 1457 ἔσει
941 1417 1121 1469 κηρύλος.
1183 1431 1220 1456 v.
1243 1419 1309 1456 16.
1343 1419 1396 1456 17
1431 1416 1562 1455 schol.
1586 1416 1724 1466 Eurip.
1743 1415 1865 1466 Hipp.

297 1478 381 1515 426
416 1474 436 1515 6
462 1477 549 1528 βίος
579 1477 714 1528 ἥδεται
743 1480 824 1524 τοῖς
855 1480 1055 1528 πονηροῖς,
1087 1474 1140 1523 ὡς
1170 1474 1413 1528 Μένανδρος
1443 1478 1521 1514 κτλ.
1582 1490 1619 1515 v.
1655 1477 1708 1514 16
1744 1476 1867 1514 Athe-
1895 1525 1900 1531 ⁵

295 1545 420 1575 naeus
448 1537 491 1586 6,
526 1537 651 1575 248d
681 1537 837 1588 πράττει
867 1536 941 1589 γὰρ
972 1536 1133 1575 πάντων
1165 1534 1186 1574 6
1218 1534 1335 1583 κόλαξ
1368 1533 1518 1587 ἄριστα,
1551 1531 1571 1573 ὁ
1603 1533 1720 1581 καλὸς
1759 1529 1868 1573 εἶπεν

295 1593 548 1647 Μένανδρος.
609 1610 645 1636 v.
680 1599 745 1635 18.
788 1598 839 1635 19
880 1597 1081 1635 Plutarch.
1122 1596 1220 1634 Mor.
1255 1596 1371 1634 739f
1409 1593 1595 1640 πολλάκις
1638 1594 1869 1646 παρίσταται

295 1652 362 1692 καὶ
391 1653 437 1692 τὰ
467 1660 550 1694 τοῦ
581 1661 795 1706 κωμικοῦ
826 1654 1054 1708 γέροντος
1087 1651 1132 1707 (1.
1165 1668 1197 1693 8.
1228 1649 1460 1706 Κράτωνος)
1492 1656 1570 1692 κτλ.

420 1718 454 1752 1.
487 1714 653 1765 Κράτων
675 1714 855 1765 Gesner.]
889 1720 1053 1765 κρατῶν.
1085 1714 1240 1765 Κρίτων
1266 1715 1330 1753 vel
1349 1713 1536 1772 Στράτων
1556 1713 1694 1752 Valek.
1741 1715 1780 1751 4.
1808 1711 1868 1760 δὶς

296 1773 333 1824 β.
359 1771 521 1825 Α]διαβ.
585 1776 622 1813 5.
655 1774 770 1825 αἱροῦ
802 1773 868 1813 καὶ
900 1773 989 1813 έλου
1016 1768 1274 1823 Α.11.εἶ]
1307 1767 1332 1824 ἦ
1367 1773 1485 1831 (non
1495 1765 1541 1828 ᾐ)
1575 1773 1623 1810 A.
1659 1774 1725 1812 13.
1757 1769 1778 1811 6
1805 1768 1864 1822 δ’]

297 1828 384 1870 οὐδ’
419 1833 468 1870 A.
534 1836 598 1872 14.
631 1832 700 1872 ἐὰν
732 1833 757 1889 ᾐ
791 1831 1006 1886 άνθρωπος
1038 1831 1200 1885 χρηστὸς
1226 1834 1274 1871 Α.
1306 1830 1356 1871 ἂν
1389 1829 1425 1870 δ’
1460 1832 1486 1887 ᾐ
1517 1832 1634 1871 Mein.
1682 1833 1748 1871 16.
1776 1830 1866 1870 δεύ-

295 1905 403 1943 τερος
435 1903 520 1931 συκ.
557 1895 588 1932 A
616 1892 743 1932 Schol.
771 1893 866 1932 Eur.
920 1895 986 1932 17.
1012 1891 1058 1931 τὰ
1083 1889 1175 1945 τρίτ’
1211 1890 1287 1943 ἔχει
1312 1893 1397 1931 eod.
1418 1891 1528 1930 Caes.
1556 1893 1596 1930 et
1615 1891 1734 1930 Vind.
1756 1891 1866 1931 stob.

295 1950 420 2002 τρίτος
451 1949 599 2004 λέγεται
631 1953 663 1990 Α
698 1953 826 1991 Schol.
860 1953 954 1991 Eur.
987 1952 1157 2004 τρίτατος
1191 1947 1297 2003 (sine
1329 1947 1423 2004 λέγ.)
1457 1952 1489 1989 Β
1509 1951 1542 1989 Ι.

419 2012 483 2049 12.
518 2024 590 2050 ser.
617 2010 660 2050 ἐν
690 2010 896 2067 προτέρᾳ
927 2014 1067 2067 τροφῇ.
1098 2025 1191 2050 nam
1217 2024 1297 2050 non
1323 2011 1454 2050 solum
1479 2010 1605 2054 aliter,
1638 2010 1707 2049 sed
1731 2011 1869 2050 melius

297 2070 430 2108 alitur.
481 2071 529 2109 cf.
557 2071 658 2110 Plat.
685 2072 806 2111 Lach.
836 2073 954 2111 1831>
987 2069 1201 2123 προτέρους
1232 2069 1330 2122 πρὸς
1361 2069 1407 2109 τὰ
1438 2075 1507 2109 τοῦ
1538 2067 1712 2120 πολέμου
1745 2072 1786 2109 et
1818 2069 1869 2108 ad

295 2130 342 2166 fr.
377 2131 463 2168 474
494 2130 542 2169 H.
563 2131 709 2170 Iacobi.
776 2133 841 2170 13.
875 2132 922 2170 de
954 2132 1084 2170 forma
1115 2129 1284 2183 ἀγεννής
1310 2131 1357 2169 ef.
1377 2130 1520 2168 Heind.
1541 2129 1646 2169 Plat.
1665 2128 1867 2169 Charmid.

299 2190 381 2227 158
398 2201 428 2227 e.
473 2189 699 2228 Schneider.
730 2191 834 2229 Plat.
867 2191 977 2240 Reip.
1013 2193 1050 2239 7,
1083 2192 1167 2229 529
1185 2203 1208 2228 a
1239 2183 1464 2243 (ἀγεννῶς).
1497 2189 1599 2229 Plat.
1620 2201 1718 2227 eom.
1739 2190 1807 2240 46,
1830 2190 1868 2228 6.

300 2249 366 2286 17.
400 2246 445 2286 τὰ
478 2248 639 2301 δεύτερα
670 2247 795 2302 λέγειν
827 2252 928 2301 484,
959 2249 1005 2288 τὰ
1037 2255 1170 2302 πρῶτα
1202 2252 1234 2289 λ.
1261 2249 1443 2288 Strattid.
1480 2252 1515 2288 1.

1041 2378 1129 2419 224

1079 2458 1152 2501 καὶ
1186 2462 1296 2515 ταχὺ

581 2532 714 2573 πάλιν
745 2531 794 2572 τὸ
826 2537 1003 2587 πρῶτον
1033 2533 1264 2588 περισόβει
1290 2532 1504 2602 ποτηριον

581 2601 731 2652 αὐτοῖς
762 2601 965 2659 ἀκράτου.

415 2699 647 2738 Athenaeus
673 2703 739 2751 11,
761 2702 885 2739 5042.
915 2699 1171 2751 Μενάνδρου
1195 2729 1205 2738 .
1231 2729 1241 2738 .
1266 2729 1276 2738 .
1307 2699 1427 2738 πάλιν
1459 2698 1501 2738 ἐκ
1536 2697 1867 2751 Θεοφορουμένης

297 2760 374 2796 κτλ.
450 2761 486 2797 1.
517 2757 599 2809 καὶ]
639 2762 717 2797 παῖ
750 2760 937 2810 Toeppel.
976 2760 1115 2810 Progr.
1155 2759 1301 2798 Neobr.
1336 2761 1462 2808 1857,
1500 2761 1562 2799 13.
1607 2760 1739 2799 deleto
1769 2772 1807 2799 v.
1840 2761 1864 2798 2

296 2816 415 2855 πάλιν
448 2812 559 2871 (πάλι
593 2813 660 2872 A),
701 2819 807 2870 quod
839 2832 887 2857 ex
917 2816 1122 2858 Afflaenae!
1147 2819 1281 2857 verbis
1315 2813 1451 2871 (πάλιν
1482 2817 1526 2858 ἐκ
1561 2815 1700 2871 Θεοφ.)
1732 2818 1866 2868 inepte

296 2877 514 2926 repetitum
545 2880 696 2926 censet,
729 2878 903 2917 Cobetus
934 2879 984 2917 N.
1019 2880 1071 2918 75
1105 2875 1172 2916 καὶ
1201 2876 1297 2928 ταχὺ
1330 2876 1372 2916 τὸ
1408 2883 1567 2930 πρῶτον
1597 2876 1796 2929 περισόβει
1825 2890 1868 2917 π.

298 2932 414 2986 ‘quae
453 2937 601 2975 domini
637 2938 760 2976 verba
797 2940 890 2976 sunt
932 2938 983 2976 ad
1024 2933 1257 2977 servulum'.
1319 2938 1458 2987 paullo
1503 2941 1595 2977 ante
1633 2937 1867 2976 Athenaeus

1895 0 1899 1 ⁷
1919 14 1922 16 .
1935 0 2014 34 :5:⁸³3oe

1941 37 1943 40 .
1957 20 2014 47 ,ἢμιᾷ
