2014 3334
270 233 297 275 6
636 210 639 213 ’
810 241 814 243 ‡
904 227 1203 262 MENANAPOT

390 333 622 382 Athenaeus}
661 343 726 391 10,
758 340 883 380 431b
922 336 1162 388 Μένανδρος
1184 333 1390 386 Ἀδελφοῖς
1420 336 1496 372 κτλ.
1546 332 1762 371 κατασείειν
1793 329 1837 372 δὲ

271 402 404 456 ἔλεγον
436 401 497 441 ἐπὶ
528 407 605 440 τῶν
637 399 678 438 ἐν
710 403 789 445 τοῖς
820 398 953 444 πότοις
992 395 1267 449 προπινόντων
1299 391 1396 446 (υπὸ
1427 391 1625 431 πινόντων
1655 388 1733 444 A),
1764 389 1837 442 τὴν

273 460 499 514 μεταφορὰν
543 459 806 511 λαμβάνοντες
848 455 926 496 ἀπὸ
963 462 1041 496 τῶν
1079 454 1170 502 τοὺς
1206 452 1383 505 καρποὺς
1425 450 1722 490 κατασειόντων.
1796 452 1833 490 2.
1891 498 1896 502 ,

270 519 438 560 κατέσειε
463 520 597 558 Dindf.
630 515 960 568 φιλοτιμούμενον
986 515 1205 566 Schweigh.
1249 509 1604 563 φιλοτιμουμένους
1623 510 1758 549 Pauw.
1782 531 1831 537 -—

271 581 384 619 Phot.
417 577 625 618 κατέσειε”
657 575 837 629 λέγουσιν
868 573 931 614 ἐπὶ
956 580 1033 613 τῶν
1065 573 1106 613 ἐν
1138 577 1218 619 τοῖς
1248 572 1383 618 πότοις
1407 569 1695 622 προπινόντων.
1741 565 1767 620 ’ἡ
1794 565 1836 608 δὲ

272 637 472 690 μεταφορὰ
504 636 580 676 ἀπὸ
611 642 688 675 τῶν
719 634 810 682 τοὺς
841 633 1016 685 καρποὺς
1047 631 1342 671 κατασειόντων.
1399 631 1447 670 ef.
1482 630 1647 669 Philem.
1681 630 1749 668 84.
1787 628 1835 668 de

274 699 395 737 verbo
426 696 587 747 ὑποχεῖν
620 696 667 734 cf.
701 694 851 745 Sophil.
885 695 922 743 4,
956 695 992 733 3.
1057 692 1182 731 Cobet
1214 691 1259 730 V.
1292 685 1337 729 1.2
1371 690 1466 728 123.
1498 690 1546 728 N.
1579 690 1605 728 l.
1639 690 1735 728 601.

392 756 613 795 Grauertus
651 755 702 793 ad
738 755 910 792 Demeae
942 752 1213 791 narrationem
1250 750 1298 788 de
1335 751 1454 798 rapta
1491 748 1660 799 psaltria,
1690 748 1836 786 refere-

277 817 364 864 bab3
397 816 586 853 Benfeius
612 815 882 863 fragmentum
910 813 960 850 ad
975 808 1126 857 Ἁλιέας
1150 810 1351 860 pertinere
1379 810 1565 848 censebat
1590 807 1838 846 adsenfiente

280 875 394 913 Ihnio
425 888 461 924 p.
488 876 554 912 32.

1039 937 1065 978 9

557 1023 685 1065 κοινὰ
715 1023 768 1064 τὰ
798 1029 887 1064 τῶν
919 1022 1074 1076 φίλων.

393 1109 520 1148 Schol.
546 1109 646 1146 Plat.
681 1110 763 1147 319
791 1108 915 1146 Bekk.
965 1104 1080 1145 κοινὰ
1111 1104 1156 1143 τὰ
1187 1110 1265 1143 τῶν
1298 1104 1445 1153 φίλων,
1477 1101 1541 1142 ἐπὶ
1570 1108 1647 1142 τῶν
1679 1101 1840 1154 εὐμετα-

275 1167 399 1207 δότων
438 1197 446 1206 .
484 1197 493 1206 .
533 1197 542 1206 .
578 1166 643 1206 καὶ
686 1165 927 1217 Μένανδρος
972 1164 1013 1204 ἐν
1052 1162 1258 1214 Ἀδελφοῖς
1301 1161 1355 1215 β’.
1413 1159 1475 1216 (β’
1516 1175 1622 1201 unus
1666 1162 1840 1202 Bekkeri

274 1228 395 1266 codex
415 1227 577 1275 omiiztit,
603 1227 706 1265 alius
726 1227 847 1265 habet
873 1224 914 1264 ἐν
935 1223 1004 1278 Β.)
1037 1226 1084 1264 cf.
1107 1225 1293 1263 Grauert.
1317 1223 1432 1262 Anal.
1452 1224 1545 1262 hist.
1564 1223 1662 1273 phil.
1684 1223 1780 1261 136.
1802 1225 1838 1261 7.

277 1287 443 1325 Rissschl.
469 1287 630 1337 Parerg.
656 1286 674 1323 Ι
702 1288 797 1325 270.
863 1288 899 1323 1.
921 1285 1062 1323 Suidas
1095 1282 1209 1322 κοινὰ
1240 1281 1286 1321 τὰ
1317 1288 1394 1322 τῶν
1426 1282 1554 1332 φίλων
1575 1311 1584 1320 .
1603 1311 1613 1320 .
1632 1310 1642 1320 .
1661 1278 1841 1333 κέχρηται

275 1347 321 1400 τῇ
354 1344 543 1399 παροιμίᾳ
567 1342 808 1396 Μένανδρος
834 1340 1049 1393 Ἀδελφοῖς.
1113 1343 1271 1381 Terent.
1294 1343 1331 1392 5,
1352 1344 1390 1392 3,
1414 1345 1465 1381 17
1498 1342 1593 1380 mim
1622 1344 1730 1380 vetus
1759 1352 1841 1379 ver-

275 1406 364 1443 bum
394 1404 462 1443 7260
497 1406 648 1452 quidem
679 1407 744 1448 est,
782 1404 999 1442 commania
1030 1414 1108 1441 esse
1139 1404 1352 1441 amicorum
1389 1403 1489 1440 inter
1519 1413 1559 1440 se
1590 1401 1731 1439 emnia.
1791 1400 1839 1438 ef.

276 1463 417 1502 Zenob.
451 1465 498 1511 4,
532 1465 584 1502 79
618 1475 708 1502 cum
740 1464 796 1502 eis
833 1475 935 1513 quae
973 1462 1181 1500 adnotavit
1213 1461 1463 1500 Leutsehius.
1525 1460 1729 1499 Iacobsius
1759 1463 1841 1499 not.

276 1535 390 1561 mser.
427 1517 538 1568 αἶνος
577 1519 708 1575 (λόγος
739 1517 875 1575 Mein.)
908 1520 1072 1568 παλαιός
1103 1519 1197 1559 ἐστι·
1235 1518 1349 1559 κοινὰ
1380 1519 1427 1559 τὰ
1457 1525 1536 1559 τῶν
1569 1520 1717 1570 φίλων,
1749 1531 1836 1558 cae-

278 1594 371 1620 sura
401 1594 480 1620 non
512 1582 673 1631 optima.

1026 1664 1080 1701 10

491 1743 574 1797 ἐγὼ
609 1739 647 1784 δ’
683 1742 908 1799 ἀγροῖκος,
941 1741 1144 1798 ἐργάτης,
1177 1743 1389 1798 σκυθρός,
1420 1743 1590 1798 πικρός,

491 1814 720 1868 φειδωλός.

398 1899 567 1938 Photius
600 1899 790 1951 σκυθράς·
826 1897 1084 1949 αὐθέκαστος,
1116 1898 1320 1950 αὐστηρός.
1376 1897 1619 1951 Μένανδρος
1649 1902 1726 1938 κτλ.
1781 1897 1843 1950 ἔρ-

277 1957 413 2011 γάτης]
446 1973 466 1996 τ
495 1959 536 1998 in
567 1959 710 2009 litura,
746 1973 818 2010 pro
857 1971 899 1998 στ
935 1962 982 1998 ut
1012 1959 1180 1999 videtur.
1251 1959 1410 1997 Terent.
1443 1960 1481 2010 5,
1514 1961 1552 2010 4,
1589 1961 1652 2008 12,
1685 1959 1751 2008 e'yo
1781 1960 1845 1998 ille

278 2020 450 2068 aqrestis,
475 2019 620 2063 sae'vos,
646 2021 776 2064 tristis,
795 2020 955 2067 pdrcus,
976 2019 1222 2069 truculentus,
1248 2021 1378 2062 temam,
1405 2020 1500 2058 duxi
1523 2031 1693 2058 umorem,
1734 2018 1842 2057 simi-

280 2077 372 2115 liter
404 2076 653 2126 Strepsiades
690 2078 732 2116 in
762 2078 946 2117 Nubibus
979 2072 1052 2130 (43
1069 2071 1159 2130 sq.).
1221 2078 1267 2115 de
1306 2080 1473 2116 accentu
1510 2078 1620 2117 vocis
1659 2076 1844 2131 ἀγροῖκος

280 2136 328 2174 cf.
361 2148 461 2186 quae
493 2136 544 2174 ad
575 2137 815 2187 Antiphanis
836 2133 1047 2189 ’Ἀγροικον
1079 2136 1370 2177 adnotavimus.

1033 2252 1082 2294 ll

845 2335 948 2383 θεός
979 2333 1070 2376 ἐστι
1100 2341 1193 2384 τοῖς
1224 2341 1430 2388 χρηστοῖς
1461 2333 1528 2377 ἀεὶ

563 2403 586 2446 ὁ
616 2410 724 2454 νοῦς
754 2405 859 2459 γάρ,
892 2405 950 2455 ὡς
982 2406 1136 2461 ἔοικεν,
1168 2402 1202 2448 ὦ
1235 2406 1498 2460 σοφώτατοι.

398 2490 576 2529 Iustinus
601 2491 718 2529 Mart.
768 2491 827 2528 De
860 2492 1059 2530 monareh.
1093 2493 1195 2531 416.
1236 2493 1316 2530 109
1352 2492 1494 2530 aMor.
1527 2494 1565 2543 5,
1596 2507 1634 2543 p.
1658 2495 1753 2532 148.
1787 2495 1843 2533 50

282 2548 377 2588 Otto
409 2551 485 2588 κτλ.
550 2552 585 2587 2.
617 2544 648 2587 ὦ
681 2548 829 2599 BentL]
863 2550 911 2589 οἵ.
955 2547 1178 2601 Ἀδελφοῖς]
1213 2551 1372 2601 δελφοῖς
1403 2552 1569 2604 Argenta.

1035 2666 1086 2707 12

562 2748 608 2788 τί
634 2747 775 2789 πολλὰ
804 2755 954 2804 τηρεῖν
985 2749 1125 2790 πολλὰ
1157 2749 1229 2790 δεῖ
1257 2749 1509 2803 δεδοικότα,

400 2832 594 2871 Stobaeus
614 2833 749 2872 Floril.
772 2835 810 2884 8,
832 2835 856 2872 8
889 2831 1130 2886 Μένανδρος
1149 2830 1355 2885 Ἀδελφοῖς
1380 2836 1427 2874 Α.
1477 2834 1544 2874 τὸν
1571 2835 1773 2875 δεδοικότα
1792 2836 1840 2875 Α.

281 2891 503 2930 Meinekius
535 2892 687 2931 confert
723 2893 859 2942 Eurip.
893 2894 1037 2933 Phoen.
1068 2895 1150 2933 252
1184 2891 1211 2945 ἢ
1241 2893 1365 2933 πολλὰ
1396 2898 1562 2946 μοχθεῖν
1591 2892 1701 2935 πόλλ’
1741 2894 1840 2948 ἔχων
