<?xml version="1.0" encoding="UTF-8"?>
<!DOCTYPE html PUBLIC "-//W3C//DTD XHTML 1.0 Transitional//EN"
    "http://www.w3.org/TR/xhtml1/DTD/xhtml1-transitional.dtd">
<html xmlns="http://www.w3.org/1999/xhtml" xml:lang="en" lang="en">
 <head>
  <title>
</title>
<meta http-equiv="Content-Type" content="text/html;charset=utf-8" />
  <meta name='ocr-system' content='tesseract 3.04.00' />
  <meta name='ocr-capabilities' content='ocr_page ocr_carea ocr_par ocr_line ocrx_word'/>
</head>
<body>
  <div class='ocr_page' id='page_1' title='image "./comicorumatticor03kockuoft_0058.png"; bbox 0 0 2014 3334; ppageno 0'>
   <div class='ocr_carea' id='block_1_1' title="bbox 243 217 1177 263">
    <p class='ocr_par' dir='ltr' id='par_1_1' title="bbox 243 217 1177 263">
     <span class='ocr_line' id='line_1_1' title="bbox 243 217 1177 263; baseline -0.001 -12"><span class='ocrx_word' id='word_1_1' title='bbox 243 221 300 263; x_wconf 78' lang='lat'><em>38</em></span> <span class='ocrx_word' id='word_1_2' title='bbox 794 217 797 219; x_wconf 82' lang='lat'>·</span> <span class='ocrx_word' id='word_1_3' title='bbox 881 217 1177 252; x_wconf 77' lang='grc' dir='ltr'><strong>ΜΕΝΑΝΔΡΟΤ</strong></span> 
     </span>
    </p>
   </div>
   <div class='ocr_carea' id='block_1_2' title="bbox 245 311 1814 440">
    <p class='ocr_par' dir='ltr' id='par_1_2' title="bbox 245 311 1814 440">
     <span class='ocr_line' id='line_1_2' title="bbox 246 311 1814 386; baseline -0.006 -12"><span class='ocrx_word' id='word_1_4' title='bbox 246 335 413 386; x_wconf 86' lang='lat' dir='ltr'>prologo</span> <span class='ocrx_word' id='word_1_5' title='bbox 445 334 542 371; x_wconf 84' lang='lat' dir='ltr'>haec</span> <span class='ocrx_word' id='word_1_6' title='bbox 579 311 764 380; x_wconf 76' lang='lat' dir='ltr'>excerpta</span> <span class='ocrx_word' id='word_1_7' title='bbox 796 331 899 368; x_wconf 80' lang='lat' dir='ltr'><strong>sunt.</strong></span> <span class='ocrx_word' id='word_1_8' title='bbox 961 326 1070 368; x_wconf 83' lang='lat' dir='ltr'>Pana</span> <span class='ocrx_word' id='word_1_9' title='bbox 1107 330 1243 367; x_wconf 86' lang='lat' dir='ltr'>autem</span> <span class='ocrx_word' id='word_1_10' title='bbox 1278 328 1491 378; x_wconf 85' lang='lat' dir='ltr'>prologum</span> <span class='ocrx_word' id='word_1_11' title='bbox 1531 327 1677 366; x_wconf 82' lang='lat' dir='ltr'>dixisse</span> <span class='ocrx_word' id='word_1_12' title='bbox 1710 325 1814 365; x_wconf 84' lang='lat' dir='ltr'>arbi-</span> 
     </span>
     <span class='ocr_line' id='line_1_3' title="bbox 245 391 850 440; baseline -0.01 -6"><span class='ocrx_word' id='word_1_13' title='bbox 245 396 379 434; x_wconf 83' lang='lat' dir='ltr'>tratur</span> <span class='ocrx_word' id='word_1_14' title='bbox 411 393 455 431; x_wconf 94' lang='lat' dir='ltr'><em>O.</em></span> <span class='ocrx_word' id='word_1_15' title='bbox 488 391 678 430; x_wconf 79' lang='lat' dir='ltr'>Ribbeck.</span> <span class='ocrx_word' id='word_1_16' title='bbox 709 404 748 440; x_wconf 87' lang='lat' dir='ltr'><em>p.</em></span> <span class='ocrx_word' id='word_1_17' title='bbox 784 391 850 428; x_wconf 89' lang='lat'><em>13.</em></span> 
     </span>
    </p>
   </div>
   <div class='ocr_carea' id='block_1_3' title="bbox 992 468 1075 509">
    <p class='ocr_par' dir='ltr' id='par_1_3' title="bbox 992 468 1075 509">
     <span class='ocr_line' id='line_1_4' title="bbox 992 468 1075 509; baseline 0.012 -1"><span class='ocrx_word' id='word_1_18' title='bbox 992 468 1075 509; x_wconf 81' lang='lat'><em>128</em></span> 
     </span>
    </p>
   </div>
   <div class='ocr_carea' id='block_1_4' title="bbox 253 549 1825 2062">
    <p class='ocr_par' dir='ltr' id='par_1_4' title="bbox 460 549 1566 825">
     <span class='ocr_line' id='line_1_5' title="bbox 460 549 1566 610; baseline -0.005 -13"><span class='ocrx_word' id='word_1_19' title='bbox 460 552 559 610; x_wconf 84' lang='grc' dir='ltr'><em>περὶ</em></span> <span class='ocrx_word' id='word_1_20' title='bbox 592 553 826 609; x_wconf 79' lang='grc' dir='ltr'><em>χρημάτων</em></span> <span class='ocrx_word' id='word_1_21' title='bbox 858 554 1018 605; x_wconf 78' lang='grc' dir='ltr'><em>λαλεῖς,</em></span> <span class='ocrx_word' id='word_1_22' title='bbox 1052 550 1264 605; x_wconf 80' lang='grc' dir='ltr'><em>ἀβεβαίου</em></span> <span class='ocrx_word' id='word_1_23' title='bbox 1295 549 1566 605; x_wconf 80' lang='grc' dir='ltr'><em>πράγματος·</em></span> 
     </span>
     <span class='ocr_line' id='line_1_6' title="bbox 462 620 1531 680; baseline -0.005 -12"><span class='ocrx_word' id='word_1_24' title='bbox 462 627 502 668; x_wconf 83' lang='grc' dir='ltr'><em>εἰ</em></span> <span class='ocrx_word' id='word_1_25' title='bbox 531 622 610 680; x_wconf 75' lang='grc' dir='ltr'><em>μὲν</em></span> <span class='ocrx_word' id='word_1_26' title='bbox 643 624 725 679; x_wconf 77' lang='grc' dir='ltr'><em>γὰρ</em></span> <span class='ocrx_word' id='word_1_27' title='bbox 758 620 894 665; x_wconf 78' lang='grc' dir='ltr'><em>οἶσθα</em></span> <span class='ocrx_word' id='word_1_28' title='bbox 925 628 1063 664; x_wconf 87' lang='grc' dir='ltr'><em>ταῦτα</em></span> <span class='ocrx_word' id='word_1_29' title='bbox 1087 621 1427 677; x_wconf 78' lang='grc' dir='ltr'><em>παραμενοῦντά</em></span> <span class='ocrx_word' id='word_1_30' title='bbox 1459 631 1531 663; x_wconf 91' lang='grc' dir='ltr'><em>σοι</em></span> 
     </span>
     <span class='ocr_line' id='line_1_7' title="bbox 462 691 1429 750; baseline -0.005 -11"><span class='ocrx_word' id='word_1_31' title='bbox 462 698 522 747; x_wconf 82' lang='grc' dir='ltr'><em>εἰς</em></span> <span class='ocrx_word' id='word_1_32' title='bbox 554 696 695 738; x_wconf 79' lang='grc' dir='ltr'><em>πάντα</em></span> <span class='ocrx_word' id='word_1_33' title='bbox 726 695 804 737; x_wconf 89' lang='grc' dir='ltr'><em>τὸν</em></span> <span class='ocrx_word' id='word_1_34' title='bbox 835 696 1013 750; x_wconf 92' lang='grc' dir='ltr'><em>χρόνον,</em></span> <span class='ocrx_word' id='word_1_35' title='bbox 1047 694 1240 749; x_wconf 90' lang='grc' dir='ltr'><em>φύλαττε</em></span> <span class='ocrx_word' id='word_1_36' title='bbox 1272 691 1429 748; x_wconf 82' lang='grc' dir='ltr'><em>μηδενὶ</em></span> 
     </span>
     <span class='ocr_line' id='line_1_8' title="bbox 462 762 1430 825; baseline -0.004 -15"><span class='ocrx_word' id='word_1_37' title='bbox 462 770 579 825; x_wconf 73' lang='grc' dir='ltr'><em>ἄλλῳ</em></span> <span class='ocrx_word' id='word_1_38' title='bbox 612 766 889 822; x_wconf 86' lang='grc' dir='ltr'><em>μεταδιδούς,</em></span> <span class='ocrx_word' id='word_1_39' title='bbox 922 765 1053 814; x_wconf 85' lang='grc' dir='ltr'><em>αὐτὸς</em></span> <span class='ocrx_word' id='word_1_40' title='bbox 1085 765 1148 807; x_wconf 83' lang='grc' dir='ltr'><em>ὢν</em></span> <span class='ocrx_word' id='word_1_41' title='bbox 1181 762 1230 807; x_wconf 76' lang='grc' dir='ltr'><em>δὲ</em></span> <span class='ocrx_word' id='word_1_42' title='bbox 1261 764 1430 820; x_wconf 86' lang='grc' dir='ltr'><em>κύριος·</em></span> 
     </span>
    </p>

    <p class='ocr_par' dir='ltr' id='par_1_5' title="bbox 415 833 1561 1179">
     <span class='ocr_line' id='line_1_9' title="bbox 415 833 1561 894; baseline -0.004 -12"><span class='ocrx_word' id='word_1_43' title='bbox 415 852 435 882; x_wconf 84' lang='grc'>5</span> <span class='ocrx_word' id='word_1_44' title='bbox 463 841 503 882; x_wconf 81' lang='grc' dir='ltr'><em>εἰ</em></span> <span class='ocrx_word' id='word_1_45' title='bbox 534 839 591 894; x_wconf 85' lang='grc' dir='ltr'><em>μὴ</em></span> <span class='ocrx_word' id='word_1_46' title='bbox 626 835 674 880; x_wconf 72' lang='grc' dir='ltr'><em>δὲ</em></span> <span class='ocrx_word' id='word_1_47' title='bbox 706 843 887 891; x_wconf 82' lang='grc' dir='ltr'><em>σαυτοῦ,</em></span> <span class='ocrx_word' id='word_1_48' title='bbox 919 842 996 891; x_wconf 84' lang='grc' dir='ltr'><em>τῆς</em></span> <span class='ocrx_word' id='word_1_49' title='bbox 1026 837 1159 892; x_wconf 84' lang='grc' dir='ltr'><em>τύχης</em></span> <span class='ocrx_word' id='word_1_50' title='bbox 1192 833 1240 878; x_wconf 73' lang='grc' dir='ltr'><em>δὲ</em></span> <span class='ocrx_word' id='word_1_51' title='bbox 1272 834 1398 878; x_wconf 74' lang='grc' dir='ltr'><em>πάντ’</em></span> <span class='ocrx_word' id='word_1_52' title='bbox 1437 837 1561 890; x_wconf 82' lang='grc' dir='ltr'><em>ἔχεις,</em></span> 
     </span>
     <span class='ocr_line' id='line_1_10' title="bbox 461 905 1453 964; baseline -0.003 -12"><span class='ocrx_word' id='word_1_53' title='bbox 461 912 507 952; x_wconf 86' lang='grc' dir='ltr'><em>τί</em></span> <span class='ocrx_word' id='word_1_54' title='bbox 535 909 589 952; x_wconf 76' lang='grc' dir='ltr'><em>ἂν</em></span> <span class='ocrx_word' id='word_1_55' title='bbox 622 910 859 964; x_wconf 78' lang='grc' dir='ltr'><em>φθονοίης,</em></span> <span class='ocrx_word' id='word_1_56' title='bbox 894 905 927 950; x_wconf 81' lang='grc' dir='ltr'><em>ὦ</em></span> <span class='ocrx_word' id='word_1_57' title='bbox 959 908 1110 963; x_wconf 78' lang='grc' dir='ltr'><em>πάτερ,</em></span> <span class='ocrx_word' id='word_1_58' title='bbox 1142 907 1313 949; x_wconf 84' lang='grc' dir='ltr'><em>τούτων</em></span> <span class='ocrx_word' id='word_1_59' title='bbox 1345 909 1453 957; x_wconf 88' lang='grc' dir='ltr'><em>τινί;</em></span> 
     </span>
     <span class='ocr_line' id='line_1_11' title="bbox 462 976 1322 1037; baseline -0.003 -14"><span class='ocrx_word' id='word_1_60' title='bbox 462 981 571 1035; x_wconf 85' lang='grc' dir='ltr'><em>αὐτὴ</em></span> <span class='ocrx_word' id='word_1_61' title='bbox 605 981 689 1036; x_wconf 76' lang='grc' dir='ltr'><em>γὰρ</em></span> <span class='ocrx_word' id='word_1_62' title='bbox 722 981 839 1037; x_wconf 77' lang='grc' dir='ltr'><em>ἄλλῳ</em></span> <span class='ocrx_word' id='word_1_63' title='bbox 872 980 1007 1035; x_wconf 92' lang='grc' dir='ltr'><em>τυχὸν</em></span> <span class='ocrx_word' id='word_1_64' title='bbox 1040 978 1202 1036; x_wconf 81' lang='grc' dir='ltr'><em>ἀναξίῳ</em></span> <span class='ocrx_word' id='word_1_65' title='bbox 1233 976 1322 1021; x_wconf 85' lang='grc' dir='ltr'><em>τινὶ</em></span> 
     </span>
     <span class='ocr_line' id='line_1_12' title="bbox 462 1050 1485 1108; baseline -0.003 -14"><span class='ocrx_word' id='word_1_66' title='bbox 462 1051 738 1108; x_wconf 82' lang='grc' dir='ltr'><em>παρελομένη</em></span> <span class='ocrx_word' id='word_1_67' title='bbox 772 1062 855 1093; x_wconf 89' lang='grc' dir='ltr'><em>σου</em></span> <span class='ocrx_word' id='word_1_68' title='bbox 886 1051 1029 1093; x_wconf 78' lang='grc' dir='ltr'><em>πάντα</em></span> <span class='ocrx_word' id='word_1_69' title='bbox 1060 1051 1308 1107; x_wconf 77' lang='grc' dir='ltr'><em>προσθήσει</em></span> <span class='ocrx_word' id='word_1_70' title='bbox 1339 1050 1485 1092; x_wconf 80' lang='grc' dir='ltr'><em>πάλιν.</em></span> 
     </span>
     <span class='ocr_line' id='line_1_13' title="bbox 464 1122 1415 1179; baseline -0.003 -13"><span class='ocrx_word' id='word_1_71' title='bbox 464 1125 618 1179; x_wconf 80' lang='grc' dir='ltr'><em>διόπερ</em></span> <span class='ocrx_word' id='word_1_72' title='bbox 651 1122 791 1177; x_wconf 77' lang='grc' dir='ltr'><em>ἔγωγέ</em></span> <span class='ocrx_word' id='word_1_73' title='bbox 820 1138 935 1178; x_wconf 81' lang='grc' dir='ltr'><em>φημι</em></span> <span class='ocrx_word' id='word_1_74' title='bbox 967 1123 1077 1176; x_wconf 90' lang='grc' dir='ltr'><em>δεῖν,</em></span> <span class='ocrx_word' id='word_1_75' title='bbox 1111 1122 1219 1164; x_wconf 83' lang='grc' dir='ltr'><em>ὅσον</em></span> <span class='ocrx_word' id='word_1_76' title='bbox 1250 1123 1415 1178; x_wconf 92' lang='grc' dir='ltr'><em>χρόνον</em></span> 
     </span>
    </p>

    <p class='ocr_par' dir='ltr' id='par_1_6' title="bbox 399 1192 1642 1523">
     <span class='ocr_line' id='line_1_14' title="bbox 399 1192 1447 1251; baseline -0.002 -14"><span class='ocrx_word' id='word_1_77' title='bbox 399 1207 439 1238; x_wconf 94' lang='lat'><em>10</em></span> <span class='ocrx_word' id='word_1_78' title='bbox 466 1192 507 1237; x_wconf 84' lang='grc' dir='ltr'><em>εἷ</em></span> <span class='ocrx_word' id='word_1_79' title='bbox 535 1195 701 1251; x_wconf 82' lang='grc' dir='ltr'><em>κύριος,</em></span> <span class='ocrx_word' id='word_1_80' title='bbox 731 1195 929 1250; x_wconf 82' lang='grc' dir='ltr'><em>χρῆσθαί</em></span> <span class='ocrx_word' id='word_1_81' title='bbox 957 1204 1005 1236; x_wconf 87' lang='grc' dir='ltr'><em>σε</em></span> <span class='ocrx_word' id='word_1_82' title='bbox 1036 1195 1266 1248; x_wconf 73' lang='grc' dir='ltr'><em>γενναίως,</em></span> <span class='ocrx_word' id='word_1_83' title='bbox 1297 1193 1447 1248; x_wconf 80' lang='grc' dir='ltr'><em>πάτερ,</em></span> 
     </span>
     <span class='ocr_line' id='line_1_15' title="bbox 464 1265 1509 1322; baseline -0.002 -14"><span class='ocrx_word' id='word_1_84' title='bbox 464 1266 615 1320; x_wconf 89' lang='grc' dir='ltr'><em>αὐτόν,</em></span> <span class='ocrx_word' id='word_1_85' title='bbox 648 1265 900 1322; x_wconf 80' lang='grc' dir='ltr'><em>ἐπικουρεῖν</em></span> <span class='ocrx_word' id='word_1_86' title='bbox 931 1272 1082 1320; x_wconf 85' lang='grc' dir='ltr'><em>πᾶσιν,</em></span> <span class='ocrx_word' id='word_1_87' title='bbox 1115 1265 1333 1321; x_wconf 87' lang='grc' dir='ltr'><em>εὐπόρους</em></span> <span class='ocrx_word' id='word_1_88' title='bbox 1364 1271 1509 1306; x_wconf 86' lang='grc' dir='ltr'><em>ποιεῖν</em></span> 
     </span>
     <span class='ocr_line' id='line_1_16' title="bbox 464 1335 1642 1393; baseline -0.003 -13"><span class='ocrx_word' id='word_1_89' title='bbox 464 1337 541 1388; x_wconf 88' lang='grc' dir='ltr'><em>οὓς</em></span> <span class='ocrx_word' id='word_1_90' title='bbox 573 1336 628 1379; x_wconf 76' lang='grc' dir='ltr'><em>ἂν</em></span> <span class='ocrx_word' id='word_1_91' title='bbox 660 1337 774 1393; x_wconf 83' lang='grc' dir='ltr'><em>δύνῃ</em></span> <span class='ocrx_word' id='word_1_92' title='bbox 805 1339 1039 1386; x_wconf 76' lang='grc' dir='ltr'><em>πλείστους</em></span> <span class='ocrx_word' id='word_1_93' title='bbox 1071 1337 1145 1379; x_wconf 84' lang='grc' dir='ltr'><em>διὰ</em></span> <span class='ocrx_word' id='word_1_94' title='bbox 1177 1341 1361 1379; x_wconf 84' lang='grc' dir='ltr'><em>σαυτοῦ·</em></span> <span class='ocrx_word' id='word_1_95' title='bbox 1392 1341 1526 1378; x_wconf 84' lang='grc' dir='ltr'><em>τοῦτο</em></span> <span class='ocrx_word' id='word_1_96' title='bbox 1557 1335 1642 1392; x_wconf 79' lang='grc' dir='ltr'><em>γὰρ</em></span> 
     </span>
     <span class='ocr_line' id='line_1_17' title="bbox 464 1407 1475 1464; baseline -0.002 -13"><span class='ocrx_word' id='word_1_97' title='bbox 464 1409 693 1451; x_wconf 80' lang='grc' dir='ltr'><em>ἀθάνατόν</em></span> <span class='ocrx_word' id='word_1_98' title='bbox 725 1407 829 1462; x_wconf 82' lang='grc' dir='ltr'><em>ἐστι,</em></span> <span class='ocrx_word' id='word_1_99' title='bbox 862 1409 945 1451; x_wconf 80' lang='grc' dir='ltr'><em>κᾶν</em></span> <span class='ocrx_word' id='word_1_100' title='bbox 977 1422 1082 1451; x_wconf 89' lang='grc' dir='ltr'><em>ποτε</em></span> <span class='ocrx_word' id='word_1_101' title='bbox 1112 1410 1297 1458; x_wconf 80' lang='grc' dir='ltr'><em>πταίσας</em></span> <span class='ocrx_word' id='word_1_102' title='bbox 1327 1408 1475 1464; x_wconf 80' lang='grc' dir='ltr'><em>τύχῃς,</em></span> 
     </span>
     <span class='ocr_line' id='line_1_18' title="bbox 465 1479 1400 1523; baseline -0.001 -1"><span class='ocrx_word' id='word_1_103' title='bbox 465 1480 638 1523; x_wconf 78' lang='grc' dir='ltr'><em>ἐκεῖθεν</em></span> <span class='ocrx_word' id='word_1_104' title='bbox 670 1482 791 1522; x_wconf 80' lang='grc' dir='ltr'><em>ἔσται</em></span> <span class='ocrx_word' id='word_1_105' title='bbox 821 1480 955 1522; x_wconf 85' lang='grc' dir='ltr'><em>ταύτὸ</em></span> <span class='ocrx_word' id='word_1_106' title='bbox 987 1481 1119 1522; x_wconf 83' lang='grc' dir='ltr'><em>τοῦτό</em></span> <span class='ocrx_word' id='word_1_107' title='bbox 1152 1490 1223 1522; x_wconf 89' lang='grc' dir='ltr'><em>σοι</em></span> <span class='ocrx_word' id='word_1_108' title='bbox 1255 1479 1400 1522; x_wconf 77' lang='grc' dir='ltr'><em>πάλιν.</em></span> 
     </span>
    </p>

    <p class='ocr_par' dir='ltr' id='par_1_7' title="bbox 398 1549 1536 1679">
     <span class='ocr_line' id='line_1_19' title="bbox 398 1549 1470 1609; baseline -0.002 -15"><span class='ocrx_word' id='word_1_109' title='bbox 398 1563 438 1594; x_wconf 83' lang='grc'><em>15</em></span> <span class='ocrx_word' id='word_1_110' title='bbox 464 1555 612 1609; x_wconf 77' lang='grc' dir='ltr'><em>πολλῷ</em></span> <span class='ocrx_word' id='word_1_111' title='bbox 646 1549 695 1593; x_wconf 73' lang='grc' dir='ltr'><em>δὲ</em></span> <span class='ocrx_word' id='word_1_112' title='bbox 726 1553 925 1608; x_wconf 89' lang='grc' dir='ltr'><em>κρεῖττόν</em></span> <span class='ocrx_word' id='word_1_113' title='bbox 957 1550 1077 1594; x_wconf 83' lang='grc' dir='ltr'><em>ἐστιν</em></span> <span class='ocrx_word' id='word_1_114' title='bbox 1109 1550 1308 1607; x_wconf 82' lang='grc' dir='ltr'><em>ἐμφανὴς</em></span> <span class='ocrx_word' id='word_1_115' title='bbox 1341 1553 1470 1606; x_wconf 85' lang='grc' dir='ltr'><em>φίλος</em></span> 
     </span>
     <span class='ocr_line' id='line_1_20' title="bbox 465 1622 1536 1679; baseline -0.002 -13"><span class='ocrx_word' id='word_1_116' title='bbox 465 1623 491 1678; x_wconf 77' lang='grc' dir='ltr'>ἢ</span> <span class='ocrx_word' id='word_1_117' title='bbox 523 1627 714 1674; x_wconf 87' lang='grc' dir='ltr'><em>πλοῦτος</em></span> <span class='ocrx_word' id='word_1_118' title='bbox 746 1623 932 1679; x_wconf 85' lang='grc' dir='ltr'><em>ἀφανής,</em></span> <span class='ocrx_word' id='word_1_119' title='bbox 966 1623 1018 1666; x_wconf 92' lang='grc' dir='ltr'><em>ὃν</em></span> <span class='ocrx_word' id='word_1_120' title='bbox 1050 1624 1107 1666; x_wconf 88' lang='grc' dir='ltr'><em>σὺ</em></span> <span class='ocrx_word' id='word_1_121' title='bbox 1138 1622 1382 1679; x_wconf 80' lang='grc' dir='ltr'><em>κατορύξας</em></span> <span class='ocrx_word' id='word_1_122' title='bbox 1412 1623 1536 1678; x_wconf 85' lang='grc' dir='ltr'><em>ἔχεις.</em></span> 
     </span>
    </p>

    <p class='ocr_par' dir='ltr' id='par_1_8' title="bbox 253 1708 1825 2062">
     <span class='ocr_line' id='line_1_21' title="bbox 374 1708 1824 1762; baseline -0.001 -14"><span class='ocrx_word' id='word_1_123' title='bbox 374 1710 569 1749; x_wconf 82' lang='lat' dir='ltr'>Stobaeus</span> <span class='ocrx_word' id='word_1_124' title='bbox 609 1711 747 1749; x_wconf 84' lang='lat' dir='ltr'><em>Floril.</em></span> <span class='ocrx_word' id='word_1_125' title='bbox 782 1712 853 1759; x_wconf 86' lang='lat'><em>16,</em></span> <span class='ocrx_word' id='word_1_126' title='bbox 891 1713 941 1749; x_wconf 92' lang='grc'><em>13</em></span> <span class='ocrx_word' id='word_1_127' title='bbox 985 1709 1234 1762; x_wconf 79' lang='grc' dir='ltr'><em>Μενάνδρου</em></span> <span class='ocrx_word' id='word_1_128' title='bbox 1273 1708 1315 1748; x_wconf 82' lang='grc' dir='ltr'><em>ἐκ</em></span> <span class='ocrx_word' id='word_1_129' title='bbox 1346 1708 1555 1748; x_wconf 84' lang='grc' dir='ltr'><em>Δυσκόλου</em></span> <span class='ocrx_word' id='word_1_130' title='bbox 1588 1709 1636 1747; x_wconf 90' lang='grc' dir='ltr'><em>Α.</em></span> <span class='ocrx_word' id='word_1_131' title='bbox 1699 1709 1824 1756; x_wconf 87' lang='grc' dir='ltr'><em>3.·εἰς</em></span> 
     </span>
     <span class='ocr_line' id='line_1_22' title="bbox 253 1766 1824 1829; baseline 0.001 -22"><span class='ocrx_word' id='word_1_132' title='bbox 253 1768 381 1808; x_wconf 80' lang='grc' dir='ltr'><em>πάντα</em></span> <span class='ocrx_word' id='word_1_133' title='bbox 412 1770 460 1807; x_wconf 91' lang='grc' dir='ltr'><em>Α.</em></span> <span class='ocrx_word' id='word_1_134' title='bbox 486 1823 501 1828; x_wconf 68' lang='lat'>„</span> <span class='ocrx_word' id='word_1_135' title='bbox 523 1769 577 1816; x_wconf 83' lang='grc' dir='ltr'><em>εἰς</em></span> <span class='ocrx_word' id='word_1_136' title='bbox 609 1770 720 1808; x_wconf 81' lang='lat' dir='ltr'>deest</span> <span class='ocrx_word' id='word_1_137' title='bbox 751 1766 815 1809; x_wconf 75' lang='lat'><em>131.</em></span> <span class='ocrx_word' id='word_1_138' title='bbox 876 1769 1031 1809; x_wconf 74' lang='grc' dir='ltr'><em>ἅπαντα</em></span> <span class='ocrx_word' id='word_1_139' title='bbox 1062 1770 1196 1808; x_wconf 86' lang='lat' dir='ltr'>Bentl.</span> <span class='ocrx_word' id='word_1_140' title='bbox 1257 1771 1296 1808; x_wconf 87' lang='lat'><em>4.</em></span> <span class='ocrx_word' id='word_1_141' title='bbox 1328 1767 1385 1808; x_wconf 79' lang='grc' dir='ltr'><em>ὤν</em></span> <span class='ocrx_word' id='word_1_142' title='bbox 1419 1783 1462 1829; x_wconf 56' lang='grc' dir='ltr'><em>γε</em></span> <span class='ocrx_word' id='word_1_143' title='bbox 1493 1769 1698 1808; x_wconf 87' lang='lat' dir='ltr'>Herwerd.</span> <span class='ocrx_word' id='word_1_144' title='bbox 1730 1767 1824 1808; x_wconf 85' lang='lat' dir='ltr'><strong>Obs.</strong></span> 
     </span>
     <span class='ocr_line' id='line_1_23' title="bbox 253 1824 1822 1880; baseline 0 -13"><span class='ocrx_word' id='word_1_145' title='bbox 253 1829 342 1867; x_wconf 83' lang='lat' dir='ltr'>crit.</span> <span class='ocrx_word' id='word_1_146' title='bbox 375 1830 443 1867; x_wconf 83' lang='lat'><em>86.</em></span> <span class='ocrx_word' id='word_1_147' title='bbox 476 1829 531 1867; x_wconf 87' lang='grc' dir='ltr'><em>ὡν</em></span> <span class='ocrx_word' id='word_1_148' title='bbox 565 1824 601 1868; x_wconf 83' lang='grc' dir='ltr'><em>εἶ</em></span> <span class='ocrx_word' id='word_1_149' title='bbox 628 1830 773 1868; x_wconf 83' lang='lat' dir='ltr'>Naber.</span> <span class='ocrx_word' id='word_1_150' title='bbox 799 1830 943 1868; x_wconf 89' lang='lat' dir='ltr'>Mnem.</span> <span class='ocrx_word' id='word_1_151' title='bbox 975 1843 1013 1868; x_wconf 88' lang='lat' dir='ltr'><em>n.</em></span> <span class='ocrx_word' id='word_1_152' title='bbox 1039 1829 1140 1868; x_wconf 90' lang='lat' dir='ltr'><strong>VIII</strong></span> <span class='ocrx_word' id='word_1_153' title='bbox 1172 1830 1271 1868; x_wconf 83' lang='lat'><strong>415.</strong></span> <span class='ocrx_word' id='word_1_154' title='bbox 1303 1830 1394 1868; x_wconf 84' lang='lat' dir='ltr'><em>fort.</em></span> <span class='ocrx_word' id='word_1_155' title='bbox 1427 1829 1484 1867; x_wconf 89' lang='grc' dir='ltr'><em>ὡν</em></span> <span class='ocrx_word' id='word_1_156' title='bbox 1516 1827 1583 1867; x_wconf 84' lang='grc' dir='ltr'><em>σὺ.</em></span> <span class='ocrx_word' id='word_1_157' title='bbox 1633 1830 1671 1868; x_wconf 89' lang='grc'><em>5.</em></span> <span class='ocrx_word' id='word_1_158' title='bbox 1703 1828 1739 1867; x_wconf 85' lang='grc' dir='ltr'><em>εἰ</em></span> <span class='ocrx_word' id='word_1_159' title='bbox 1768 1826 1822 1880; x_wconf 81' lang='grc' dir='ltr'><em>μὴ</em></span> 
     </span>
     <span class='ocr_line' id='line_1_24' title="bbox 254 1885 1820 1940; baseline 0 -14"><span class='ocrx_word' id='word_1_160' title='bbox 254 1885 296 1927; x_wconf 81' lang='grc' dir='ltr'><em>δὲ</em></span> <span class='ocrx_word' id='word_1_161' title='bbox 336 1893 483 1927; x_wconf 77' lang='grc' dir='ltr'><em>σαυτοῦ</em></span> <span class='ocrx_word' id='word_1_162' title='bbox 514 1889 634 1927; x_wconf 86' lang='lat' dir='ltr'>Mein.</span> <span class='ocrx_word' id='word_1_163' title='bbox 667 1890 767 1928; x_wconf 82' lang='lat' dir='ltr'>conl.</span> <span class='ocrx_word' id='word_1_164' title='bbox 800 1890 965 1928; x_wconf 82' lang='lat' dir='ltr'>Timool.</span> <span class='ocrx_word' id='word_1_165' title='bbox 998 1891 1042 1940; x_wconf 83' lang='lat'><em>8,</em></span> <span class='ocrx_word' id='word_1_166' title='bbox 1078 1887 1150 1939; x_wconf 88' lang='lat'><em>13]</em></span> <span class='ocrx_word' id='word_1_167' title='bbox 1191 1888 1226 1927; x_wconf 86' lang='grc' dir='ltr'><em>εἰ</em></span> <span class='ocrx_word' id='word_1_168' title='bbox 1257 1886 1298 1927; x_wconf 83' lang='grc' dir='ltr'><em>δὲ</em></span> <span class='ocrx_word' id='word_1_169' title='bbox 1337 1886 1389 1939; x_wconf 82' lang='grc' dir='ltr'><em>μὴ</em></span> <span class='ocrx_word' id='word_1_170' title='bbox 1429 1892 1597 1927; x_wconf 80' lang='grc' dir='ltr'><em>σεαυτοῦ</em></span> <span class='ocrx_word' id='word_1_171' title='bbox 1630 1888 1676 1926; x_wconf 93' lang='grc' dir='ltr'><em>Α.</em></span> <span class='ocrx_word' id='word_1_172' title='bbox 1719 1887 1754 1927; x_wconf 82' lang='grc' dir='ltr'><em>εἰ</em></span> <span class='ocrx_word' id='word_1_173' title='bbox 1784 1885 1820 1927; x_wconf 85' lang='grc' dir='ltr'><em>δ’</em></span> 
     </span>
     <span class='ocr_line' id='line_1_25' title="bbox 255 1943 1824 2000; baseline 0 -14"><span class='ocrx_word' id='word_1_174' title='bbox 255 1945 302 1986; x_wconf 81' lang='grc' dir='ltr'><em>οὐ</em></span> <span class='ocrx_word' id='word_1_175' title='bbox 335 1952 501 1987; x_wconf 85' lang='grc' dir='ltr'><em>σεαυτοῦ</em></span> <span class='ocrx_word' id='word_1_176' title='bbox 533 1943 597 1987; x_wconf 53' lang='grc' dir='ltr'><em>ΒΞ.</em></span> <span class='ocrx_word' id='word_1_177' title='bbox 629 1946 654 1986; x_wconf 75' lang='grc' dir='ltr'><strong><em>ἃ</em></strong></span> <span class='ocrx_word' id='word_1_178' title='bbox 687 1946 726 1987; x_wconf 82' lang='grc' dir='ltr'><em>δὲ</em></span> <span class='ocrx_word' id='word_1_179' title='bbox 761 1946 813 1999; x_wconf 80' lang='grc' dir='ltr'><em>μὴ</em></span> <span class='ocrx_word' id='word_1_180' title='bbox 848 1953 1014 1987; x_wconf 83' lang='grc' dir='ltr'><em>σεαυτοῦ</em></span> <span class='ocrx_word' id='word_1_181' title='bbox 1047 1949 1211 1988; x_wconf 84' lang='lat' dir='ltr'><em>Porson.</em></span> <span class='ocrx_word' id='word_1_182' title='bbox 1241 1947 1343 1987; x_wconf 75' lang='lat' dir='ltr'><em>Adv.</em></span> <span class='ocrx_word' id='word_1_183' title='bbox 1371 1950 1438 1987; x_wconf 83' lang='lat'><em>43.</em></span> <span class='ocrx_word' id='word_1_184' title='bbox 1502 1949 1540 1986; x_wconf 87' lang='lat'><em>9.</em></span> <span class='ocrx_word' id='word_1_185' title='bbox 1572 1945 1692 2000; x_wconf 72' lang='grc' dir='ltr'><em>ἔγωγε</em></span> <span class='ocrx_word' id='word_1_186' title='bbox 1723 1947 1824 1999; x_wconf 81' lang='lat' dir='ltr'>Tyr-</span> 
     </span>
     <span class='ocr_line' id='line_1_26' title="bbox 255 2002 1825 2062; baseline 0.001 -17"><span class='ocrx_word' id='word_1_187' title='bbox 255 2004 402 2058; x_wconf 88' lang='lat' dir='ltr'>whitt.]</span> <span class='ocrx_word' id='word_1_188' title='bbox 438 2005 512 2060; x_wconf 77' lang='grc' dir='ltr'><em>ἐγώ</em></span> <span class='ocrx_word' id='word_1_189' title='bbox 540 2018 592 2046; x_wconf 89' lang='grc' dir='ltr'><em>σε.</em></span> <span class='ocrx_word' id='word_1_190' title='bbox 646 2011 711 2046; x_wconf 79' lang='lat'><em>12.</em></span> <span class='ocrx_word' id='word_1_191' title='bbox 738 2005 790 2054; x_wconf 85' lang='grc' dir='ltr'><em>ὡς</em></span> <span class='ocrx_word' id='word_1_192' title='bbox 817 2003 1034 2062; x_wconf 83' lang='lat' dir='ltr'>(suprascr.</span> <span class='ocrx_word' id='word_1_193' title='bbox 1067 2003 1156 2062; x_wconf 76' lang='grc' dir='ltr'><em>οὓς)</em></span> <span class='ocrx_word' id='word_1_194' title='bbox 1185 2008 1269 2047; x_wconf 93' lang='lat' dir='ltr'><em>AB.</em></span> <span class='ocrx_word' id='word_1_195' title='bbox 1325 2009 1391 2046; x_wconf 90' lang='grc'><em>15.</em></span> <span class='ocrx_word' id='word_1_196' title='bbox 1416 2009 1546 2047; x_wconf 83' lang='grc' dir='ltr'><em>πολλῶ</em></span> <span class='ocrx_word' id='word_1_197' title='bbox 1572 2002 1638 2046; x_wconf 79' lang='lat' dir='ltr'><em>B.2</em></span> <span class='ocrx_word' id='word_1_198' title='bbox 1668 2009 1825 2058; x_wconf 80' lang='grc' dir='ltr'><em>πολλῶν</em></span> 
     </span>
    </p>
   </div>
   <div class='ocr_carea' id='block_1_5' title="bbox 253 2066 1826 2181">
    <p class='ocr_par' dir='ltr' id='par_1_9' title="bbox 253 2066 1826 2181">
     <span class='ocr_line' id='line_1_27' title="bbox 254 2066 1826 2118; baseline 0.002 -14"><span class='ocrx_word' id='word_1_199' title='bbox 254 2066 302 2105; x_wconf 90' lang='grc' dir='ltr'><em>Α.</em></span> <span class='ocrx_word' id='word_1_200' title='bbox 334 2068 482 2106; x_wconf 80' lang='grc' dir='ltr'><em>πολλοῦ</em></span> <span class='ocrx_word' id='word_1_201' title='bbox 513 2067 562 2106; x_wconf 89' lang='lat' dir='ltr'><em>N.</em></span> <span class='ocrx_word' id='word_1_202' title='bbox 624 2081 659 2107; x_wconf 90' lang='lat' dir='ltr'><em>v.</em></span> <span class='ocrx_word' id='word_1_203' title='bbox 690 2070 756 2107; x_wconf 85' lang='lat'><em>15.</em></span> <span class='ocrx_word' id='word_1_204' title='bbox 782 2069 834 2106; x_wconf 92' lang='grc'><em>16</em></span> <span class='ocrx_word' id='word_1_205' title='bbox 869 2081 1079 2118; x_wconf 86' lang='lat' dir='ltr'>perperam</span> <span class='ocrx_word' id='word_1_206' title='bbox 1110 2068 1262 2106; x_wconf 79' lang='lat' dir='ltr'>incerto</span> <span class='ocrx_word' id='word_1_207' title='bbox 1293 2069 1436 2118; x_wconf 82' lang='lat' dir='ltr'>poetae</span> <span class='ocrx_word' id='word_1_208' title='bbox 1467 2067 1613 2106; x_wconf 88' lang='lat' dir='ltr'>tribuit</span> <span class='ocrx_word' id='word_1_209' title='bbox 1643 2067 1826 2107; x_wconf 82' lang='lat' dir='ltr'><em>Grotius:</em></span> 
     </span>
     <span class='ocr_line' id='line_1_28' title="bbox 253 2126 676 2181; baseline 0.005 -18"><span class='ocrx_word' id='word_1_210' title='bbox 253 2126 424 2165; x_wconf 85' lang='lat' dir='ltr'><em>fortasse</em></span> <span class='ocrx_word' id='word_1_211' title='bbox 455 2128 586 2181; x_wconf 81' lang='grc' dir='ltr'><em>πολλῷ</em></span> <span class='ocrx_word' id='word_1_212' title='bbox 616 2141 676 2179; x_wconf 76' lang='grc' dir='ltr'><em>γε.</em></span> 
     </span>
    </p>
   </div>
   <div class='ocr_carea' id='block_1_6' title="bbox 257 2181 1827 2594">
    <p class='ocr_par' dir='ltr' id='par_1_10' title="bbox 257 2181 1827 2594">
     <span class='ocr_line' id='line_1_29' title="bbox 375 2181 1826 2236; baseline 0.002 -13"><span class='ocrx_word' id='word_1_213' title='bbox 375 2181 485 2223; x_wconf 73' lang='lat' dir='ltr'><em>esunt</em></span> <span class='ocrx_word' id='word_1_214' title='bbox 515 2186 589 2223; x_wconf 80' lang='lat' dir='ltr'>filii</span> <span class='ocrx_word' id='word_1_215' title='bbox 620 2186 671 2224; x_wconf 83' lang='lat' dir='ltr'><em>ad</em></span> <span class='ocrx_word' id='word_1_216' title='bbox 701 2188 868 2236; x_wconf 79' lang='lat' dir='ltr'>patrem,</span> <span class='ocrx_word' id='word_1_217' title='bbox 900 2186 1031 2236; x_wconf 82' lang='lat' dir='ltr'>ipsum</span> <span class='ocrx_word' id='word_1_218' title='bbox 1063 2187 1233 2224; x_wconf 73' lang='lat' dir='ltr'>forsitan</span> <span class='ocrx_word' id='word_1_219' title='bbox 1258 2185 1480 2236; x_wconf 84' lang='grc' dir='ltr'><em>Δύσκολον,</em></span> <span class='ocrx_word' id='word_1_220' title='bbox 1512 2181 1662 2225; x_wconf 82' lang='lat' dir='ltr'>verba&#39;.</span> <span class='ocrx_word' id='word_1_221' title='bbox 1705 2186 1826 2226; x_wconf 85' lang='lat' dir='ltr'>Mein.</span> 
     </span>
     <span class='ocr_line' id='line_1_30' title="bbox 258 2239 1825 2299; baseline 0.001 -17"><span class='ocrx_word' id='word_1_222' title='bbox 258 2247 324 2283; x_wconf 91' lang='lat'><em>11.</em></span> <span class='ocrx_word' id='word_1_223' title='bbox 356 2257 427 2294; x_wconf 90' lang='lat' dir='ltr'><em>pro</em></span> <span class='ocrx_word' id='word_1_224' title='bbox 455 2242 575 2283; x_wconf 79' lang='grc' dir='ltr'><em>αὐτόν</em></span> <span class='ocrx_word' id='word_1_225' title='bbox 602 2246 854 2284; x_wconf 87' lang='lat' dir='ltr'>scribendum</span> <span class='ocrx_word' id='word_1_226' title='bbox 880 2245 1040 2284; x_wconf 86' lang='lat' dir='ltr'>videtur</span> <span class='ocrx_word' id='word_1_227' title='bbox 1065 2244 1221 2292; x_wconf 78' lang='grc' dir='ltr'><em>αὐτοῖς</em></span> <span class='ocrx_word' id='word_1_228' title='bbox 1248 2241 1347 2299; x_wconf 81' lang='grc' dir='ltr'><em>(τοῖς</em></span> <span class='ocrx_word' id='word_1_229' title='bbox 1373 2239 1600 2298; x_wconf 81' lang='grc' dir='ltr'><em>χρήμασιν),</em></span> <span class='ocrx_word' id='word_1_230' title='bbox 1627 2245 1825 2296; x_wconf 87' lang='lat' dir='ltr'>siquidem</span> 
     </span>
     <span class='ocr_line' id='line_1_31' title="bbox 257 2304 1824 2354; baseline 0.002 -13"><span class='ocrx_word' id='word_1_231' title='bbox 257 2304 404 2342; x_wconf 79' lang='lat' dir='ltr'>diserte</span> <span class='ocrx_word' id='word_1_232' title='bbox 435 2306 558 2354; x_wconf 80' lang='lat' dir='ltr'>negat</span> <span class='ocrx_word' id='word_1_233' title='bbox 588 2306 660 2343; x_wconf 76' lang='lat' dir='ltr'><em>soli</em></span> <span class='ocrx_word' id='word_1_234' title='bbox 692 2305 852 2344; x_wconf 84' lang='lat' dir='ltr'>divitias</span> <span class='ocrx_word' id='word_1_235' title='bbox 886 2317 970 2344; x_wconf 86' lang='lat' dir='ltr'>esse</span> <span class='ocrx_word' id='word_1_236' title='bbox 1003 2306 1204 2344; x_wconf 86' lang='lat' dir='ltr'>fruendas.</span> <span class='ocrx_word' id='word_1_237' title='bbox 1269 2307 1336 2345; x_wconf 84' lang='lat'><em>15.</em></span> <span class='ocrx_word' id='word_1_238' title='bbox 1367 2306 1537 2344; x_wconf 83' lang='lat' dir='ltr'>Bekker.</span> <span class='ocrx_word' id='word_1_239' title='bbox 1556 2305 1705 2344; x_wconf 84' lang='lat' dir='ltr'><em>Aneod.</em></span> <span class='ocrx_word' id='word_1_240' title='bbox 1727 2307 1824 2353; x_wconf 89' lang='grc'><em>463,</em></span> 
     </span>
     <span class='ocr_line' id='line_1_32' title="bbox 259 2360 1825 2417; baseline 0.001 -16"><span class='ocrx_word' id='word_1_241' title='bbox 259 2364 312 2401; x_wconf 83' lang='grc'><em>23</em></span> <span class='ocrx_word' id='word_1_242' title='bbox 346 2360 536 2413; x_wconf 74' lang='grc' dir='ltr'><em>ἀφανὴς</em></span> <span class='ocrx_word' id='word_1_243' title='bbox 568 2362 706 2403; x_wconf 79' lang='grc' dir='ltr'><em>οὐσία</em></span> <span class='ocrx_word' id='word_1_244' title='bbox 737 2362 884 2417; x_wconf 76' lang='grc' dir='ltr'><em>λέγεται</em></span> <span class='ocrx_word' id='word_1_245' title='bbox 914 2361 940 2414; x_wconf 80' lang='grc' dir='ltr'>ἡ</span> <span class='ocrx_word' id='word_1_246' title='bbox 967 2363 1014 2403; x_wconf 83' lang='grc' dir='ltr'><em>ἐν</em></span> <span class='ocrx_word' id='word_1_247' title='bbox 1047 2363 1250 2416; x_wconf 80' lang='grc' dir='ltr'><em>χρήμασι</em></span> <span class='ocrx_word' id='word_1_248' title='bbox 1281 2363 1348 2404; x_wconf 83' lang='grc' dir='ltr'><em>καὶ</em></span> <span class='ocrx_word' id='word_1_249' title='bbox 1379 2364 1531 2416; x_wconf 83' lang='grc' dir='ltr'><em>σώμασι</em></span> <span class='ocrx_word' id='word_1_250' title='bbox 1561 2362 1627 2403; x_wconf 86' lang='grc' dir='ltr'><em>καὶ</em></span> <span class='ocrx_word' id='word_1_251' title='bbox 1658 2363 1825 2415; x_wconf 85' lang='grc' dir='ltr'><em>σκεύεσι,</em></span> 
     </span>
     <span class='ocr_line' id='line_1_33' title="bbox 258 2419 1827 2476; baseline 0.002 -16"><span class='ocrx_word' id='word_1_252' title='bbox 258 2421 440 2473; x_wconf 79' lang='grc' dir='ltr'><em>φανερὰ</em></span> <span class='ocrx_word' id='word_1_253' title='bbox 472 2420 514 2460; x_wconf 84' lang='grc' dir='ltr'><em>δὲ</em></span> <span class='ocrx_word' id='word_1_254' title='bbox 545 2419 570 2473; x_wconf 78' lang='grc' dir='ltr'>ἡ</span> <span class='ocrx_word' id='word_1_255' title='bbox 599 2422 755 2476; x_wconf 74' lang='grc' dir='ltr'><em>ἔγγειος.</em></span> <span class='ocrx_word' id='word_1_256' title='bbox 800 2422 902 2462; x_wconf 76' lang='grc' dir='ltr'><em>οὕτω</em></span> <span class='ocrx_word' id='word_1_257' title='bbox 923 2424 1079 2471; x_wconf 82' lang='grc' dir='ltr'><em>Λυσίας</em></span> <span class='ocrx_word' id='word_1_258' title='bbox 1111 2425 1311 2476; x_wconf 79' lang='lat' dir='ltr'>ceterique</span> <span class='ocrx_word' id='word_1_259' title='bbox 1338 2427 1530 2464; x_wconf 82' lang='lat' dir='ltr'><em>oratores.</em></span> <span class='ocrx_word' id='word_1_260' title='bbox 1573 2437 1645 2474; x_wconf 87' lang='lat' dir='ltr'><em>pro</em></span> <span class='ocrx_word' id='word_1_261' title='bbox 1672 2423 1827 2476; x_wconf 79' lang='grc' dir='ltr'><em>φανερά</em></span> 
     </span>
     <span class='ocr_line' id='line_1_34' title="bbox 258 2478 1825 2537; baseline 0.003 -18"><span class='ocrx_word' id='word_1_262' title='bbox 258 2481 380 2519; x_wconf 81' lang='lat' dir='ltr'>etiam</span> <span class='ocrx_word' id='word_1_263' title='bbox 424 2482 609 2521; x_wconf 75' lang='lat' dir='ltr'>dicebant</span> <span class='ocrx_word' id='word_1_264' title='bbox 647 2482 833 2534; x_wconf 80' lang='grc' dir='ltr'><em>ἐμφανῆ</em></span> <span class='ocrx_word' id='word_1_265' title='bbox 873 2478 938 2533; x_wconf 86' lang='lat' dir='ltr'><em>(ut</em></span> <span class='ocrx_word' id='word_1_266' title='bbox 974 2484 1039 2522; x_wconf 78' lang='lat' dir='ltr'><em>hic</em></span> <span class='ocrx_word' id='word_1_267' title='bbox 1077 2482 1258 2535; x_wconf 81' lang='grc' dir='ltr'><em>ἐμφανὴς</em></span> <span class='ocrx_word' id='word_1_268' title='bbox 1302 2478 1449 2537; x_wconf 79' lang='grc' dir='ltr'><em>φίλος).</em></span> <span class='ocrx_word' id='word_1_269' title='bbox 1511 2484 1608 2523; x_wconf 92' lang='lat' dir='ltr'><em>Xen.</em></span> <span class='ocrx_word' id='word_1_270' title='bbox 1646 2483 1750 2523; x_wconf 84' lang='lat' dir='ltr'><strong>Hell.</strong></span> <span class='ocrx_word' id='word_1_271' title='bbox 1786 2485 1825 2535; x_wconf 87' lang='lat'><em>5,</em></span> 
     </span>
     <span class='ocr_line' id='line_1_35' title="bbox 261 2539 1417 2594; baseline 0 -15"><span class='ocrx_word' id='word_1_272' title='bbox 261 2542 303 2591; x_wconf 83' lang='lat'><em>2,</em></span> <span class='ocrx_word' id='word_1_273' title='bbox 339 2542 392 2579; x_wconf 88' lang='lat'><em>10</em></span> <span class='ocrx_word' id='word_1_274' title='bbox 424 2539 671 2592; x_wconf 82' lang='grc' dir='ltr'><em>ἐψηφίσαντο</em></span> <span class='ocrx_word' id='word_1_275' title='bbox 704 2541 928 2583; x_wconf 80' lang='grc' dir='ltr'><em>ἀποδοῦναι</em></span> <span class='ocrx_word' id='word_1_276' title='bbox 958 2542 1004 2581; x_wconf 83' lang='grc' dir='ltr'><em>τὰ</em></span> <span class='ocrx_word' id='word_1_277' title='bbox 1036 2541 1194 2594; x_wconf 82' lang='grc' dir='ltr'><em>ἐμφανῆ</em></span> <span class='ocrx_word' id='word_1_278' title='bbox 1226 2542 1417 2594; x_wconf 80' lang='grc' dir='ltr'><em>κτήματα..</em></span> 
     </span>
    </p>
   </div>
   <div class='ocr_carea' id='block_1_7' title="bbox 475 2658 1540 2937">
    <p class='ocr_par' dir='ltr' id='par_1_11' title="bbox 475 2658 1540 2937">
     <span class='ocr_line' id='line_1_36' title="bbox 1005 2658 1087 2700; baseline 0 0"><span class='ocrx_word' id='word_1_279' title='bbox 1005 2658 1087 2700; x_wconf 83' lang='grc'><em>129</em></span> 
     </span>
     <span class='ocr_line' id='line_1_37' title="bbox 759 2737 1475 2796; baseline -0.001 -14"><span class='ocrx_word' id='word_1_280' title='bbox 759 2740 818 2790; x_wconf 81' lang='grc' dir='ltr'><em>ὡς</em></span> <span class='ocrx_word' id='word_1_281' title='bbox 847 2741 1015 2783; x_wconf 83' lang='grc' dir='ltr'><em>θύουσι</em></span> <span class='ocrx_word' id='word_1_282' title='bbox 1048 2737 1088 2782; x_wconf 85' lang='grc' dir='ltr'><em>δ’</em></span> <span class='ocrx_word' id='word_1_283' title='bbox 1125 2739 1172 2782; x_wconf 73' lang='grc' dir='ltr'><em>οἱ</em></span> <span class='ocrx_word' id='word_1_284' title='bbox 1198 2740 1475 2796; x_wconf 82' lang='grc' dir='ltr'><em>τοιχωρύχοι,</em></span> 
     </span>
     <span class='ocr_line' id='line_1_38' title="bbox 475 2808 1506 2867; baseline 0.004 -17"><span class='ocrx_word' id='word_1_285' title='bbox 475 2810 624 2860; x_wconf 87' lang='grc' dir='ltr'><em>κίστας</em></span> <span class='ocrx_word' id='word_1_286' title='bbox 649 2809 875 2867; x_wconf 83' lang='grc' dir='ltr'><em>φέροντες,</em></span> <span class='ocrx_word' id='word_1_287' title='bbox 908 2808 1100 2867; x_wconf 80' lang='grc' dir='ltr'><em>σταμνί’,</em></span> <span class='ocrx_word' id='word_1_288' title='bbox 1133 2809 1232 2866; x_wconf 84' lang='grc' dir='ltr'><em>οὐχὶ</em></span> <span class='ocrx_word' id='word_1_289' title='bbox 1263 2817 1352 2853; x_wconf 83' lang='grc' dir='ltr'><em>τῶν</em></span> <span class='ocrx_word' id='word_1_290' title='bbox 1382 2815 1506 2854; x_wconf 82' lang='grc' dir='ltr'><em>θεῶν</em></span> 
     </span>
     <span class='ocr_line' id='line_1_39' title="bbox 475 2878 1540 2937; baseline 0.002 -15"><span class='ocrx_word' id='word_1_291' title='bbox 475 2878 606 2935; x_wconf 78' lang='grc' dir='ltr'><em>ἕνεκ’,</em></span> <span class='ocrx_word' id='word_1_292' title='bbox 640 2879 733 2923; x_wconf 84' lang='grc' dir='ltr'><em>ἀλλ’</em></span> <span class='ocrx_word' id='word_1_293' title='bbox 771 2881 958 2925; x_wconf 79' lang='grc' dir='ltr'><em>ἑαυτῶν·</em></span> <span class='ocrx_word' id='word_1_294' title='bbox 1020 2881 1043 2924; x_wconf 87' lang='grc' dir='ltr'>ὁ</span> <span class='ocrx_word' id='word_1_295' title='bbox 1075 2883 1318 2936; x_wconf 86' lang='grc' dir='ltr'><em>λιβανωτός</em></span> <span class='ocrx_word' id='word_1_296' title='bbox 1349 2881 1540 2937; x_wconf 81' lang='grc' dir='ltr'><em>εὐσεβές,</em></span> 
     </span>
    </p>
   </div>
  </div>
 </body>
</html>
