2014 3334
832 224 931 268 ΤΗΣ
956 233 1166 268 ΑΡΧΑῙΑΣ
1701 232 1790 274 415

976 367 1033 411 82

500 426 794 484 ἀποπαρδακᾷ

329 513 557 565 Hesychius
587 518 703 553 τοῦτο
735 512 883 566 εἴρηται
914 512 1022 569 παρὰ
1046 512 1089 554 τὸ
1115 513 1374 568 ἀποπαρδεῖν.
1423 513 1691 568 ἀποπάρδακα
1721 511 1791 569 (ab

210 569 466 628 ἀποπάρδαξ)
498 573 616 614 Mein.

973 667 1030 711 83

495 725 750 781 ἀποφύλιον

328 813 472 853 Pollux
504 815 544 866 3,
575 814 631 853 56
672 811 741 853 τὸν
774 810 817 853 δὲ
847 818 1029 854 τοιοῦτον
1060 808 1148 867 (τὸν
1178 813 1575 869 παρεγγεγραμμένον
1606 810 1789 870 πολίτην)

207 871 275 913 καὶ
311 870 555 922 ὑπόξυλον
592 869 882 925 ὠνόμαζονρῐ
914 871 998 914 νέοι
1034 874 1211 926 κωμικοί.
1274 873 1340 914 καὶ
1385 873 1628 927 ὑπόχυτον
1672 873 1714 915 δὲ
1753 874 1796 915 οἱ

209 932 458 985 παλαιότεροι
487 931 556 973 τὸν
587 938 718 981 κακῶς
749 932 959 987 γεγονότα,
989 932 1057 973 καὶ
1091 933 1551 987 παρημπολημένον,
1588 933 1642 983 ὡς
1673 934 1790 975 ἀπο-

208 992 387 1043 φύλιον
417 991 485 1033 τὸν
516 991 651 1045 φυλὴν
681 991 735 1045 μὴ
768 992 918 1046 ἔχοντα.

969 1099 1028 1142 84

495 1181 806 1239 ἀρχολίπαρος,
837 1181 1203 1239 ἀρχογλυπτάδης

329 1269 570 1308 Eustathius
592 1271 675 1309 211
697 1269 786 1308 init.
815 1267 924 1321 παρὰ
948 1273 1029 1317 τοῖς
1059 1273 1284 1318 παλαιοῖς
1315 1268 1475 1323 ῥήτορσι
1500 1268 1567 1310 καὶ
1598 1269 1786 1324 ἀρχολί-

207 1342 359 1381 παρος
389 1326 410 1368 ὁ
436 1331 629 1380 λιπαρῶν,
654 1329 793 1380 φασίν,
819 1328 886 1369 ἴνα
905 1327 1027 1383 ἀρχῆς
1047 1329 1164 1386 τύχῃ.
1186 1361 1194 1369 .
1215 1327 1257 1370 .ὀ
1277 1328 1344 1369 καὶ
1374 1328 1788 1384 ἄρχογλυπτάδης,

208 1385 338 1441 ἤγουν
376 1385 543 1441 ὡσπερεὶ
589 1387 756 1441 γλύφων
799 1387 868 1436 τὰς
905 1387 1038 1444 ἀρχάς.
1108 1391 1242 1442 Etym.
1275 1405 1326 1429 m.
1361 1393 1464 1443 151,
1497 1392 1551 1431 35
1597 1389 1788 1445 ἀρχογλυ-

209 1446 360 1500 πτᾶὃης
386 1445 407 1488 ὁ
432 1445 598 1500 ὡσπερεὶ
622 1448 790 1502 γλύφων
813 1447 882 1497 τὰς
903 1447 1038 1510 ᾀρχάς.
1090 1451 1139 1489 cf.
1158 1450 1285 1490 Arist.
1306 1451 1404 1490 th.
1426 1451 1510 1491 595
1528 1464 1584 1502 sq.
1616 1452 1788 1492 Lobeck.

147 1539 153 1542 .
208 1507 328 1559 Soph.
356 1508 424 1548 Αἰ.
458 1510 556 1549 880.

971 1603 1029 1646 85

492 1661 802 1718 βλεπεδαίμων

327 1747 471 1788 Pollux
504 1750 541 1798 1,
575 1750 627 1788 21
662 1747 838 1800 κωμικὸν
876 1746 898 1788 ὁ
936 1749 1221 1802 βλεπεὸαίμων.
1271 1750 1512 1790 Ειιεῒειήὴίιιε
1547 1753 1644 1800 206,
1677 1753 1731 1791 27
1765 1749 1787 1791 ὁ

207 1805 510 1860 διεστραμμένος
534 1806 602 1855 τὰς
628 1805 742 1859 ὄψεις
766 1807 833 1848 καὶ
858 1804 945 1849 οἷον
970 1807 1049 1849 ὑπὸ
1075 1809 1266 1861 δαίμονος
1289 1809 1509 1863 πεπληγώς.
1549 1811 1788 1859 Παυσανίας

208 1863 250 1906 δὲ
274 1867 512 1921 προστίθησι
536 1865 603 1907 καὶ
627 1866 686 1907 ὅτι
709 1867 820 1916 τοὺς
844 1868 1187 1923 Σωκρατικοὺς
1213 1868 1364 1918 οὕτως
1393 1869 1569 1924 ἔλεγον.
1615 1872 1785 1922 Hesych.

207 1926 498 1979 βλεπεδαίμων·
530 1925 551 1967 ὅ
576 1925 656 1968 ὑπὸ
681 1927 804 1969 νόσου
829 1927 1098 1981 κατεσκληκὼς
1128 1928 1194 1969 καὶ
1219 1929 1438 1983 κακόχρους
1464 1929 1543 1970 ὑπὸ
1571 1930 1785 1982 δαιμόνων,

208 1987 257 2026 of.
290 1987 462 2028 Lobeck.
495 1987 642 2039 Phry-n.
677 1990 774 2029 768.
824 1990 960 2030 larvae
990 1991 1139 2030 similis.

971 2118 1027 2161 86

492 2180 942 2245 γλωττοκηλοιιόμπης

326 2275 566 2315 Eustathius
602 2277 731 2327 1689,
763 2278 815 2315 41
860 2275 904 2316 ἐκ
934 2281 1005 2316 τοῦ
1036 2279 1170 2328 κηλεῖν
1201 2275 1268 2316 καὶ
1297 2277 1658 2330 γλωσσοκηλόμπης
1689 2273 1784 2332 (sic)

206 2333 480 2388 κωμικώτερον
498 2334 605 2388 παρὰ
625 2339 706 2383 τοῖς
723 2338 906 2384 παλαιοῖς
926 2334 947 2376 ὁ
966 2335 1122 2393 γλώσσῃ
1148 2339 1281 2389 κηλῶν
1306 2335 1370 2377 καὶ
1391 2337 1568 2390 κόμποις.
1610 2341 1784 2392 γλωσσο-

205 2393 460 2495 ιὲἒέἔέὲιίσὲξς
496 2396 653 2436 Nauck.
684 2395 830 2436 Philol.
861 2396 919 2436 VI
950 2399 1050 2437 425.
1105 2410 1251 2437 nomen
1288 2399 1554 2449 compositum
1592 2399 1784 2450 antiquae

494 2606 818 2665 διαπερδικίσαι
966 2549 1021 2593 87

326 2692 553 2745 Hesychius
572 2696 612 2733 et
631 2695 764 2746 Etym.
782 2709 834 2734 m.
857 2697 955 2748 269,
983 2697 1037 2736 37
1072 2696 1297 2748 διαλινῆσαι
1327 2694 1394 2735 καὶ
1426 2696 1649 2750 διαφυγεῖν.
1699 2697 1782 2737 δια·

208 2754 380 2805 λινῆσαι,
411 2754 549 2793 callide
573 2766 647 2803 per
678 2755 834 2804 laqueos
864 2757 1039 2805 effugere,
1071 2755 1206 2806 Mein]
1241 2755 1485 2808 διαλαλῆσαι.
1530 2756 1785 2809 διολισθῆσαι

207 2812 435 2852 Hemsterh.
484 2810 750 2865 ἐκπερδικίσαι
786 2816 848 2854 est
877 2815 1003 2855 Arist.
1035 2815 1110 2856 Av.
1145 2817 1247 2867 768,
1285 2816 1355 2855 ubi
1392 2817 1439 2856 cf.
1473 2829 1575 2868 quae
1614 2817 1783 2857 adnota-

207 2873 350 2913 vimus.
412 2885 458 2912 ae
500 2872 818 2925 διεκπερδικίζειν
855 2878 1142 2915 commemorat
1179 2875 1332 2915 Suidas.
1395 2878 1457 2915 est
1498 2877 1669 2916 fortasse
1706 2877 1782 2917 hoo

209 2945 366 2984 quoque
396 2932 690 2983 Aristophanis.
