2014 3334
789 249 957 283 AAHAA
983 250 1245 285 οΠοΤΕΡΑΣ
1408 266 1416 275 ·
1719 247 1805 291 537

980 371 1064 414 727

515 451 611 497 ἀλλ’
642 451 876 511 ἹΙράκλεις
907 454 1036 498 αὐλεῖ
1064 470 1141 506 τις.

348 541 478 582 Schol.
510 541 649 593 Eurip.
670 542 760 582 Tro.
797 544 892 582 122.
925 564 983 570 -—
1007 537 1214 594 ἹΙράκλεις
1245 540 1382 592 Mein]
1408 527 1620 595 “Ηροικλῆς.
1641 537 1810 582 -‘c0mici

227 602 352 643 verba
382 614 469 642 esse
501 597 717 642 videntur?
749 602 867 642 Mein.

972 683 1056 725 728

515 799 954 810 .......
1016 765 1223 822 ἐχενῇδος
1255 767 1385 823 δίκην

513 839 669 894 ἔχεται.

346 925 527 976 Append.
558 938 671 977 prov.
705 928 743 974 2,
775 927 831 966 93
864 923 1042 978 ἐχενηίς.
1062 955 1071 965 .
1092 957 1102 966 .
1120 921 1226 974 εἶδος
1257 925 1420 978 ἰχθύος,
1451 922 1496 974 ὃς
1529 925 1703 978 δύναμιν
1733 924 1811 978 ἔχει

227 982 378 1038 ἐπέχειν
414 983 482 1033 τὰς
518 990 618 1033 ναῦς
655 982 835 1039 (Aelian.
865 986 915 1025 N.
942 999 1004 1025 an.
1038 988 1075 1025 2.
1112 988 1176 1026 17.
1216 985 1384 1037 Oppian.
1421 986 1601 1026 Halieut.
1636 989 1679 1037 1,
1712 988 1810 1026 212.

227 1045 338 1085 Sujd.
369 1043 529 1097 ἐχενηίς.
579 1045 681 1085 Plin.
712 1046 762 1086 N.
782 1047 820 1085 h.
843 1048 880 1093 9,
911 1047 976 1085 79.
999 1047 1066 1087 80.
1086 1048 1155 1098 32,
1178 1048 1201 1085 2
1218 1043 1294 1099 sq.)
1332 1077 1339 1085 .
1362 1077 1370 1085 .
1391 1077 1399 1085 .
1436 1045 1535 1086 ὅθεν
1573 1044 1639 1085 καὶ
1669 1060 1809 1098 παροι-

227 1104 298 1156 μία
327 1107 405 1145 κτλ.
468 1106 518 1144 cf.
551 1105 692 1146 Aesch.
724 1105 803 1158 Ag.
838 1108 919 1146 145
966 1109 1007 1145 et
1049 1106 1098 1146 de
1141 1106 1344 1146 sententia
1383 1106 1509 1146 Arist.
1540 1106 1649 1146 Plut.
1683 1107 1810 1147 1096.

229 1165 362 1216 adesp.
400 1167 525 1205 1306.

971 1247 1055 1289 729

1014 1329 1207 1386 πέλαγος
1236 1331 1263 1386 ἡ
1295 1333 1423 1382 πόλις

514 1388 646 1432 ἐστίν.

346 1477 516 1529 Bekker.
549 1476 698 1516 Aneod.
731 1478 800 1526 58,
834 1479 906 1516 31·
922 1476 960 1516 εἰ
987 1474 1124 1526 θέλοις
1155 1476 1409 1531 ἐγκωμιάζειν
1439 1477 1568 1519 πόλιν.

976 1595 1062 1637 730

511 1677 622 1720 κατὰ
652 1678 827 1720 κοιλίαν
857 1684 992 1720 νοσεῖ.

346 1764 519 1806 Bekker.
550 1764 699 1804 Aneed.
731 1766 800 1813 46,
834 1766 859 1804 8
893 1762 957 1804 ἐπὶ
986 1770 1065 1805 τῶν
1095 1765 1355 1819 πολυφάγων.

975 1882 1054 1923 731

513 1997 826 2007 ......
882 1964 1180 2020 Ραδάμανθυς
1209 1967 1314 2016 τοὺς
1344 1968 1548 2022 τρόπους.

347 2051 518 2090 Bekker.
551 2051 699 2091 Anecd.
734 2052 802 2103 61,
837 2054 887 2090 21
925 2050 1069 2103 ῥηθείη
1102 2050 1153 2091 ἂν
1184 2051 1252 2091 ἐπί
1278 2067 1385 2100 τινος
1417 2053 1587 2093 δικαίου.
1635 2055 1808 2094 fortasse

228 2123 275 2150 ex
311 2111 516 2151 comoedia
553 2111 676 2150 etiam
713 2111 974 2161 proverbium
1004 2112 1121 2151 fluxit
1157 2108 1464 2164 Ῥαδαμάνθυος
1494 2113 1633 2166 κρίσις,
1665 2114 1809 2153 Suidas

228 2168 293 2210 ἐπὶ
322 2175 400 2210 τῶν
432 2168 505 2210 ἐπὶ
527 2169 761 2226 δικαιοσύνῃ
793 2168 1141 2224 μαρτυρουμένων.
1192 2172 1294 2212 Plat.
1315 2173 1411 2223 Leg.
1435 2176 1501 2224 12,
1534 2174 1666 2213 948b.
1710 2174 1808 2213 Dio-

226 2230 384 2282 genian.
417 2232 456 2281 7,
490 2232 544 2271 98
577 2226 719 2285 (Vind.
759 2233 797 2281 3,
831 2227 926 2285 74).
978 2232 1143 2283 Gregor.
1177 2231 1296 2283 Cypr.
1330 2235 1377 2285 3,
1412 2235 1465 2274 59
1501 2229 1640 2287 (Laid.
1673 2235 1717 2284 3,
1751 2229 1808 2287 5).

227 2290 375 2330 Macar.
409 2293 445 2340 7,
479 2292 548 2330 50.

976 2372 1063 2415 732

728 2489 737 2496 .
799 2460 880 2497 τοῦ
911 2453 1006 2498 κατ’
1044 2452 1119 2511 ἐμὲ
1149 2457 1371 2512 κόμματος
1433 2492 1441 2499 .
1504 2491 1512 2499 .

347 2540 518 2579 Bekker.
545 2540 692 2580 Anecd.
717 2543 787 2592 66,
821 2542 874 2581 25
909 2536 997 2581 οἷον
1027 2546 1097 2594 τῆς
1127 2538 1211 2581 κατ’
1247 2540 1312 2593 ἐμὲ
1343 2542 1496 2591 τάξεως.
1546 2540 1572 2595 ἡ
1604 2542 1808 2596 μεταφορὰ

228 2597 271 2639 ἐκ
300 2603 371 2639 τοῦ
402 2599 653 2652 νομίσματος.
704 2602 754 2640 cf.
780 2601 905 2641 Arist.
939 2602 1039 2640 Ran.
1073 2603 1172 2642 725.
1204 2604 1303 2642 890.
1346 2603 1456 2642 Plut.
1488 2605 1586 2643 862.
1620 2605 1718 2643 957.

968 2718 1054 2761 733

657 2834 666 2842 .
728 2799 863 2851 αὐτὸς
894 2799 1033 2844 αὑτὸν
1064 2800 1195 2843 αὐλεῖ
1252 2835 1261 2843 .
1324 2836 1332 2844 .
1396 2837 1403 2844 .

346 2886 582 2938 Diogenian.
611 2887 651 2937 3,
675 2888 741 2926 16.
777 2887 932 2927 Suidas.
964 2887 1148 2938 Apostol.
1177 2889 1215 2940 4,
1244 2890 1299 2928 38
1332 2886 1396 2927 ἐπὶ
1420 2894 1499 2928 τῶν
1530 2887 1696 2937 ἑαυτοὺς
1728 2890 1806 2930 δει-

229 2944 433 2985 κνυόντων
453 2944 496 2985 ἐν
517 2941 626 2999 (add.
640 2944 768 2999 Suid.)
788 2950 869 2995 τοῖς
887 2947 1127 3001 πράγμασιν,
1147 2945 1282 2988 ὁποῖοί
1296 2946 1398 2996 τινές
1417 2944 1528 3002 (add.
1543 2946 1672 3002 Suid.)
1693 2949 1805 2990 εἰσιν.
