2014 3334
741 268 947 313 ΑΔΗΛΩΝ
971 269 1235 303 ΔΡΑΜΑΤΩΝ
1689 269 1773 312 163

187 378 408 432 πτωμάτων
443 378 520 434 γὰρ
556 376 647 428 ἄξια
684 379 822 433 πάσχω
858 394 898 420 τε
935 379 1002 420 καὶ
1044 379 1234 422 πέπονθα
1277 380 1364 422 κᾶτι
1394 383 1579 436 πείσομαι
1617 378 1773 439 (Ellis).

189 439 260 480 sed
295 441 466 480 fortasse
504 440 622 480 scrib.
659 438 726 480 καὶ
762 444 934 482 πονεῖν
970 439 1038 481 ἀεὶ
1082 444 1198 482 ποιεῖ.
1262 444 1299 482 8.
1333 443 1478 483 Suidas
1513 443 1773 499 παράστασις·

189 497 312 555 ὁρμή,
341 500 560 554 προθυμία.

940 606 1026 651 541

763 692 852 734 τίνι
879 691 1187 735 δεδούλωνταί
1213 706 1338 744 ποτε;

404 763 522 815 ὄψει·
554 763 772 820 φλύαρος·
803 768 882 818 τῆς
911 764 997 821 γὰρ
1030 763 1165 820 αὐτῆς
1195 765 1356 816 πάντες
1388 764 1444 807 ἂν

403 834 546 891 ἥρων·
577 836 728 893 κρίσιν
758 835 844 893 γὰρ
875 836 925 878 τὸ
958 834 1139 891 βλέπειν
1171 837 1405 892 ἴσηνέχει.

405 903 501 950 ἀλλ’
536 906 680 962 ἡδονή
711 922 785 958 τις.
808 909 915 959 τοὺς
947 907 1141 965 ἐρῶντας
1173 907 1379 964 ἐπάγεται

362 990 383 1022 5
404 980 663 1030 συνουσίας·
695 986 789 1031 πῶς
820 975 905 1023 οὖν
936 978 1282 1038 ἕτεροςταύτην
1313 982 1428 1037 ἔχων

404 1048 539 1095 οὐδὲν
569 1050 813 1107 πέπονθεν,
846 1051 943 1095 ἀλλ’
981 1051 1155 1108 ἀπῆλθε
1185 1057 1456 1109 καταγελῶν,

402 1122 550 1181 ἔτερος
582 1120 623 1167 δ’
659 1123 882 1177 ἀπόλωλε;
915 1126 1070 1182 καιρός
1102 1124 1223 1168 ἐστιν
1254 1125 1280 1182 ἡ
1313 1127 1448 1177 νόσος

403 1201 561 1252 ψυχῆς,
594 1195 617 1239 ὁ
649 1195 832 1252 πληγεὶς
864 1195 906 1239 δ’
945 1201 1048 1240 εἴσω
1083 1197 1138 1252 δὴ
1171 1198 1467 1253 τιτρώσκεται.

309 1295 554 1335 Plutarchus
587 1296 698 1336 Stob.
718 1296 857 1336 Floril.
880 1298 948 1348 63,
973 1298 1029 1337 34
1060 1294 1128 1336 καὶ
1158 1296 1344 1349 λελάληκε
1377 1294 1660 1352 (Μένανδρος)
1686 1298 1775 1352 περὶ

190 1359 260 1394 τοῦ
291 1354 455 1403 πάθους
481 1350 571 1409 (τοῦ
597 1350 759 1409 ἔρωτος)
786 1355 1122 1408 φιλοσοφώτερον.
1185 1354 1299 1405 ἄξιον
1327 1355 1402 1410 γὰρ
1434 1353 1535 1397 εἶναι
1566 1358 1775 1410 θαύματος

189 1412 324 1467 φήσας
350 1413 392 1455 τὸ
423 1414 513 1468 περὶ
543 1414 637 1463 τοὺς
661 1414 833 1470 ἐρῶντας
865 1415 996 1469 ὥσπερ
1028 1414 1132 1456 ἐστὶν
1157 1415 1240 1468 ἅμα
1266 1420 1389 1457 λαλεῖ·
1425 1413 1507 1458 εἶτα
1538 1417 1685 1471 ἀπορεῖ
1708 1417 1776 1458 καὶ

189 1475 298 1526 ζητεῖ
335 1473 434 1528 πρὸς
478 1473 621 1515 ἑαυτὸν
665 1479 742 1516 κτλ.
834 1490 871 1516 v.
906 1480 941 1518 7.
977 1479 1001 1517 8
1044 1477 1251 1517 Plutarch.
1289 1478 1388 1519 Mor.
1424 1479 1549 1519 763b
1592 1477 1635 1518 τὸ
1679 1477 1775 1519 αὐτὸ

189 1539 302 1587 σῶμα
332 1534 472 1576 πολλοὶ
502 1534 569 1576 καὶ
593 1534 636 1576 τὸ
662 1534 758 1576 αὐτὸ
784 1536 925 1584 κάλλος
950 1534 1109 1589 ὁρῶσιν,
1141 1536 1319 1589 εἴληπται
1345 1534 1381 1578 δ’
1411 1533 1497 1590 εἷς,
1529 1536 1550 1578 ὁ
1577 1537 1775 1591 ἐρωτικός·

191 1593 258 1634 διὰ
288 1595 376 1635 τίνα
416 1595 564 1645 αἰτίαν;
603 1594 653 1636 οὐ
690 1594 765 1650 γὰρ
803 1594 1067 1649 μανθάνομὲν
1104 1595 1147 1651 γέ
1178 1612 1258 1638 που
1289 1598 1541 1651 Μενάνδρου
1580 1597 1775 1652 λέγοντος,

190 1652 285 1695 οὐδὲ
323 1655 508 1708 συνίεμεν
546 1655 682 1709 καιρός
714 1655 818 1696 ἐστιν
849 1660 927 1697 κτλ.
1026 1661 1061 1696 1.
1094 1657 1362 1700 δεδούλωνται
1393 1658 1512 1698 Vind.
1543 1657 1596 1710 B]
1634 1659 1775 1700 δεδού-

191 1717 321 1754 λωται.
374 1717 424 1756 ,5.
449 1715 614 1768 ταύτην]
643 1715 770 1768 αὐτὴν
789 1717 838 1757 Κ.
903 1721 940 1758 7.
974 1714 1010 1757 δ’
1035 1718 1124 1757 add.
1145 1717 1267 1758 Dobr.
1332 1721 1371 1759 8.
1398 1718 1489 1758 εἴσω
1510 1717 1580 1770 δὴ]
1615 1719 1774 1775 εἰσβολῇ

189 1775 322 1814 Bentl.
367 1771 422 1824 εἷς
460 1774 523 1816 ὁδὶ
560 1776 606 1816 Gr.
640 1777 775 1817 Herm.
839 1776 1020 1834 εὐστοχίᾳ
1057 1778 1214 1818 Iacobs.
1250 1779 1360 1819 Lect.
1393 1779 1503 1819 Stob.
1538 1781 1634 1820 105.
1657 1782 1680 1820 6
1728 1793 1775 1819 ex

189 1835 430 1886 paraphrasi
467 1837 712 1877 Plutarchea
755 1841 870 1878 τοῦτο
916 1835 959 1877 δὲ
1002 1836 1204 1891 εὐστοχίας
1247 1837 1327 1879 ἐστὶ
1368 1844 1511 1892 καιροῦ
1555 1842 1608 1896 τῷ
1650 1839 1776 1879 πάθει

191 1893 434 1949 ἀμωσγέπως
473 1896 754 1945 συνάπτοντος.
817 1895 988 1938 ἔνδοθεν
1019 1898 1190 1938 Dorvill.
1235 1900 1292 1939 cf.
1324 1899 1462 1940 Cobet.
1493 1900 1542 1939 N.
1574 1901 1600 1939 l.
1634 1902 1703 1940 82.
1736 1902 1775 1940 3.

193 1955 248 2003 εἰς
281 1954 377 2007 ὅλην
410 1952 502 2009 (τὴν
532 1954 689 2011 ψυχήν)
723 1970 839 1998 anon.
872 1959 980 2010 apud
1012 1959 1126 1998 Ellis.
1158 1959 1299 1999 Journ.
1330 1960 1470 2011 philol.
1501 1960 1537 1998 X
1571 1962 1639 2000 21.
1702 1958 1775 2000 αὐ-

191 2014 310 2055 τόθεν
342 2016 462 2055 Mein.
495 2017 531 2054 V
565 2030 727 2057 comcxt.
788 2014 941 2071 ἡσυχῆ
973 2017 1023 2058 Κ.

310 2089 411 2127 quae
456 2078 564 2128 apud
601 2077 865 2117 Plutarchum
910 2079 1158 2129 praecedunt
1200 2079 1326 2120 verba
1363 2079 1586 2119 Meinekius
1629 2080 1690 2120 ita
1732 2080 1774 2119 in

189 2148 331 2175 versus
369 2136 578 2187 dispescit:
622 2135 736 2185 ἄξιον
778 2136 853 2192 γὰρ
885 2137 1094 2190 θαύματος
1133 2133 1139 2193 Ι
1178 2137 1220 2179 τὸ
1259 2138 1394 2187 πάθος
1437 2137 1580 2192 ἔρωτος
1623 2137 1774 2180 ὁπόθεν

189 2192 316 2247 ἀρχὴν
353 2196 557 2249 λαμβάνει.
618 2211 782 2238 versum
826 2199 999 2238 alterum
1043 2197 1086 2239 τὸ
1124 2204 1203 2239 τῶν
1239 2198 1438 2252 ἐρώντων,
1477 2195 1536 2247 οἷς
1572 2199 1774 2253 πάρεστιν,

191 2252 359 2307 ἆμποιεῖ
383 2257 546 2310 refingit
576 2258 679 2297 Ellis
713 2260 781 2298 20.
813 2261 984 2310 possunt
1013 2260 1145 2299 multa
1176 2260 1258 2299 alia
1289 2260 1521 2312 excogitari.

940 2388 1028 2431 542

406 2472 530 2527 εἴπερ
559 2470 640 2513 τὸν
671 2470 914 2514 ἀδικοῦντα
946 2469 1028 2528 μὲν
1060 2472 1120 2523 ὡς
1149 2472 1342 2528 ἠμύνετο

407 2539 589 2592 ἕκαστος
619 2541 746 2598 ἡμῶν
776 2541 851 2586 καὶ
883 2545 1224 2599 συνηγωνίζετο,

408 2615 514 2664 ἴσως
544 2616 738 2670 νομίζων
771 2616 892 2658 ἴδιον
924 2612 1040 2658 εἶναι
1070 2616 1120 2658 τὸ
1153 2616 1337 2670 γεγονὸς

407 2683 614 2742 ἀδίκημα,
645 2685 720 2730 καὶ
752 2686 1058 2744 συνέπραττον
1090 2687 1298 2742 ἀλλήλοις
1327 2694 1508 2742 πικρῶς,

365 2766 385 2797 5
409 2755 491 2799 οὐκ
522 2755 578 2800 ἂν
610 2757 678 2801 ἐπὶ
705 2761 861 2802 πλεῖον
891 2760 942 2802 τὸ
975 2759 1112 2802 κακὸν
1143 2758 1250 2814 ἡμῖν
1280 2757 1438 2813 ηὔξετο

407 2828 457 2870 τὸ
488 2835 578 2871 τῶν
608 2837 834 2887 πονηρῶν,
866 2830 978 2873 ἀλλὰ
1009 2830 1395 2886 παρατηρούμενοι

406 2896 480 2941 καὶ
511 2900 806 2956 τυγχάνοντες
836 2898 888 2957 ἧς
919 2902 1009 2944 ἔδει
1041 2903 1253 2958 τιμωρίας

406 2971 504 3024 ’ἤτοι
536 2971 717 3015 σπάνιοι
749 2971 916 3028 σφόδρ’
953 2972 1009 3015 ἂν
1041 2969 1156 3027 ἦσαν
1187 2971 1214 3027 ἢ
1246 2971 1532 3028 πεπαυμένοι.

1415 3043 1484 3077 11*
