2014 3334
218 218 304 261 325
784 187 789 189 ¹
883 215 1110 249 ΒΑΤῼΝΟΣ

871 381 1133 431 ΒΑΤῼΝ

791 478 961 517 Meinak.
993 478 1013 516 Ι
1046 478 1144 517 480.
1178 480 1214 517 1.

893 568 1111 602 ΑΙΤῼΛΟΣ

988 641 1008 682 1

432 728 670 784 ἄνθρωπος
701 726 764 768 ὢν
795 726 1014 774 ἔπταικας·
1048 723 1096 766 ἐν
1129 720 1177 766 δὲ
1207 728 1267 781 τῷ
1299 724 1382 780 βίῳ

432 797 560 855 τέρας
591 796 711 840 ἐστὶν
742 799 787 839 εἴ
810 811 876 846 τις
906 795 1122 851 ηὐτύχηκε
1155 795 1229 837 διὰ
1259 795 1373 850 βίου.

340 885 534 924 stobaeus
555 885 693 924 Floril.
715 886 782 936 98,
806 884 858 922 18
891 881 1088 929 Βάθωνος
1119 880 1157 929 ἐξ
1189 881 1370 922 Αἰτωλοῦ
1389 882 1428 921 Α
1459 875 1553 936 (sor.
1571 876 1787 936 Βάτωνος).

225 946 320 996 105,
341 947 396 985 30
428 944 626 992 Βάθωνος
658 942 696 992 ἐξ
728 942 910 982 Αἰτωλοῦ
931 941 966 980 A
1000 938 1194 994 (αἶτωλῶν
1213 935 1362 995 Voss.).
1424 944 1463 981 2.
1493 939 1615 995 πέρας
1633 942 1668 980 Α
1690 942 1788 982 105.

834 1057 1165 1094 ΑΝΔΡΟΦΟΝΟΣ

339 1137 397 1176 Of.
424 1148 526 1187 quae
559 1136 609 1175 ad
630 1135 875 1175 Philemonis
902 1130 1177 1188 Ἀνδροφόνον
1208 1134 1249 1173 et
1267 1133 1470 1184 Euphron.
1493 1135 1560 1185 10,
1583 1135 1637 1172 10
1669 1132 1790 1172 adno-

221 1198 369 1237 bantur.

995 1251 1022 1292 2

433 1342 522 1378 τῶν
555 1336 819 1391 φιλοσόφων
850 1336 954 1384 τοὺς
986 1333 1224 1389 σώφρονας
1256 1331 1472 1375 ἐνταυθοῖ
1498 1335 1632 1387 καλῶ,

433 1409 538 1458 τοὺς
569 1406 743 1462 ἀγαθὸν
774 1405 924 1456 αὑτοῖς
957 1405 1011 1448 οὐ
1044 1406 1251 1455 διδόντας
1283 1401 1388 1447 οὐδὲ
1419 1403 1482 1459 ἔν,

433 1481 537 1529 τοὺς
568 1481 647 1522 τὸν
678 1479 902 1535 φρόνιμον
935 1480 1169 1533 ζητοῦντας
1201 1475 1250 1528 ἐν
1281 1481 1374 1527 τοῖς
1404 1476 1660 1534 περιπάτοις

434 1549 506 1594 καὶ
537 1558 632 1601 ταῖς
664 1551 909 1606 διατριβαῖς
941 1549 1087 1606 ὥσπερ
1121 1548 1466 1605 ἀποδεδρακότα.

394 1633 414 1664 5
436 1620 637 1678 ἄνθρωπ’
675 1621 898 1678 ἀλάστωρ,
931 1621 1005 1663 διὰ
1036 1622 1082 1662 τί
1110 1620 1333 1675 συμβολὰς
1364 1620 1479 1675 ἔχων

434 1695 610 1749 νήφεις;
642 1695 690 1736 τί
715 1696 977 1749 τηλικοῦτον
1009 1692 1175 1742 ἀδικεῖς
1205 1692 1310 1742 τοὺς
1339 1691 1495 1743 θεούς;

435 1767 482 1807 τί
507 1765 765 1823 τάργύριον,
797 1765 1022 1821 ἄνθρωπε,
1053 1763 1315 1819 τιμιώτερον

437 1843 604 1880 σαυτοῦ
634 1835 836 1887 τέθεικας
868 1836 894 1891 ἢ
925 1834 1096 1891 πέφυκε
1127 1839 1179 1891 τῇ
1212 1835 1364 1890 φύσει;

437 1908 696 1963 ἀλυσιτελὴς
727 1905 770 1951 εἷ
798 1914 850 1965 τῇ
882 1909 1007 1950 πόλει
1037 1908 1180 1950 πίνων
1211 1906 1354 1963 ὕδωρ·

377 1991 418 2023 10
438 1981 517 2023 τὸν
548 1981 632 2038 γὰρ
663 1981 863 2038 γεωργὸν
895 1977 967 2022 καὶ
998 1980 1077 2022 τὸν
1110 1980 1305 2035 ἔμπορον
1335 1984 1497 2028 κακοῖς.

438 2051 522 2106 ἐγὼ
556 2050 604 2095 δὲ
634 2053 711 2102 τὰς
741 2052 993 2109 προσόδους
1025 2050 1208 2106 μεθύων
1238 2050 1374 2100 καλὰς
1403 2056 1528 2092 ποιῶ.

439 2119 581 2165 ἔπειθ’
615 2122 759 2166 ἕωθεν
789 2123 1012 2180 περιάγεις
1041 2122 1125 2177 τὴν
1156 2122 1372 2177 λήκυθον,

437 2196 793 2251 καταμανθάνων
823 2194 1049 2249 τοῦλαιον,
1082 2194 1192 2236 ὥστε
1224 2190 1481 2251 περιφέρειν

439 2266 682 2323 ὡρολόγιον
715 2266 856 2318 δόξεις
886 2282 942 2322 τι,
976 2265 1076 2322 οὐχὶ
1106 2266 1320 2320 λήκυθον.

345 2365 575 2410 Athenaeus
608 2367 653 2416 4,
689 2366 809 2405 163b
852 2364 991 2404 Βάτων
1033 2361 1054 2404 ὅ
1091 2362 1262 2416 κωμικὸς
1302 2361 1345 2403 ἐν
1374 2359 1631 2420 Ἀνδροφόνῳ
1672 2364 1796 2419 φησίν

228 2427 303 2463 κτλ.
365 2438 401 2464 v.
435 2427 474 2464 3.
507 2427 533 2465 4
565 2427 612 2464 fr.
647 2427 684 2476 5,
720 2427 786 2465 14.
821 2427 887 2465 15.
952 2427 988 2464 1.
1023 2422 1187 2464 ἐνταυθὶ
1217 2424 1422 2464 Herwerd.
1455 2423 1548 2463 Obs.
1579 2424 1664 2463 crit.
1701 2425 1797 2464 108.

229 2482 423 2523 ἐνταυθοῖ
460 2487 521 2524 est
564 2481 621 2523 ein
664 2485 922 2535 inscriptione
959 2484 1097 2524 Attica
1141 2485 1331 2524 archonte
1367 2483 1536 2523 Euclide
1577 2483 1796 2524 vetustiore

229 2543 480 2595 Palingenes.
501 2544 595 2583 Ath.
619 2546 732 2585 1880
751 2558 789 2583 n.
816 2546 932 2584 4668
953 2544 1022 2583 lin.
1045 2540 1115 2583 13⁹
1135 2544 1349 2595 Bamberg.
1368 2544 1507 2594 Progr.
1528 2542 1648 2583 Goth.
1671 2543 1798 2594 1885,

233 2604 283 2640 14
305 2616 341 2642 n.
375 2605 412 2642 2.
495 2606 531 2643 3.
565 2603 642 2655 φρό
671 2600 676 2655 Ι
704 2619 781 2655 μον
800 2604 849 2644 Α.
929 2606 966 2643 4.
999 2602 1077 2643 κάν
1108 2604 1311 2643 Herwerd.
1344 2602 1438 2643 Obs.
1468 2603 1556 2642 orit.
1591 2604 1687 2643 109.
1758 2604 1796 2643 8.

230 2667 375 2701 σαυτοῦ
397 2663 443 2701 A.
494 2665 624 2719 σαυτῷ
650 2664 802 2703 Nauck.
849 2664 980 2719 συχνῷ
1010 2664 1075 2703 vel
1107 2659 1224 2710 αὐτός
1251 2663 1456 2702 Herwerd.
1477 2661 1570 2702 Obs.
1590 2662 1678 2701 crit.
1700 2663 1796 2702 109.

231 2722 374 2760 Mnem.
398 2735 488 2762 nov.
512 2723 596 2762 IIII
624 2725 720 2763 301.
741 2725 779 2763 2.
829 2719 980 2763 τοσοῦτ’
1017 2721 1166 2773 ἔθηκας
1190 2722 1346 2762 Kaibel.
1411 2725 1477 2762 11.
1509 2726 1594 2773 ποῶ
1618 2721 1666 2760 A.
1730 2721 1797 2761 14.

233 2779 356 2827 δόξεις
385 2796 420 2820 τι
451 2781 614 2834 Bergk]
650 2775 753 2830 δόξει
782 2797 839 2830 τις
870 2783 917 2822 A.
954 2784 1057 2821 ,tum
1087 2780 1223 2834 κούχὶ
1250 2782 1298 2822 Κ.
1775 2831 1778 2835 ⁴

351 2843 420 2880 13.
452 2837 664 2891 ‘diliyenter
695 2843 901 2892 explorans
937 2843 1038 2891 quod
1066 2843 1110 2881 in
1140 2843 1315 2890 ampulla
1345 2843 1443 2881 inest
1472 2836 1623 2881 oleum'.
1677 2840 1796 2879 Mein.

233 2899 271 2937 in
316 2900 600 2951 epigrammate
633 2900 777 2941 Athen.
811 2903 856 2952 4,
890 2903 1006 2941 1622,
1048 2901 1275 2952 philosophi
1306 2902 1502 2941 vocantur
1539 2898 1794 2951 ἀνηλιποκαι-
