2014 3334
285 225 371 267 662
604 251 607 256 f
929 223 1191 257 ΑΔΕΣΠΟΤΑ

286 333 592 386 ἀσπασαμένη
636 334 825 386 πρότερον
858 329 918 388 (τὸ
951 328 1126 388 πρῶτον)
1160 332 1304 373 αὐτόν
1341 329 1459 387 (εἰπέ
1490 331 1571 385 μοι’
1601 330 1606 389 Ι
1640 333 1744 386 ἔφην
1775 337 1853 375 huo

287 390 506 447 transp.)
509 399 593 440 πῶς
624 391 720 444 ἡμῖν
753 390 974 445 ἕπράξατε’;
1016 396 1038 432 2
1066 392 1113 432 τὸ
1147 389 1183 432 δ’
1219 387 1305 432 οὖν
1335 393 1598 444 κεφάλαιον
1630 393 1855 448 ἐξήγγειλε

285 457 491 493 πλοῦτον
529 452 609 503 (πλ.
647 450 824 505 ἤγγειλεν
862 454 927 492 vel
964 447 1156 506 ἀγγέλλει)
1196 452 1367 503 πολύν,
1395 453 1401 502 Ι
1429 453 1622 526 χρυσόν,
1653 453 1855 506 ἐσθῆτα,

287 512 609 561 ἀκολούθους,
651 508 771 565 (ἔσθ,
803 510 879 563 ἀκ.,
911 506 1001 566 χρ.),
1043 510 1286 563 ἐλέφαντα·
1327 510 1369 551 τὸ
1410 510 1481 564 μὲν
1521 512 1594 565 γὰρ
1635 511 1855 566 ἀργύριον

288 568 503 624 (ἐλέφαντ’,
529 567 724 625 αργυρον)
747 566 782 623 Ι
805 602 811 609 .
835 601 843 610 .
869 569 1324 624 ἀπομεμετρημένον,
1349 571 1554 620 πολλοὺς
1579 572 1856 624 μεδίμνους·

288 634 382 683 εἶχε
423 629 471 670 δὲ
507 630 513 679 Ι
549 629 626 670 καὶ
668 629 785 678 αὐτὸς
824 629 1095 683 Παρμένων
1137 630 1392 671 δακτύλιον
1431 630 1481 671 ἕν
1520 634 1579 688 τῷ
1617 634 1742 688 μικρῷ
1774 632 1856 672 δα-

286 690 435 752 κτύλῳ
464 690 469 740 Ι
498 720 506 729 .
539 720 547 729 .
579 688 657 729 καὶ
687 695 852 764 ψῆφος
896 688 1178 764 ἐνεβέβλητο
1222 696 1312 730 τῶν
1355 691 1630 745 τριχρώμων
1674 690 1857 745 ἐρυθρά
1892 728 1894 730 ,

287 765 331 789 τε
363 745 420 801 ἦν
451 748 696 801 ἐπιπολῆς.
746 749 858 789 ειασα
890 747 926 789 δ’
963 751 1037 790 οὐν
1075 749 1196 790 αὐτὸν
1232 749 1418 790 ἐθέλοντά
1450 766 1517 802 μοι
1549 751 1774 803 διηγεῖσθαι
1804 749 1858 798 ὡς

286 809 366 848 τὸν
386 807 529 848 Ἀλυν
562 807 791 861 διέβησαν
813 804 818 863 Ι
840 808 905 848 καὶ
937 807 990 857 ὡς
1023 806 1198 863 (χῶπως)
1228 808 1480 862 διέπρεψεν
1506 808 1526 849 6
1552 808 1783 861 Πολέμων
1808 825 1857 850 εν

287 874 337 923 τῇ
375 867 472 920 πρὸς
510 868 680 916 Πισίδας
720 868 851 924 μάχῃ.
915 870 1045 909 Plaut.
1077 870 1159 909 Mil.
1192 871 1293 920 glor.
1326 873 1370 920 4,
1397 872 1442 921 2,
1471 873 1523 909 72
1558 872 1653 919 plus
1682 872 1738 909 mi
1767 871 1860 910 adri

286 930 424 967 millest
454 929 711 967 mo'diorum
740 929 922 977 Phihppi.
984 930 1052 968 sed
1080 925 1265 980 Ἀλαζών,
1298 943 1346 968 ex
1371 943 1451 980 qua
1476 942 1588 968 suam
1614 930 1858 969 comoediam

289 987 485 1038 expressit
511 987 692 1037 Plautus,
724 1002 803 1027 non
833 991 969 1038 potest
1000 1002 1083 1028 esse
1111 990 1248 1029 eadem
1278 1003 1396 1040 quam
1423 989 1620 1040 excerpsit
1645 989 1858 1029 Lucianus.

288 1050 336 1086 of.
369 1048 469 1086 Mus.
504 1048 625 1087 Rhen.
660 1048 793 1086 XLIII
820 1050 887 1088 57.
922 1051 958 1088 8.

1018 1177 1131 1220 1485

407 1263 607 1301 Luc-ianus
640 1254 935 1302 Dial.1ne1·.etr
974 1265 1039 1314 13,
1075 1266 1098 1303 3
1139 1261 1237 1303 ἐπεὶ
1272 1261 1314 1303 δὲ
1346 1261 1659 1315 συνέστημεν,
1691 1262 1712 1303 6
1743 1263 1860 1318 βάρ-

289 1323 434 1394 βαρος
468 1321 696 1375 πρότερος
730 1317 814 1376 (πρ.
850 1320 870 1362 6
904 1317 961 1376 β.)
1000 1320 1006 1375 Ι
1042 1322 1286 1375 τιτρώσκει
1322 1338 1374 1375 με
1409 1321 1571 1376 ὀλίγον
1605 1319 1681 1378 (ὄλ.
1719 1338 1749 1363 τ.
1781 1319 1860 1376 μ’),

291 1381 404 1421 όσον
437 1380 710 1432 ἐπιψαύσας
735 1384 788 1438 τῷ
815 1381 949 1434 δόρατι
976 1377 1096 1436 (δορί,
1127 1383 1372 1434 A1·ist.Lys.
1402 1378 1536 1438 1153)
1565 1379 1570 1435 Ι
1599 1382 1738 1436 μικρὸν
1762 1381 1860 1437 ὑπὲρ

289 1440 330 1480 τὸ
363 1440 476 1494 γόνυ,
508 1439 594 1494 ἐγὼ
629 1438 676 1480 δὲ
704 1423 925 1507 διέλάσας
949 1440 1034 1493 τὴν
1065 1441 1242 1482 ἀσπίδα
1270 1443 1275 1491 Ι
1302 1448 1353 1498 τῇ
1381 1443 1550 1499 σαρίσῃ
1575 1443 1696 1483 παίω
1723 1443 1860 1494 διαμ-

290 1500 379 1548 παξ
418 1495 477 1555 (π.
505 1501 538 1540 δ.
565 1514 594 1540 τ.
622 1496 675 1554 σ.)
708 1499 746 1548 ἐς
777 1499 818 1540 τὸ
851 1485 1031 1554 στέρνον,
1069 1498 1135 1541 εἶτ’
1172 1500 1435 1554 ἐπιδραμὼν
1473 1483 1556 1555 (καὶ
1587 1497 1664 1556 δρ.)
1705 1500 1710 1554 Ι
1748 1500 1861 1542 ἀπε-

292 1559 608 1634 δειροτόμησα
647 1565 699 1614 τῇ
741 1560 923 1616 σπάθη,
963 1560 1041 1600 καὶ
1087 1560 1139 1600 τὰ
1179 1561 1298 1601 ὅπλα
1337 1557 1507 1616 (θῶπλ’)
1541 1561 1657 1634 ε’χων
1685 1561 1690 1610 Ι
1717 1561 1861 1602 ἐπαν-

291 1623 443 1671 ηλθον
469 1619 563 1671 άμα
588 1618 667 1658 καὶ
691 1618 777 1671 τὴν
803 1619 1045 1671 κεφαλὴν.
1097 1619 1413 1673 ,λελουμένος
1436 1617 1439 1676 Ι
1462 1624 1514 1678 τῷ
1534 1621 1646 1695 φόνφ
1674 1617 1860 1678 (λύθρῳ).

292 1682 317 1718 4
344 1682 388 1718 Β.
415 1678 500 1719 οὐκ
538 1695 594 1718 αν
632 1677 683 1718 ἔτι
717 1691 764 1719 σε
796 1678 890 1719 οὐδὲ
921 1653 1241 1754 προσβλέψειέ
1271 1695 1339 1729 τις
1368 1682 1372 1730 Ι
1401 1681 1520 1721 οὕτω
1553 1681 1779 1733 χαίροντα
1809 1684 1862 1737 τῷ

291 1739 452 1795 λύθρῳ
495 1733 553 1792 (λ.
579 1734 671 1793 χ.).
735 1741 820 1779 ..Α
848 1735 963 1794 (add.
995 1735 1101 1794 ἀλλ’)
1142 1739 1190 1779 έν
1224 1741 1541 1794 Παφλαγόσιν
1577 1740 1583 1790 Ι
1618 1739 1753 1780 ἐκεῖνα
1783 1739 1863 1781 πέ-

292 1813 497 1850 πρακται
524 1795 730 1851 (πέπρακτ’
760 1794 854 1853 ἐκ),
881 1804 968 1838 νῦν
996 1797 1043 1839 δέ
1070 1799 1177 1852 (add.
1199 1795 1259 1854 γ’)
1287 1800 1486 1874 εἰρηνην
1512 1797 1629 1853 άγω.
1667 1830 1676 1839 .
1718 1802 1761 1840 Β.
1782 1795 1858 1840 εἶτ’

294 1853 494 1912 (ξ’πειτ)
477 1857 563 1911 εγὼ
583 1863 804 1898 τοιοῦτον
824 1856 975 1911 άνδρα
993 1860 1252 1911 περιβαλῶ;
1270 1855 1300 1914 Ι.
1315 1876 1406 1911 .μη,
1427 1855 1652 1912 ὦΧάριτες,
1670 1858 1840 1914 γένοιτο·
1856 1855 1860 1914 Ι

294 1916 437 1957 οὐδὲν
477 1916 564 1970 γὰρ
605 1913 744 1965 ουτος
786 1913 893 1971 (add.
935 1914 1031 1972 ἐστ’)
1059 1918 1282 1993 ,ἀμείνων
1319 1924 1390 1959 τοῦ
1432 1919 1606 1971 δημίου
1633 1951 1641 1959 .
1670 1951 1678 1959 .
1705 1949 1714 1959 .
1748 1918 1888 1959 ἀλλὰ’

293 1975 429 2029 τέρπε
455 1981 553 2025 τοῖς
579 1977 793 2031 διηγήμασι
818 1978 1006 2052 τούτοις
1032 1978 1078 2018 εἴ
1099 1994 1232 2026 τινας
1257 1976 1589 2030 Λημνιάδας”
1566 1995 1593 2031 η
1619 1979 1866 2026 Δαναΐδας

295 2037 430 2089 εὕροις
468 2033 658 2092 (fortasse
696 2034 780 2076 ἀλλ’
815 2037 855 2076 εί
885 2052 994 2085 τινας
1030 2038 1269 2090 Λημνιάδας
1307 2034 1414 2078 οἷσθ’
1450 2036 1476 2090 ἢ
1507 2040 1574 2090 Δ.,
1602 2041 1608 2086 Ι
1635 2038 1778 2086 ταύτας
1816 2037 1865 2078 σὺ

294 2096 447 2145 τούτοις
490 2095 601 2149 τέρπε
644 2100 724 2144 τοῖς
767 2094 1051 2152 ἀκούσμασιν·)
1081 2098 1086 2148 Ι
1115 2097 1200 2151 ἐγὼ
1246 2095 1282 2137 δ’
1319 2096 1560 2150 ἀποτρέχω
1599 2094 1709 2153 (add.
1747 2093 1865 2153 δῆτα)

294 2155 420 2209 παρὰ
451 2155 534 2208 τὴν
566 2154 753 2209 μητέρα.
802 2158 940 2207 paullo
973 2158 1092 2197 aliter
1123 2159 1224 2198 Mus.
1256 2159 1382 2197 Rhen.
1408 2160 1476 2198 58.

858 2286 1296 2330 1486.1487.1488

414 2372 615 2410 Lucianus
646 2372 1034 2422 Dial meretr.12,
1064 2376 1083 2411 1
1113 2372 1287 2428 θρύπτη,
1320 2368 1350 2412 ὦ
1376 2373 1524 2418 Λυσία,
1557 2372 1655 2425 πρὸς
1686 2371 1767 2425 ἐμέ·
1801 2372 1868 2413 καὶ

296 2433 443 2482 καλῶς,
476 2430 533 2470 ὅτι
562 2461 570 2470 .
598 2462 605 2470 .
634 2461 642 2469 .
675 2430 801 2479 εὐθὺς
834 2430 872 2479 ἐξ
904 2430 1026 2484 ἀρχης
1057 2430 1288 2484 ἄμισθον,
1326 2431 1603 2485 ἀξύμβολον
1641 2427 1718 2487 (ἀξ.
1756 2431 1866 2486 κάμ.)

298 2490 621 2542 εἰσεδεξάμην.
684 2486 806 2530 οἶσθα
844 2490 962 2539 ὅσους
996 2491 1159 2543 ἐραστὰς
1188 2492 1510 2544 παρεπεμψάμην
1536 2523 1545 2532 .
1571 2522 1580 2532 .
1606 2490 1867 2544 .Μέλισσον,

297 2550 422 2589 καίτοι
460 2549 658 2602 ε’ναγχος
695 2549 1037 2599 ἀποθανόντος
1074 2550 1197 2607 αὐτῷ
1233 2557 1316 2591 τοῦ
1354 2550 1528 2604 πατρὸς
1556 2551 1561 2601 Ι
1589 2551 1667 2591 καὶ
1698 2552 1867 2604 κύριον

298 2608 441 2648 αὐτὸν
483 2607 593 2649 ὄντα
630 2605 737 2663 (add.
780 2605 892 2683 ὅλης)
933 2616 1012 2662 τῆς
1053 2609 1229 2658 οὐσίας.
1257 2610 1263 2659 Ι
1293 2613 1316 2650 2
1350 2611 1394 2650 τί
1423 2622 1464 2650 σε
1497 2606 1623 2665 (δ’)
1609 2627 1636 2663 η
1666 2609 1781 2664 μέγα
1809 2609 1864 2661 l*
1841 2627 1868 2686 η

299 2668 469 2721 μικρὸν
506 2667 714 2720 ηδίκησά
746 2664 870 2723 (6⁹)
857 2685 883 2721 η
911 2666 1092 2722 ’λύπησ’
1135 2669 1240 2744 ἐγώ;
1270 2667 1387 2720 [τίν’
1426 2668 1587 2724 ἕτερον
1624 2666 1773 2720 εἶδον;
1812 2670 1868 2711 οὐ

298 2727 413 2799 πρὸς
444 2728 594 2780 μόνον
620 2723 676 2782 (μ.
698 2724 782 2783 πρ.)
811 2726 858 2768 σὲ
883 2727 1057 2781 βλέπω;
1087 2730 1092 2780 Ι
1121 2745 1175 2770 ου
1201 2728 1344 2783 μέγα.
1365 2735 1532 2770 .τοῢτο
1559 2725 1609 2784 (τ.
1629 2726 1687 2785 μ.)
1713 2734 1868 2778 ποιεῖς

274 2787 502 2840 ,γύναιον
537 2786 711 2829 άθλιον
739 2788 745 2838 Ι
772 2791 909 2828 λυπῶν
947 2788 1155 2841 μεμηνὸς
1186 2788 1259 2829 ἐπὶ
1302 2790 1379 2829 σοί
1417 2784 1501 2844 (επὶ
1526 2801 1559 2829 σ.
1585 2785 1660 2844 μ.)·
1701 2781 1867 2844 ε’στι(ν)

300 2861 355 2894 τις
385 2846 481 2895 θεὸς
511 2845 536 2899 ἡ
571 2844 846 2901 Ἀδράστεια
878 2844 1005 2904 (ἀδρ.)
1038 2847 1116 2889 καὶ
1149 2844 1153 2904 Ι
1187 2848 1240 2888 τὰ
1276 2854 1474 2889 τοιαῦτα
1511 2847 1596 2906 δρᾷ
1634 2844 1710 2904 (ὁ.ρ
1742 2864 1772 2889 τ.
1798 2845 1867 2904 τ.)·

302 2905 356 2945 σὺ
384 2905 431 2946 δέ
455 2921 547 2947 ποτε
575 2902 655 2962 (γε)
682 2907 885 2960 λυπήσει
909 2908 1042 2961 τάχα,
1069 2905 1116 2962 Ι
1103 2908 1158 2948 ἀν
1185 2903 1324 2964 (ἐπὰν)
1351 2907 1560 2965 ἀκούσῃς
1584 2924 1620 2949 τι
1644 2907 1732 2962 περὶ
1756 2907 1868 2963 ἐμοῦ,
1890 2968 1901 2976 .
