2014 3334
517 241 927 276 ΔΜΦῙΣΒΗΤΗΣῙΜΑ
953 242 1036 277 itu
1060 242 1385 277 ΠΔΡΕΡΡΡΑΦΑ
1649 242 1737 285 633

162 353 232 406 qui
250 366 324 405 per
341 352 560 393 ludibrium
578 354 741 394 volebat
760 354 938 395 indicate
957 367 1076 407 quam
1101 354 1335 396 condensati
1353 355 1540 395 sederent
1557 351 1738 397 iudices’.

157 414 209 454 ιδ
223 411 385 454 κάλλιον
408 412 511 453 nihil
529 412 639 452 aliud
660 415 723 453 est
741 427 863 466 quam
886 414 1025 454 καλίδ
1031 428 1128 466 ιον,
1153 427 1199 455 ac
1225 414 1280 454 sic
1298 414 1490 455 iudicium
1514 409 1628 466 illud,
1648 428 1737 456 cum

163 484 353 526 msgnum
385 472 520 524 fuerit,
551 485 624 525 per
654 476 786 514 iocum
817 486 865 514 ex
894 474 1102 515 contrario*
1130 474 1379 526 adpellatum
1410 474 1583 515 videtur.

895 602 1012 646 1336

282 688 548 741 Etymologic.
581 702 632 728 m.
666 690 763 737 243,
796 690 852 729 25
883 684 910 740 ἡ
942 687 1132 741 αἰτιατικὴ
1164 687 1237 741 τὴν
1267 688 1398 743 γυνήν
1422 719 1432 729 .
1452 719 1490 729 ..
1516 687 1584 729 καὶ
1614 689 1738 730 αἰτια-

32 703 58 722 -1

94 767 101 772 ·
162 745 248 800 τικὴ
279 753 359 788 τῶν
388 750 672 800 πληθυντικῶν
702 744 799 788 ἀλλ’
834 746 924 801 ὁρῶ
956 747 1036 797 τὰς
1065 748 1228 802 γυνάς.
1278 750 1328 790 cf.
1357 749 1619 790 Choerobosc.
1640 752 1740 801 328,

165 809 233 849 27.
260 829 309 836 -
331 804 419 848 ἀλλ’
451 805 530 861 ὁρῶ
557 804 629 862 ’γὼ
660 806 728 856 τὰς
758 807 884 862 γυνάς
918 809 1035 848 Mein.
1086 809 1156 849 sed
1186 822 1315 860 neque
1341 823 1389 848 ex
1415 809 1619 849 comoedia
1639 810 1737 850 haec
1777 828 1779 830 ·

163 869 325 919 sumpta
354 879 440 909 esse
469 881 599 920 neque
630 881 710 920 quo
741 870 870 909 metro
905 881 997 908 usus
1029 868 1083 910 sit
1115 872 1256 908 auctor
1287 871 1456 908 constat.

899 985 1010 1028 1337

283 1069 508 1122 Hesychius
538 1068 882 1122 ’ὑντετράστιαν
919 1068 1158 1124 κατεαγέν.
1212 1070 1533 1123 Σαλαμήνιος.
1565 1070 1623 1110 sic
1654 1069 1739 1110 cod.

165 1123 219 1169 ὃν
247 1129 451 1181 τεραστίαν
470 1151 526 1158 --·
545 1130 791 1182 Σαλαμίνιος
808 1130 960 1170 Musur.
1010 1125 1062 1170 ὗν
1086 1128 1339 1184 τετραέτηρον
1368 1128 1589 1183 κατέφαγεν
1606 1132 1739 1170 Σαλα-
1757 1133 1763 1135 ’

163 1188 294 1240 μίνιος
313 1190 467 1230 Nauck.
498 1189 701 1242 τεραστίαν
722 1190 884 1242 Soping.
914 1190 1118 1242 τεραστίαν
1149 1185 1200 1230 ὗν
1220 1191 1338 1230 Mein.
1375 1193 1418 1230 at
1437 1202 1601 1240 prorsus
1621 1190 1740 1229 aliter

164 1249 218 1289 M.
244 1249 507 1299 Schmidtius,
547 1247 618 1301 qui
648 1249 887 1302 Σαλαμίνιοι
930 1250 1107 1289 scribens
1146 1250 1384 1289 Salaminios
1422 1250 1591 1301 Cyprios
1627 1246 1738 1288 ὖντέ-

127 1355 130 1357 ,
165 1311 362 1360 θραυσται
395 1309 459 1349 vel
489 1309 638 1361 aliquid
672 1310 868 1349 eiusmodi
893 1323 965 1361 pro
992 1307 1303 1362 συντέθραυσται
1328 1310 1473 1349 dixisse
1500 1309 1741 1360 suspicatur.

897 1426 1010 1469 1338

281 1512 522 1551 Eustathius
555 1513 678 1562 1538,
702 1514 754 1552 13
787 1512 990 1561 τοξοποιεῖ
1013 1511 1082 1560 τὰς
1112 1510 1241 1565 ὀφρῦς
1272 1542 1281 1552 .
1301 1542 1310 1552 .
1331 1542 1341 1552 .
1373 1510 1394 1551 ὁ
1426 1511 1739 1563 σκυθρωπάζων.

163 1569 263 1624 λέγει
300 1569 344 1612 δέ
379 1586 459 1611 που
495 1570 563 1611 καὶ
594 1574 809 1623 Σοφοκλῆς
839 1568 907 1623 (fr.
936 1573 1049 1612 1013
1070 1571 1141 1622 N.)
1171 1572 1213 1612 τό
1252 1578 1488 1624 τηροῦντα
1526 1570 1636 1619 τοὺς
1667 1569 1738 1610 λε’-

162 1646 338 1684 γοντας
368 1629 446 1670 καὶ
478 1631 750 1684 συνάγοντα
786 1630 867 1679 τὰς
898 1629 1049 1683 ὀφρῦς
1079 1630 1157 1672 καὶ
1187 1630 1270 1680 τὰς
1307 1630 1526 1679 ἀκάνθας
1556 1630 1738 1684 ἐπεγεί-

163 1705 215 1743 ρο
226 1706 328 1742 ντα,
359 1689 483 1731 εἰπὼν
513 1695 627 1731 τοῦτο
659 1689 808 1739 ἐκεῖνος
838 1689 892 1739 ὥς
910 1690 988 1731 ἀπὸ
1009 1691 1178 1744 ἰχθύων,
1209 1692 1250 1732 οἳ
1267 1690 1335 1739 τὰς
1366 1690 1549 1739 ἀκάνθας
1568 1688 1739 1742 ὀρθοῦσι

163 1752 287 1807 καιρῷ
317 1754 470 1803 θυμοῦ.
520 1747 638 1803 ‘quae
670 1751 860 1802 Sophocli
891 1752 1127 1791 tribuuntur
1156 1754 1298 1802 poetae
1330 1751 1470 1791 comici
1502 1754 1616 1801 sunt,
1648 1750 1738 1789 Ari-

162 1810 371 1862 stophanis
408 1823 494 1850 esse
532 1810 703 1850 coniecit
739 1806 993 1850 Brunckius'.
1032 1812 1183 1852 Nauck.
1245 1812 1376 1850 frusta
1419 1813 1513 1850 sunt
1555 1810 1737 1861 poeticae

164 1869 370 1922 dictionis,
407 1883 510 1922 quae
548 1883 677 1922 neque
717 1871 837 1910 unius
874 1874 1016 1921 poetae
1054 1883 1183 1922 neque
1221 1870 1448 1910 comoediae
1488 1882 1573 1909 esse
1606 1869 1739 1908 omnia

163 1930 470 1970 adfirmaverim.

895 2009 1008 2053 1339

283 2096 524 2135 Eustathius
549 2098 672 2145 1720,
693 2098 749 2136 52
776 2091 888 2147 (post
914 2099 1070 2146 partem
1092 2096 1309 2147 Antiphan.
1338 2097 1387 2136 fr.
1414 2098 1482 2146 68,
1511 2092 1583 2148 12)
1610 2093 1738 2147 ἕτερος

165 2152 209 2195 δέ
237 2169 295 2203 τις
325 2150 548 2211 (κωμικὸς)
585 2154 733 2203 θεοὺς
770 2154 880 2203 τοὺς
917 2154 1169 2203 τοιούτους
1206 2151 1377 2208 (ἰχθῦς)
1417 2153 1634 2206 ὠνόμασε
1672 2153 1739 2194 διὰ

163 2213 207 2254 τὸ
237 2213 468 2266 πολύτιμον,
499 2210 586 2255 οἷον
618 2213 818 2266 ἀνθίαν,
850 2214 1063 2267 λάβρακα
1093 2214 1159 2254 καὶ
1189 2215 1283 2263 τοὺς
1314 2215 1488 2262 λοιπούς.
1543 2215 1736 2254 indicavit

166 2273 212 2313 O.
227 2274 401 2314 Kaehler
421 2275 701 2315 Wochenschr.
721 2276 747 2314 f.
762 2276 882 2314 klass.
897 2275 999 2314 Phil.
1031 2276 1157 2325 1885,
1179 2277 1277 2315 903.
1326 2279 1509 2326 putarem
1537 2274 1735 2325 pertinere

166 2334 218 2374 ad
247 2334 467 2385 Antiphan.
502 2337 598 2384 147,
632 2337 669 2384 3,
700 2335 778 2374 nisi
810 2336 933 2374 alium
963 2336 1131 2383 aliquem
1161 2335 1338 2374 dixisset.

898 2463 1012 2506 1340

286 2548 523 2588 Eustathius
546 2550 672 2600 1257,
694 2551 747 2589 15
769 2544 881 2602 (post
903 2549 1057 2588 Alexid.
1081 2550 1179 2599 264,
1202 2543 1245 2603 1)
1272 2546 1337 2588 καὶ
1361 2547 1628 2600 ξυράμενον
1652 2546 1738 2599 τὴν

76 2628 83 2633 -
166 2606 356 2660 ὑπήνην
391 2605 470 2648 καὶ
506 2606 586 2648 τὸν
626 2606 788 2662 ὄρρον,
827 2607 894 2649 καὶ
925 2607 1052 2659 νόμου
1085 2605 1197 2656 ὄντος
1228 2607 1271 2648 ἑν
1295 2604 1414 2664 Ῥόδῳ
1445 2606 1499 2659 μὴ
1533 2607 1738 2659 ξύρεσθαι.

166 2668 435 2719 fragmentum
467 2667 661 2708 comicum
693 2669 755 2709 his
786 2669 981 2709 contineri
1013 2668 1241 2719 suspicatur
1273 2667 1317 2707 O.
1352 2667 1525 2707 Kaehler
1556 2667 1651 2706 ibid.

895 2784 1007 2827 1341

285 2870 526 2909 Plus-archus
551 2869 636 2910 Nic.
659 2872 682 2910 7
715 2867 863 2923 λέγεται
893 2869 1096 2921 ἐκκλησίας
1125 2867 1218 2910 ποτὲ
1250 2867 1372 2921 οὔσης
1402 2868 1470 2909 τὸν
1501 2866 1574 2921 μὲν
1605 2853 1736 2921 δῆμον

168 2927 400 2982 καθήμενον
430 2926 653 2982 περιμένειν
677 2929 806 2970 πολὺν
831 2929 988 2984 χρόνον,
1020 2926 1096 2980 ὀψὲ
1129 2926 1165 2968 δ’
1200 2929 1393 2970 εἰσελθεῖν
1426 2927 1579 2969 ἐκεῖνον
1603 2925 1713 2982 (1(λὲ
1722 2953 1735 2959 -
