<?xml version="1.0" encoding="UTF-8"?>
<!DOCTYPE html PUBLIC "-//W3C//DTD XHTML 1.0 Transitional//EN"
    "http://www.w3.org/TR/xhtml1/DTD/xhtml1-transitional.dtd">
<html xmlns="http://www.w3.org/1999/xhtml" xml:lang="en" lang="en">
 <head>
  <title>
</title>
<meta http-equiv="Content-Type" content="text/html;charset=utf-8" />
  <meta name='ocr-system' content='tesseract 3.04.00' />
  <meta name='ocr-capabilities' content='ocr_page ocr_carea ocr_par ocr_line ocrx_word'/>
</head>
<body>
  <div class='ocr_page' id='page_1' title='image "./comicorumatticor03kockuoft_0074.png"; bbox 0 0 2014 3334; ppageno 0'>
   <div class='ocr_carea' id='block_1_1' title="bbox 241 209 1172 261">
    <p class='ocr_par' dir='ltr' id='par_1_1' title="bbox 241 209 1172 261">
     <span class='ocr_line' id='line_1_1' title="bbox 241 209 1172 261; baseline 0 -11"><span class='ocrx_word' id='word_1_1' title='bbox 241 219 299 261; x_wconf 85' lang='lat'><em>54</em></span> <span class='ocrx_word' id='word_1_2' title='bbox 627 209 629 212; x_wconf 81' lang='grc'>’</span> <span class='ocrx_word' id='word_1_3' title='bbox 799 241 803 243; x_wconf 85' lang='grc'>-</span> <span class='ocrx_word' id='word_1_4' title='bbox 875 217 1172 251; x_wconf 77' lang='lat' dir='ltr'>MENANAPOT</span> 
     </span>
    </p>
   </div>
   <div class='ocr_carea' id='block_1_2' title="bbox 242 324 1809 850">
    <p class='ocr_par' dir='ltr' id='par_1_2' title="bbox 242 324 1809 850">
     <span class='ocr_line' id='line_1_2' title="bbox 243 324 1804 380; baseline -0.002 -11"><span class='ocrx_word' id='word_1_5' title='bbox 243 331 435 380; x_wconf 83' lang='lat' dir='ltr'><em>expressit</em></span> <span class='ocrx_word' id='word_1_6' title='bbox 454 330 615 368; x_wconf 82' lang='lat' dir='ltr'><em>Persius</em></span> <span class='ocrx_word' id='word_1_7' title='bbox 636 329 717 367; x_wconf 85' lang='lat' dir='ltr'><em>Sat.</em></span> <span class='ocrx_word' id='word_1_8' title='bbox 739 330 777 378; x_wconf 99' lang='lat'><em>5,</em></span> <span class='ocrx_word' id='word_1_9' title='bbox 800 330 878 367; x_wconf 85' lang='lat'><em>161</em></span> <span class='ocrx_word' id='word_1_10' title='bbox 898 341 967 379; x_wconf 89' lang='lat' dir='ltr'><em>sq.,</em></span> <span class='ocrx_word' id='word_1_11' title='bbox 998 327 1068 366; x_wconf 91' lang='lat' dir='ltr'><em>ubi</em></span> <span class='ocrx_word' id='word_1_12' title='bbox 1099 328 1220 366; x_wconf 84' lang='lat' dir='ltr'><em>schol.</em></span> <span class='ocrx_word' id='word_1_13' title='bbox 1251 324 1367 367; x_wconf 73' lang='lat' dir='ltr'><em>‘hunc</em></span> <span class='ocrx_word' id='word_1_14' title='bbox 1397 329 1522 366; x_wconf 86' lang='lat' dir='ltr'><em>locum</em></span> <span class='ocrx_word' id='word_1_15' title='bbox 1552 339 1571 366; x_wconf 92' lang='lat' dir='ltr'><em>e</em></span> <span class='ocrx_word' id='word_1_16' title='bbox 1589 327 1804 366; x_wconf 68' lang='lat' dir='ltr'><em>Menandri</em></span> 
     </span>
     <span class='ocr_line' id='line_1_3' title="bbox 242 386 1805 436; baseline -0.002 -8"><span class='ocrx_word' id='word_1_17' title='bbox 242 391 430 428; x_wconf 76' lang='lat' dir='ltr'><em>Eunucho</em></span> <span class='ocrx_word' id='word_1_18' title='bbox 462 391 589 432; x_wconf 71' lang='lat' dir='ltr'><em>traxit,</em></span> <span class='ocrx_word' id='word_1_19' title='bbox 621 391 662 427; x_wconf 86' lang='lat' dir='ltr'><em>in</em></span> <span class='ocrx_word' id='word_1_20' title='bbox 693 400 765 436; x_wconf 89' lang='lat' dir='ltr'><em>quo</em></span> <span class='ocrx_word' id='word_1_21' title='bbox 790 388 950 426; x_wconf 82' lang='lat' dir='ltr'><em>Davum</em></span> <span class='ocrx_word' id='word_1_22' title='bbox 979 399 1131 426; x_wconf 85' lang='lat' dir='ltr'><em>servum</em></span> <span class='ocrx_word' id='word_1_23' title='bbox 1158 386 1450 426; x_wconf 76' lang='lat' dir='ltr'><strong><em>Chaerestratus</em></strong></span> <span class='ocrx_word' id='word_1_24' title='bbox 1481 387 1704 426; x_wconf 79' lang='lat' dir='ltr'><em>adulescens</em></span> <span class='ocrx_word' id='word_1_25' title='bbox 1734 386 1805 425; x_wconf 81' lang='lat' dir='ltr'><em>ad-</em></span> 
     </span>
     <span class='ocr_line' id='line_1_4' title="bbox 244 446 1807 497; baseline -0.002 -10"><span class='ocrx_word' id='word_1_26' title='bbox 244 450 420 497; x_wconf 85' lang='lat' dir='ltr'><em>loquitur,</em></span> <span class='ocrx_word' id='word_1_27' title='bbox 452 452 648 495; x_wconf 86' lang='lat' dir='ltr'><em>tamquam</em></span> <span class='ocrx_word' id='word_1_28' title='bbox 680 459 810 486; x_wconf 91' lang='lat' dir='ltr'><em>amore</em></span> <span class='ocrx_word' id='word_1_29' title='bbox 841 446 1041 495; x_wconf 71' lang='lat' dir='ltr'><em>Chrysidis</em></span> <span class='ocrx_word' id='word_1_30' title='bbox 1071 447 1288 490; x_wconf 83' lang='lat' dir='ltr'><em>derelictus,</em></span> <span class='ocrx_word' id='word_1_31' title='bbox 1318 447 1491 494; x_wconf 78' lang='lat' dir='ltr'><em>idemque</em></span> <span class='ocrx_word' id='word_1_32' title='bbox 1521 449 1648 484; x_wconf 89' lang='lat' dir='ltr'><em>tamen</em></span> <span class='ocrx_word' id='word_1_33' title='bbox 1680 446 1728 484; x_wconf 89' lang='lat' dir='ltr'><em>ab</em></span> <span class='ocrx_word' id='word_1_34' title='bbox 1760 457 1807 484; x_wconf 85' lang='lat' dir='ltr'><em>ea</em></span> 
     </span>
     <span class='ocr_line' id='line_1_5' title="bbox 244 500 1805 554; baseline -0.003 -7"><span class='ocrx_word' id='word_1_35' title='bbox 244 510 443 547; x_wconf 83' lang='lat' dir='ltr'><em>revocatus</em></span> <span class='ocrx_word' id='word_1_36' title='bbox 474 508 526 545; x_wconf 87' lang='lat' dir='ltr'><em>ad</em></span> <span class='ocrx_word' id='word_1_37' title='bbox 556 508 665 546; x_wconf 83' lang='lat' dir='ltr'><em>illam</em></span> <span class='ocrx_word' id='word_1_38' title='bbox 694 507 802 544; x_wconf 85' lang='lat' dir='ltr'><em>redit.</em></span> <span class='ocrx_word' id='word_1_39' title='bbox 857 507 963 554; x_wconf 84' lang='lat' dir='ltr'><em>apud</em></span> <span class='ocrx_word' id='word_1_40' title='bbox 996 506 1214 544; x_wconf 85' lang='lat' dir='ltr'><em>Terentium</em></span> <span class='ocrx_word' id='word_1_41' title='bbox 1237 517 1430 554; x_wconf 88' lang='lat' dir='ltr'><em>personae</em></span> <span class='ocrx_word' id='word_1_42' title='bbox 1453 507 1665 544; x_wconf 88' lang='lat' dir='ltr'><em>inmutatae</em></span> <span class='ocrx_word' id='word_1_43' title='bbox 1689 500 1805 543; x_wconf 65' lang='lat' dir='ltr'><em>sunt?</em></span> 
     </span>
     <span class='ocr_line' id='line_1_6' title="bbox 245 562 1806 614; baseline -0.001 -9"><span class='ocrx_word' id='word_1_44' title='bbox 245 567 397 606; x_wconf 86' lang='lat' dir='ltr'><em>seilicet</em></span> <span class='ocrx_word' id='word_1_45' title='bbox 428 562 555 604; x_wconf 76' lang='lat' dir='ltr'><em>‘Davo</em></span> <span class='ocrx_word' id='word_1_46' title='bbox 587 565 794 604; x_wconf 85' lang='lat' dir='ltr'><em>Menandri</em></span> <span class='ocrx_word' id='word_1_47' title='bbox 826 565 931 614; x_wconf 88' lang='lat' dir='ltr'><em>apud</em></span> <span class='ocrx_word' id='word_1_48' title='bbox 958 564 1191 603; x_wconf 87' lang='lat' dir='ltr'><em>Terentium</em></span> <span class='ocrx_word' id='word_1_49' title='bbox 1221 564 1493 614; x_wconf 79' lang='lat' dir='ltr'><em>Parmenonis,</em></span> <span class='ocrx_word' id='word_1_50' title='bbox 1526 563 1806 603; x_wconf 74' lang='lat' dir='ltr'><em>Chaerestrato</em></span> 
     </span>
     <span class='ocr_line' id='line_1_7' title="bbox 245 622 1808 675; baseline -0.001 -12"><span class='ocrx_word' id='word_1_51' title='bbox 245 625 474 674; x_wconf 80' lang='lat' dir='ltr'><em>Phaedriae,</em></span> <span class='ocrx_word' id='word_1_52' title='bbox 496 624 682 675; x_wconf 85' lang='lat' dir='ltr'><em>Chrysidi</em></span> <span class='ocrx_word' id='word_1_53' title='bbox 703 624 867 663; x_wconf 81' lang='lat' dir='ltr'><em>Thaidis</em></span> <span class='ocrx_word' id='word_1_54' title='bbox 891 636 1036 663; x_wconf 88' lang='lat' dir='ltr'><em>nomen</em></span> <span class='ocrx_word' id='word_1_55' title='bbox 1061 624 1282 673; x_wconf 84' lang='lat' dir='ltr'><em>inpositum</em></span> <span class='ocrx_word' id='word_1_56' title='bbox 1307 626 1379 663; x_wconf 90' lang='lat' dir='ltr'><em>est.</em></span> <span class='ocrx_word' id='word_1_57' title='bbox 1419 625 1576 674; x_wconf 88' lang='lat' dir='ltr'><em>patrem</em></span> <span class='ocrx_word' id='word_1_58' title='bbox 1596 622 1808 673; x_wconf 84' lang='lat' dir='ltr'><em>Chaereae,</em></span> 
     </span>
     <span class='ocr_line' id='line_1_8' title="bbox 247 682 1808 733; baseline -0.002 -10"><span class='ocrx_word' id='word_1_59' title='bbox 247 686 358 724; x_wconf 84' lang='lat' dir='ltr'><em>cuius</em></span> <span class='ocrx_word' id='word_1_60' title='bbox 383 697 527 723; x_wconf 91' lang='lat' dir='ltr'><em>nomen</em></span> <span class='ocrx_word' id='word_1_61' title='bbox 544 684 752 722; x_wconf 83' lang='lat' dir='ltr'><em>Terentius</em></span> <span class='ocrx_word' id='word_1_62' title='bbox 778 683 928 727; x_wconf 79' lang='lat' dir='ltr'><em>reticet,</em></span> <span class='ocrx_word' id='word_1_63' title='bbox 955 683 1172 721; x_wconf 83' lang='lat' dir='ltr'><em>Menandro</em></span> <span class='ocrx_word' id='word_1_64' title='bbox 1193 682 1394 722; x_wconf 77' lang='lat' dir='ltr'><em>Simonem</em></span> <span class='ocrx_word' id='word_1_65' title='bbox 1419 682 1667 733; x_wconf 86' lang='lat' dir='ltr'><em>adpellatum</em></span> <span class='ocrx_word' id='word_1_66' title='bbox 1683 682 1808 721; x_wconf 86' lang='lat' dir='ltr'><em>fuisse</em></span> 
     </span>
     <span class='ocr_line' id='line_1_9' title="bbox 245 740 1809 793; baseline -0.001 -11"><span class='ocrx_word' id='word_1_67' title='bbox 245 745 420 782; x_wconf 87' lang='lat' dir='ltr'><em>testatur</em></span> <span class='ocrx_word' id='word_1_68' title='bbox 458 744 640 782; x_wconf 89' lang='lat' dir='ltr'><em>Donatus</em></span> <span class='ocrx_word' id='word_1_69' title='bbox 679 743 728 781; x_wconf 85' lang='lat' dir='ltr'><em>ad</em></span> <span class='ocrx_word' id='word_1_70' title='bbox 761 743 805 792; x_wconf 88' lang='lat'><em>5,</em></span> <span class='ocrx_word' id='word_1_71' title='bbox 839 744 884 792; x_wconf 85' lang='lat'><em>5,</em></span> <span class='ocrx_word' id='word_1_72' title='bbox 921 744 961 792; x_wconf 89' lang='lat'><em>1,</em></span> <span class='ocrx_word' id='word_1_73' title='bbox 1007 742 1074 793; x_wconf 88' lang='lat' dir='ltr'><em>qui</em></span> <span class='ocrx_word' id='word_1_74' title='bbox 1115 742 1166 781; x_wconf 84' lang='lat' dir='ltr'><em>ad</em></span> <span class='ocrx_word' id='word_1_75' title='bbox 1198 744 1242 793; x_wconf 87' lang='lat'><em>3,</em></span> <span class='ocrx_word' id='word_1_76' title='bbox 1277 744 1319 793; x_wconf 88' lang='lat'><em>3,</em></span> <span class='ocrx_word' id='word_1_77' title='bbox 1354 743 1374 780; x_wconf 91' lang='lat'>1</span> <span class='ocrx_word' id='word_1_78' title='bbox 1422 741 1469 780; x_wconf 85' lang='lat' dir='ltr'><em>de</em></span> <span class='ocrx_word' id='word_1_79' title='bbox 1501 740 1667 780; x_wconf 85' lang='lat' dir='ltr'><em>Chreme</em></span> <span class='ocrx_word' id='word_1_80' title='bbox 1709 742 1809 780; x_wconf 82' lang='lat' dir='ltr'><em>haec</em></span> 
     </span>
     <span class='ocr_line' id='line_1_10' title="bbox 245 801 1808 850; baseline -0.001 -9"><span class='ocrx_word' id='word_1_81' title='bbox 245 803 431 841; x_wconf 85' lang='lat' dir='ltr'><em>adnotat:</em></span> <span class='ocrx_word' id='word_1_82' title='bbox 462 803 553 841; x_wconf 75' lang='lat' dir='ltr'><em>haec</em></span> <span class='ocrx_word' id='word_1_83' title='bbox 576 815 746 850; x_wconf 86' lang='lat' dir='ltr'><em>persona</em></span> <span class='ocrx_word' id='word_1_84' title='bbox 779 803 885 850; x_wconf 87' lang='lat' dir='ltr'><em>apud</em></span> <span class='ocrx_word' id='word_1_85' title='bbox 915 802 1182 840; x_wconf 74' lang='lat' dir='ltr'><em>Menandrum</em></span> <span class='ocrx_word' id='word_1_86' title='bbox 1214 803 1464 841; x_wconf 83' lang='lat' dir='ltr'><em>adulescentis</em></span> <span class='ocrx_word' id='word_1_87' title='bbox 1494 802 1630 840; x_wconf 79' lang='lat' dir='ltr'><em>rustici</em></span> <span class='ocrx_word' id='word_1_88' title='bbox 1661 804 1726 840; x_wconf 92' lang='lat' dir='ltr'><em>est.</em></span> <span class='ocrx_word' id='word_1_89' title='bbox 1759 801 1808 839; x_wconf 85' lang='lat' dir='ltr'><em>ef.</em></span> 
     </span>
    </p>
   </div>
   <div class='ocr_carea' id='block_1_3' title="bbox 1875 0 2014 122">
    <p class='ocr_par' dir='ltr' id='par_1_3' title="bbox 1875 0 2014 122">
     <span class='ocr_line' id='line_1_11' title="bbox 1875 0 2014 122; baseline 0 3212"><span class='ocrx_word' id='word_1_90' title='bbox 1875 0 2014 122; x_wconf 95' lang='lat' dir='ltr'><em> </em></span> 
     </span>
    </p>
   </div>
   <div class='ocr_carea' id='block_1_4' title="bbox 245 854 1891 911">
    <p class='ocr_par' dir='ltr' id='par_1_4' title="bbox 245 854 1891 911">
     <span class='ocr_line' id='line_1_12' title="bbox 245 854 1891 911; baseline -0.001 -11"><span class='ocrx_word' id='word_1_91' title='bbox 245 861 426 900; x_wconf 84' lang='lat' dir='ltr'><em>Grauert.</em></span> <span class='ocrx_word' id='word_1_92' title='bbox 454 861 567 900; x_wconf 87' lang='lat' dir='ltr'><em>Anal.</em></span> <span class='ocrx_word' id='word_1_93' title='bbox 595 862 733 899; x_wconf 88' lang='lat' dir='ltr'><em>histor.</em></span> <span class='ocrx_word' id='word_1_94' title='bbox 758 861 897 910; x_wconf 88' lang='lat' dir='ltr'><em>philol.</em></span> <span class='ocrx_word' id='word_1_95' title='bbox 927 856 1038 899; x_wconf 70' lang='lat'><em>156?</em></span> <span class='ocrx_word' id='word_1_96' title='bbox 1069 861 1188 900; x_wconf 83' lang='lat' dir='ltr'><em>Mein.</em></span> <span class='ocrx_word' id='word_1_97' title='bbox 1248 862 1456 911; x_wconf 88' lang='lat' dir='ltr'><em>praeterea</em></span> <span class='ocrx_word' id='word_1_98' title='bbox 1486 861 1534 900; x_wconf 84' lang='lat' dir='ltr'><em>ef.</em></span> <span class='ocrx_word' id='word_1_99' title='bbox 1567 873 1667 910; x_wconf 83' lang='lat' dir='ltr'><em>quae</em></span> <span class='ocrx_word' id='word_1_100' title='bbox 1705 860 1811 899; x_wconf 89' lang='lat' dir='ltr'><em>infra</em></span> <span class='ocrx_word' id='word_1_101' title='bbox 1887 854 1891 855; x_wconf 41' lang='lat'><em>⁷</em></span> 
     </span>
    </p>
   </div>
   <div class='ocr_carea' id='block_1_5' title="bbox 246 919 772 959">
    <p class='ocr_par' dir='ltr' id='par_1_5' title="bbox 246 919 772 959">
     <span class='ocr_line' id='line_1_13' title="bbox 246 919 772 959; baseline -0.002 0"><span class='ocrx_word' id='word_1_102' title='bbox 246 921 296 959; x_wconf 88' lang='lat' dir='ltr'><em>ad</em></span> <span class='ocrx_word' id='word_1_103' title='bbox 326 919 487 959; x_wconf 82' lang='grc' dir='ltr'><em>Κόλακα</em></span> <span class='ocrx_word' id='word_1_104' title='bbox 519 921 772 959; x_wconf 86' lang='lat' dir='ltr'><em>adnotantur.</em></span> 
     </span>
    </p>
   </div>
   <div class='ocr_carea' id='block_1_6' title="bbox 988 999 1072 1041">
    <p class='ocr_par' dir='ltr' id='par_1_6' title="bbox 988 999 1072 1041">
     <span class='ocr_line' id='line_1_14' title="bbox 988 999 1072 1041; baseline -0.012 0"><span class='ocrx_word' id='word_1_105' title='bbox 988 999 1072 1041; x_wconf 88' lang='grc'><em>186</em></span> 
     </span>
    </p>
   </div>
   <div class='ocr_carea' id='block_1_7' title="bbox 245 1083 1813 1195">
    <p class='ocr_par' dir='ltr' id='par_1_7' title="bbox 245 1083 1813 1195">
     <span class='ocr_line' id='line_1_15' title="bbox 365 1083 1813 1133; baseline 0 -9"><span class='ocrx_word' id='word_1_106' title='bbox 365 1086 574 1124; x_wconf 83' lang='lat' dir='ltr'><em>Terentius</em></span> <span class='ocrx_word' id='word_1_107' title='bbox 607 1086 764 1124; x_wconf 87' lang='lat' dir='ltr'><em>fabulae</em></span> <span class='ocrx_word' id='word_1_108' title='bbox 790 1085 904 1124; x_wconf 89' lang='lat' dir='ltr'><em>initio</em></span> <span class='ocrx_word' id='word_1_109' title='bbox 931 1086 1024 1133; x_wconf 89' lang='lat' dir='ltr'><em>quid</em></span> <span class='ocrx_word' id='word_1_110' title='bbox 1053 1086 1172 1133; x_wconf 74' lang='lat' dir='ltr'><em>iqitur</em></span> <span class='ocrx_word' id='word_1_111' title='bbox 1203 1087 1375 1133; x_wconf 74' lang='lat' dir='ltr'><em>faciam?</em></span> <span class='ocrx_word' id='word_1_112' title='bbox 1412 1085 1490 1124; x_wconf 92' lang='lat' dir='ltr'><em>no&#39;n</em></span> <span class='ocrx_word' id='word_1_113' title='bbox 1522 1098 1606 1124; x_wconf 91' lang='lat' dir='ltr'><em>eam</em></span> <span class='ocrx_word' id='word_1_114' title='bbox 1635 1097 1684 1124; x_wconf 90' lang='lat' dir='ltr'><em>ne</em></span> <span class='ocrx_word' id='word_1_115' title='bbox 1707 1083 1813 1124; x_wconf 74' lang='lat' dir='ltr'><em>nunc</em></span> 
     </span>
     <span class='ocr_line' id='line_1_16' title="bbox 245 1139 1811 1195; baseline 0.001 -12"><span class='ocrx_word' id='word_1_116' title='bbox 245 1147 397 1193; x_wconf 81' lang='lat' dir='ltr'><em>quidem</em></span> <span class='ocrx_word' id='word_1_117' title='bbox 427 1157 539 1193; x_wconf 89' lang='lat' dir='ltr'><em>quom</em></span> <span class='ocrx_word' id='word_1_118' title='bbox 571 1145 743 1184; x_wconf 76' lang='lat' dir='ltr'><em>arcessor</em></span> <span class='ocrx_word' id='word_1_119' title='bbox 773 1146 900 1184; x_wconf 75' lang='lat' dir='ltr'><em>ultro?</em></span> <span class='ocrx_word' id='word_1_120' title='bbox 929 1144 1001 1183; x_wconf 90' lang='lat' dir='ltr'><em>ubi</em></span> <span class='ocrx_word' id='word_1_121' title='bbox 1031 1145 1214 1183; x_wconf 85' lang='lat' dir='ltr'><em>Donatus</em></span> <span class='ocrx_word' id='word_1_122' title='bbox 1246 1139 1326 1183; x_wconf 82' lang='grc' dir='ltr'><em>εἶτα</em></span> <span class='ocrx_word' id='word_1_123' title='bbox 1355 1144 1393 1183; x_wconf 84' lang='grc' dir='ltr'><em>τί</em></span> <span class='ocrx_word' id='word_1_124' title='bbox 1423 1143 1577 1195; x_wconf 81' lang='grc' dir='ltr'><em>ποιήσω</em></span> <span class='ocrx_word' id='word_1_125' title='bbox 1609 1173 1619 1183; x_wconf 91' lang='grc'><strong>.</strong></span> <span class='ocrx_word' id='word_1_126' title='bbox 1650 1174 1660 1183; x_wconf 92' lang='grc'>.</span> <span class='ocrx_word' id='word_1_127' title='bbox 1692 1173 1702 1183; x_wconf 90' lang='grc'><em>.</em></span> <span class='ocrx_word' id='word_1_128' title='bbox 1735 1157 1811 1184; x_wconf 85' lang='lat' dir='ltr'><em>non</em></span> 
     </span>
    </p>
   </div>
   <div class='ocr_carea' id='block_1_8' title="bbox 239 1205 1812 1314">
    <p class='ocr_par' dir='ltr' id='par_1_8' title="bbox 239 1205 1812 1314">
     <span class='ocr_line' id='line_1_17' title="bbox 247 1205 1812 1253; baseline 0.001 -10"><span class='ocrx_word' id='word_1_129' title='bbox 247 1206 358 1243; x_wconf 75' lang='lat' dir='ltr'><em>cam?</em></span> <span class='ocrx_word' id='word_1_130' title='bbox 404 1205 562 1243; x_wconf 85' lang='lat' dir='ltr'><em>Probus</em></span> <span class='ocrx_word' id='word_1_131' title='bbox 592 1206 802 1253; x_wconf 74' lang='lat' dir='ltr'><em>distinquit.</em></span> <span class='ocrx_word' id='word_1_132' title='bbox 861 1206 1065 1253; x_wconf 78' lang='lat' dir='ltr'><em>iunqunt</em></span> <span class='ocrx_word' id='word_1_133' title='bbox 1099 1206 1165 1252; x_wconf 91' lang='lat' dir='ltr'><em>qui</em></span> <span class='ocrx_word' id='word_1_134' title='bbox 1201 1206 1412 1243; x_wconf 78' lang='lat' dir='ltr'><em>secu-ndum</em></span> <span class='ocrx_word' id='word_1_135' title='bbox 1441 1205 1658 1244; x_wconf 86' lang='lat' dir='ltr'><em>Menandri</em></span> <span class='ocrx_word' id='word_1_136' title='bbox 1694 1216 1812 1244; x_wconf 76' lang='lat' dir='ltr'><em>exem-</em></span> 
     </span>
     <span class='ocr_line' id='line_1_18' title="bbox 239 1263 973 1314; baseline -0.003 -11"><span class='ocrx_word' id='word_1_137' title='bbox 239 1265 354 1312; x_wconf 84' lang='lat' dir='ltr'><em>plum</em></span> <span class='ocrx_word' id='word_1_138' title='bbox 385 1265 519 1313; x_wconf 77' lang='lat' dir='ltr'><em>lequnt.</em></span> <span class='ocrx_word' id='word_1_139' title='bbox 582 1264 719 1314; x_wconf 86' lang='lat' dir='ltr'><em>itaque</em></span> <span class='ocrx_word' id='word_1_140' title='bbox 750 1263 973 1302; x_wconf 86' lang='lat' dir='ltr'><em>Meinekius</em></span> 
     </span>
    </p>
   </div>
   <div class='ocr_carea' id='block_1_9' title="bbox 247 1329 1814 1516">
    <p class='ocr_par' dir='ltr' id='par_1_9' title="bbox 247 1329 1814 1516">
     <span class='ocr_line' id='line_1_19' title="bbox 529 1329 1456 1387; baseline 0 -14"><span class='ocrx_word' id='word_1_141' title='bbox 529 1329 609 1373; x_wconf 81' lang='grc' dir='ltr'><em>εἶτα</em></span> <span class='ocrx_word' id='word_1_142' title='bbox 639 1334 677 1373; x_wconf 86' lang='grc' dir='ltr'><em>τί</em></span> <span class='ocrx_word' id='word_1_143' title='bbox 704 1333 876 1385; x_wconf 75' lang='grc' dir='ltr'><em>ποιήσως</em></span> <span class='ocrx_word' id='word_1_144' title='bbox 909 1332 962 1385; x_wconf 75' lang='grc' dir='ltr'><em>μὴ</em></span> <span class='ocrx_word' id='word_1_145' title='bbox 993 1331 1202 1387; x_wconf 82' lang='grc' dir='ltr'><em>προσέλθω</em></span> <span class='ocrx_word' id='word_1_146' title='bbox 1235 1332 1334 1385; x_wconf 81' lang='grc' dir='ltr'>μηδὲ</span> <span class='ocrx_word' id='word_1_147' title='bbox 1365 1339 1456 1385; x_wconf 73' lang='grc' dir='ltr'><em>νῦν,</em></span> 
     </span>
     <span class='ocr_line' id='line_1_20' title="bbox 530 1393 896 1445; baseline 0 -13"><span class='ocrx_word' id='word_1_148' title='bbox 530 1393 650 1445; x_wconf 76' lang='grc' dir='ltr'><em>αὐτῆς</em></span> <span class='ocrx_word' id='word_1_149' title='bbox 681 1393 896 1444; x_wconf 83' lang='grc' dir='ltr'><em>καλούσης;</em></span> 
     </span>
     <span class='ocr_line' id='line_1_21' title="bbox 247 1464 1814 1516; baseline 0.001 -14"><span class='ocrx_word' id='word_1_150' title='bbox 247 1465 406 1503; x_wconf 85' lang='lat' dir='ltr'><em>Persius</em></span> <span class='ocrx_word' id='word_1_151' title='bbox 439 1464 520 1503; x_wconf 81' lang='lat' dir='ltr'><em>Sat.</em></span> <span class='ocrx_word' id='word_1_152' title='bbox 541 1467 579 1516; x_wconf 87' lang='lat'><em>5,</em></span> <span class='ocrx_word' id='word_1_153' title='bbox 609 1467 690 1505; x_wconf 83' lang='lat'><em>172</em></span> <span class='ocrx_word' id='word_1_154' title='bbox 724 1467 912 1514; x_wconf 80' lang='lat' dir='ltr'><em>quidnam</em></span> <span class='ocrx_word' id='word_1_155' title='bbox 941 1467 1061 1514; x_wconf 80' lang='lat' dir='ltr'><em>iqitur</em></span> <span class='ocrx_word' id='word_1_156' title='bbox 1091 1466 1265 1513; x_wconf 74' lang='lat' dir='ltr'><em>faciam?</em></span> <span class='ocrx_word' id='word_1_157' title='bbox 1295 1477 1363 1503; x_wconf 91' lang='lat' dir='ltr'><em>nec</em></span> <span class='ocrx_word' id='word_1_158' title='bbox 1393 1477 1497 1504; x_wconf 81' lang='lat' dir='ltr'><em>nunc</em></span> <span class='ocrx_word' id='word_1_159' title='bbox 1527 1477 1613 1504; x_wconf 81' lang='lat' dir='ltr'><em>cwm</em></span> <span class='ocrx_word' id='word_1_160' title='bbox 1644 1469 1814 1505; x_wconf 87' lang='lat' dir='ltr'><em>arcessat</em></span> 
     </span>
    </p>
   </div>
   <div class='ocr_carea' id='block_1_10' title="bbox 245 1522 1823 1635">
    <p class='ocr_par' dir='ltr' id='par_1_10' title="bbox 245 1522 1823 1635">
     <span class='ocr_line' id='line_1_22' title="bbox 247 1522 1823 1577; baseline 0.001 -15"><span class='ocrx_word' id='word_1_161' title='bbox 247 1527 287 1562; x_wconf 90' lang='lat' dir='ltr'><em>ct</em></span> <span class='ocrx_word' id='word_1_162' title='bbox 325 1526 448 1562; x_wconf 82' lang='lat' dir='ltr'><em>ultro</em></span> <span class='ocrx_word' id='word_1_163' title='bbox 487 1526 721 1573; x_wconf 72' lang='lat' dir='ltr'><em>supplicet</em></span> <span class='ocrx_word' id='word_1_164' title='bbox 763 1526 967 1564; x_wconf 75' lang='lat' dir='ltr'><em>accedam?</em></span> <span class='ocrx_word' id='word_1_165' title='bbox 1035 1524 1141 1563; x_wconf 89' lang='lat' dir='ltr'><em>unde</em></span> <span class='ocrx_word' id='word_1_166' title='bbox 1177 1525 1347 1564; x_wconf 85' lang='lat' dir='ltr'><em>fortasse</em></span> <span class='ocrx_word' id='word_1_167' title='bbox 1386 1524 1490 1563; x_wconf 85' lang='lat' dir='ltr'><em>adici</em></span> <span class='ocrx_word' id='word_1_168' title='bbox 1520 1526 1655 1575; x_wconf 88' lang='lat' dir='ltr'><em>potest</em></span> <span class='ocrx_word' id='word_1_169' title='bbox 1691 1522 1823 1577; x_wconf 73' lang='grc' dir='ltr'><em>αὐτῆς</em></span> 
     </span>
     <span class='ocr_line' id='line_1_23' title="bbox 245 1581 1549 1635; baseline 0.001 -13"><span class='ocrx_word' id='word_1_170' title='bbox 245 1582 442 1634; x_wconf 80' lang='grc' dir='ltr'><em>καλούσης</em></span> <span class='ocrx_word' id='word_1_171' title='bbox 473 1583 807 1635; x_wconf 80' lang='grc' dir='ltr'><em>χίκετευούσης</em></span> <span class='ocrx_word' id='word_1_172' title='bbox 839 1581 922 1635; x_wconf 78' lang='grc' dir='ltr'>ἐμέ;</span> <span class='ocrx_word' id='word_1_173' title='bbox 954 1584 1049 1623; x_wconf 89' lang='lat' dir='ltr'><em>Hor.</em></span> <span class='ocrx_word' id='word_1_174' title='bbox 1083 1584 1205 1623; x_wconf 83' lang='lat' dir='ltr'><em>Serm.</em></span> <span class='ocrx_word' id='word_1_175' title='bbox 1238 1586 1276 1635; x_wconf 83' lang='lat'><em>2,</em></span> <span class='ocrx_word' id='word_1_176' title='bbox 1310 1585 1348 1635; x_wconf 86' lang='lat'><em>3,</em></span> <span class='ocrx_word' id='word_1_177' title='bbox 1383 1586 1479 1623; x_wconf 83' lang='lat'><strong>262.</strong></span> <span class='ocrx_word' id='word_1_178' title='bbox 1512 1586 1549 1624; x_wconf 88' lang='lat'><em>3.</em></span> 
     </span>
    </p>
   </div>
   <div class='ocr_carea' id='block_1_11' title="bbox 461 1699 1593 1899">
    <p class='ocr_par' dir='ltr' id='par_1_11' title="bbox 461 1699 1593 1899">
     <span class='ocr_line' id='line_1_24' title="bbox 984 1699 1067 1742; baseline 0 -1"><span class='ocrx_word' id='word_1_179' title='bbox 984 1699 1067 1742; x_wconf 86' lang='lat'><em>187</em></span> 
     </span>
     <span class='ocr_line' id='line_1_25' title="bbox 461 1768 1530 1828; baseline 0.001 -17"><span class='ocrx_word' id='word_1_180' title='bbox 461 1770 519 1825; x_wconf 87' lang='grc' dir='ltr'><em>μὴ</em></span> <span class='ocrx_word' id='word_1_181' title='bbox 550 1770 777 1826; x_wconf 77' lang='grc' dir='ltr'><em>θεομάχει,</em></span> <span class='ocrx_word' id='word_1_182' title='bbox 809 1768 921 1826; x_wconf 75' lang='grc' dir='ltr'><em>μηδὲ</em></span> <span class='ocrx_word' id='word_1_183' title='bbox 955 1770 1185 1827; x_wconf 76' lang='grc' dir='ltr'><em>προσάγου</em></span> <span class='ocrx_word' id='word_1_184' title='bbox 1215 1774 1275 1828; x_wconf 76' lang='grc' dir='ltr'><em>τῷ</em></span> <span class='ocrx_word' id='word_1_185' title='bbox 1307 1769 1530 1826; x_wconf 76' lang='grc' dir='ltr'><em>πράγματι</em></span> 
     </span>
     <span class='ocr_line' id='line_1_26' title="bbox 461 1839 1593 1899; baseline -0.001 -17"><span class='ocrx_word' id='word_1_186' title='bbox 461 1848 677 1896; x_wconf 78' lang='grc' dir='ltr'><em>χειμῶνας</em></span> <span class='ocrx_word' id='word_1_187' title='bbox 708 1840 896 1899; x_wconf 77' lang='grc' dir='ltr'><em>ἑτέρους,</em></span> <span class='ocrx_word' id='word_1_188' title='bbox 928 1843 1032 1892; x_wconf 82' lang='grc' dir='ltr'><em>τοὺς</em></span> <span class='ocrx_word' id='word_1_189' title='bbox 1064 1839 1104 1883; x_wconf 81' lang='grc' dir='ltr'><em>δ’</em></span> <span class='ocrx_word' id='word_1_190' title='bbox 1141 1840 1408 1896; x_wconf 78' lang='grc' dir='ltr'><em>ἀναγκαίους</em></span> <span class='ocrx_word' id='word_1_191' title='bbox 1439 1839 1561 1898; x_wconf 79' lang='grc' dir='ltr'><strong><em>φέρε.</em></strong></span> <span class='ocrx_word' id='word_1_192' title='bbox 1588 1880 1593 1881; x_wconf 21' lang='lat'><em>⁷</em></span> 
     </span>
    </p>
   </div>
   <div class='ocr_carea' id='block_1_12' title="bbox 253 1926 1815 2036">
    <p class='ocr_par' dir='ltr' id='par_1_12' title="bbox 253 1926 1815 2036">
     <span class='ocr_line' id='line_1_27' title="bbox 369 1926 1814 1983; baseline 0.002 -19"><span class='ocrx_word' id='word_1_193' title='bbox 369 1927 564 1965; x_wconf 82' lang='lat' dir='ltr'><em>Stobaeus</em></span> <span class='ocrx_word' id='word_1_194' title='bbox 596 1928 733 1967; x_wconf 87' lang='lat' dir='ltr'><em>Floril.</em></span> <span class='ocrx_word' id='word_1_195' title='bbox 770 1930 863 1980; x_wconf 83' lang='lat'>108,</span> <span class='ocrx_word' id='word_1_196' title='bbox 896 1930 951 1967; x_wconf 87' lang='grc'><em>46</em></span> <span class='ocrx_word' id='word_1_197' title='bbox 996 1927 1243 1979; x_wconf 79' lang='grc' dir='ltr'><em>Μενάνδρου</em></span> <span class='ocrx_word' id='word_1_198' title='bbox 1271 1926 1472 1983; x_wconf 76' lang='grc' dir='ltr'><em>Εὐνούχῳ</em></span> <span class='ocrx_word' id='word_1_199' title='bbox 1505 1929 1553 1966; x_wconf 90' lang='lat' dir='ltr'><em>A.</em></span> <span class='ocrx_word' id='word_1_200' title='bbox 1604 1928 1814 1968; x_wconf 86' lang='lat' dir='ltr'><em>Terentius</em></span> 
     </span>
     <span class='ocr_line' id='line_1_28' title="bbox 253 1987 1815 2036; baseline 0.003 -13"><span class='ocrx_word' id='word_1_201' title='bbox 253 1988 289 2036; x_wconf 91' lang='lat'><em>1,</em></span> <span class='ocrx_word' id='word_1_202' title='bbox 325 1989 360 2036; x_wconf 87' lang='lat'><em>1,</em></span> <span class='ocrx_word' id='word_1_203' title='bbox 394 1987 446 2025; x_wconf 85' lang='lat'><em>31</em></span> <span class='ocrx_word' id='word_1_204' title='bbox 479 1999 597 2034; x_wconf 88' lang='lat' dir='ltr'><em>neque</em></span> <span class='ocrx_word' id='word_1_205' title='bbox 620 1988 896 2036; x_wconf 73' lang='lat' dir='ltr'><em>praeterquam</em></span> <span class='ocrx_word' id='word_1_206' title='bbox 926 2000 1024 2036; x_wconf 88' lang='lat' dir='ltr'><em>quas</em></span> <span class='ocrx_word' id='word_1_207' title='bbox 1053 1989 1135 2036; x_wconf 85' lang='lat' dir='ltr'><em>ipse</em></span> <span class='ocrx_word' id='word_1_208' title='bbox 1166 2000 1276 2026; x_wconf 91' lang='lat' dir='ltr'><em>amor</em></span> <span class='ocrx_word' id='word_1_209' title='bbox 1306 1988 1500 2026; x_wconf 88' lang='lat' dir='ltr'><em>mole&#39;stias</em></span> <span class='ocrx_word' id='word_1_210' title='bbox 1529 1989 1640 2026; x_wconf 80' lang='lat' dir='ltr'><em>habet</em></span> <span class='ocrx_word' id='word_1_211' title='bbox 1678 1989 1815 2034; x_wconf 77' lang='lat' dir='ltr'><em>addas,</em></span> 
     </span>
    </p>
   </div>
   <div class='ocr_carea' id='block_1_13' title="bbox 251 2044 1816 2156">
    <p class='ocr_par' dir='ltr' id='par_1_13' title="bbox 251 2044 1816 2156">
     <span class='ocr_line' id='line_1_29' title="bbox 251 2044 1816 2156; baseline 0.003 -74"><span class='ocrx_word' id='word_1_212' title='bbox 251 2048 305 2156; x_wconf 43' lang='grc' dir='ltr'><em>ᾗ</em></span> <span class='ocrx_word' id='word_1_213' title='bbox 319 2046 409 2142; x_wconf 52' lang='grc' dir='ltr'><em>ἱῖξῙαε</em></span> <span class='ocrx_word' id='word_1_214' title='bbox 420 2047 542 2156; x_wconf 74' lang='lat' dir='ltr'><em>dq)uds</em></span> <span class='ocrx_word' id='word_1_215' title='bbox 572 2047 683 2085; x_wconf 75' lang='lat' dir='ltr'><em>ltabet</em></span> <span class='ocrx_word' id='word_1_216' title='bbox 717 2048 818 2086; x_wconf 87' lang='lat' dir='ltr'><em>recte&#39;</em></span> <span class='ocrx_word' id='word_1_217' title='bbox 850 2050 966 2096; x_wconf 81' lang='lat' dir='ltr'><em>feras.</em></span> <span class='ocrx_word' id='word_1_218' title='bbox 1032 2049 1068 2085; x_wconf 85' lang='lat'><em>1.</em></span> <span class='ocrx_word' id='word_1_219' title='bbox 1107 2044 1159 2098; x_wconf 84' lang='grc' dir='ltr'><em>μὴ</em></span> <span class='ocrx_word' id='word_1_220' title='bbox 1201 2045 1329 2096; x_wconf 84' lang='lat' dir='ltr'><em>Grot.]</em></span> <span class='ocrx_word' id='word_1_221' title='bbox 1368 2045 1434 2085; x_wconf 79' lang='grc' dir='ltr'><em>καὶ</em></span> <span class='ocrx_word' id='word_1_222' title='bbox 1470 2044 1523 2098; x_wconf 83' lang='grc' dir='ltr'><em>μὴ</em></span> <span class='ocrx_word' id='word_1_223' title='bbox 1556 2047 1621 2087; x_wconf 86' lang='lat' dir='ltr'><em>vel</em></span> <span class='ocrx_word' id='word_1_224' title='bbox 1658 2045 1711 2098; x_wconf 62' lang='grc' dir='ltr'><em>μκὴ</em></span> <span class='ocrx_word' id='word_1_225' title='bbox 1749 2046 1816 2087; x_wconf 79' lang='grc' dir='ltr'><em>καὶ</em></span> 
     </span>
     <span class='ocr_line' id='line_1_30' title="bbox 376 2118 490 2143; baseline 0.009 -1"><span class='ocrx_word' id='word_1_226' title='bbox 376 2118 417 2142; x_wconf 86' lang='lat'><em>111</em></span> <span class='ocrx_word' id='word_1_227' title='bbox 447 2133 456 2142; x_wconf 90' lang='lat'>.</span> <span class='ocrx_word' id='word_1_228' title='bbox 481 2133 490 2143; x_wconf 92' lang='lat'><strong><em>.</em></strong></span> 
     </span>
    </p>
   </div>
   <div class='ocr_carea' id='block_1_14' title="bbox 537 2186 1227 2325">
    <p class='ocr_par' dir='ltr' id='par_1_14' title="bbox 537 2186 1227 2325">
     <span class='ocr_line' id='line_1_31' title="bbox 995 2186 1077 2228; baseline 0.012 -1"><span class='ocrx_word' id='word_1_229' title='bbox 995 2186 1077 2228; x_wconf 87' lang='grc'><em>188</em></span> 
     </span>
     <span class='ocr_line' id='line_1_32' title="bbox 537 2262 1227 2325; baseline 0.003 -16"><span class='ocrx_word' id='word_1_230' title='bbox 537 2262 666 2317; x_wconf 79' lang='grc' dir='ltr'><em>οὗτός</em></span> <span class='ocrx_word' id='word_1_231' title='bbox 698 2266 789 2310; x_wconf 81' lang='grc' dir='ltr'><strong><em>ἐστι</em></strong></span> <span class='ocrx_word' id='word_1_232' title='bbox 819 2268 1041 2322; x_wconf 78' lang='grc' dir='ltr'><em>γαλεώτης</em></span> <span class='ocrx_word' id='word_1_233' title='bbox 1070 2266 1227 2325; x_wconf 77' lang='grc' dir='ltr'><em>γέρων.</em></span> 
     </span>
    </p>
   </div>
   <div class='ocr_carea' id='block_1_15' title="bbox 251 2352 1817 2823">
    <p class='ocr_par' dir='ltr' id='par_1_15' title="bbox 251 2352 1817 2823">
     <span class='ocr_line' id='line_1_33' title="bbox 372 2352 1816 2404; baseline 0.004 -14"><span class='ocrx_word' id='word_1_234' title='bbox 372 2352 529 2391; x_wconf 86' lang='lat' dir='ltr'><em>Terent.</em></span> <span class='ocrx_word' id='word_1_235' title='bbox 543 2355 582 2404; x_wconf 90' lang='grc'><em>4,</em></span> <span class='ocrx_word' id='word_1_236' title='bbox 596 2354 635 2402; x_wconf 86' lang='grc'><em>4,</em></span> <span class='ocrx_word' id='word_1_237' title='bbox 651 2355 702 2391; x_wconf 86' lang='grc'><em>21</em></span> <span class='ocrx_word' id='word_1_238' title='bbox 726 2356 846 2393; x_wconf 86' lang='lat' dir='ltr'><em>vietus</em></span> <span class='ocrx_word' id='word_1_239' title='bbox 864 2354 970 2393; x_wconf 78' lang='lat' dir='ltr'><em>ve&#39;tus</em></span> <span class='ocrx_word' id='word_1_240' title='bbox 987 2356 1206 2394; x_wconf 80' lang='lat' dir='ltr'><em>veternosus</em></span> <span class='ocrx_word' id='word_1_241' title='bbox 1223 2367 1347 2404; x_wconf 76' lang='lat' dir='ltr'><em>senex,</em></span> <span class='ocrx_word' id='word_1_242' title='bbox 1365 2356 1486 2394; x_wconf 76' lang='lat' dir='ltr'><em>colore</em></span> <span class='ocrx_word' id='word_1_243' title='bbox 1502 2357 1713 2396; x_wconf 77' lang='lat' dir='ltr'><em>mustelino.</em></span> <span class='ocrx_word' id='word_1_244' title='bbox 1745 2357 1816 2396; x_wconf 85' lang='lat' dir='ltr'><em>ubi</em></span> 
     </span>
     <span class='ocr_line' id='line_1_34' title="bbox 251 2411 1815 2464; baseline 0.004 -15"><span class='ocrx_word' id='word_1_245' title='bbox 251 2411 433 2450; x_wconf 89' lang='lat' dir='ltr'><em>Donatus</em></span> <span class='ocrx_word' id='word_1_246' title='bbox 465 2414 610 2451; x_wconf 81' lang='lat' dir='ltr'><em>erravit</em></span> <span class='ocrx_word' id='word_1_247' title='bbox 641 2413 840 2452; x_wconf 78' lang='lat' dir='ltr'><em>Terentius</em></span> <span class='ocrx_word' id='word_1_248' title='bbox 876 2425 954 2452; x_wconf 88' lang='lat' dir='ltr'><em>non</em></span> <span class='ocrx_word' id='word_1_249' title='bbox 989 2415 1207 2463; x_wconf 71' lang='lat' dir='ltr'><em>intelleqens</em></span> <span class='ocrx_word' id='word_1_250' title='bbox 1242 2415 1530 2454; x_wconf 86' lang='lat' dir='ltr'><em>Menandreum</em></span> <span class='ocrx_word' id='word_1_251' title='bbox 1565 2417 1663 2455; x_wconf 89' lang='lat' dir='ltr'><em>illud</em></span> <span class='ocrx_word' id='word_1_252' title='bbox 1701 2411 1815 2464; x_wconf 83' lang='grc' dir='ltr'><em>οὗτός</em></span> 
     </span>
     <span class='ocr_line' id='line_1_35' title="bbox 254 2464 1816 2525; baseline 0.004 -17"><span class='ocrx_word' id='word_1_253' title='bbox 254 2464 342 2523; x_wconf 85' lang='lat' dir='ltr'><em>(alii</em></span> <span class='ocrx_word' id='word_1_254' title='bbox 365 2467 498 2522; x_wconf 75' lang='grc' dir='ltr'><em>αὐτός)</em></span> <span class='ocrx_word' id='word_1_255' title='bbox 532 2469 634 2510; x_wconf 82' lang='grc' dir='ltr'><em>ἐστιν</em></span> <span class='ocrx_word' id='word_1_256' title='bbox 658 2471 853 2524; x_wconf 78' lang='grc' dir='ltr'><em>γαλεώτης</em></span> <span class='ocrx_word' id='word_1_257' title='bbox 876 2470 1012 2525; x_wconf 73' lang='grc' dir='ltr'><em>γέρων.</em></span> <span class='ocrx_word' id='word_1_258' title='bbox 1064 2475 1120 2512; x_wconf 91' lang='lat' dir='ltr'><em>ait</em></span> <span class='ocrx_word' id='word_1_259' title='bbox 1149 2477 1277 2513; x_wconf 84' lang='lat' dir='ltr'><em>autem</em></span> <span class='ocrx_word' id='word_1_260' title='bbox 1300 2476 1505 2520; x_wconf 87' lang='lat' dir='ltr'><em>stelionem,</em></span> <span class='ocrx_word' id='word_1_261' title='bbox 1537 2476 1687 2515; x_wconf 90' lang='lat' dir='ltr'><em>animal</em></span> <span class='ocrx_word' id='word_1_262' title='bbox 1716 2478 1816 2524; x_wconf 89' lang='lat' dir='ltr'><em>quod</em></span> 
     </span>
     <span class='ocr_line' id='line_1_36' title="bbox 255 2530 1816 2584; baseline 0.005 -17"><span class='ocrx_word' id='word_1_263' title='bbox 255 2530 417 2568; x_wconf 86' lang='lat' dir='ltr'><em>lacertae</em></span> <span class='ocrx_word' id='word_1_264' title='bbox 440 2542 518 2569; x_wconf 93' lang='lat' dir='ltr'><em>non</em></span> <span class='ocrx_word' id='word_1_265' title='bbox 549 2532 732 2570; x_wconf 86' lang='lat' dir='ltr'><em>dissimile</em></span> <span class='ocrx_word' id='word_1_266' title='bbox 758 2535 821 2576; x_wconf 89' lang='lat' dir='ltr'><em>est,</em></span> <span class='ocrx_word' id='word_1_267' title='bbox 852 2534 1045 2572; x_wconf 86' lang='lat' dir='ltr'><em>maculoso</em></span> <span class='ocrx_word' id='word_1_268' title='bbox 1072 2535 1190 2572; x_wconf 90' lang='lat' dir='ltr'><em>corio:</em></span> <span class='ocrx_word' id='word_1_269' title='bbox 1224 2545 1357 2582; x_wconf 88' lang='lat' dir='ltr'><em>nempe</em></span> <span class='ocrx_word' id='word_1_270' title='bbox 1388 2535 1440 2573; x_wconf 91' lang='lat' dir='ltr'><em>ad</em></span> <span class='ocrx_word' id='word_1_271' title='bbox 1463 2536 1506 2574; x_wconf 87' lang='lat' dir='ltr'><em>id</em></span> <span class='ocrx_word' id='word_1_272' title='bbox 1525 2547 1648 2584; x_wconf 53' lang='lat' dir='ltr'><em>,oenus</em></span> <span class='ocrx_word' id='word_1_273' title='bbox 1679 2537 1816 2575; x_wconf 87' lang='lat' dir='ltr'><em>coloris</em></span> 
     </span>
     <span class='ocr_line' id='line_1_37' title="bbox 253 2589 1817 2643; baseline 0.005 -17"><span class='ocrx_word' id='word_1_274' title='bbox 253 2589 374 2636; x_wconf 81' lang='lat' dir='ltr'><em>facies</em></span> <span class='ocrx_word' id='word_1_275' title='bbox 416 2591 642 2638; x_wconf 72' lang='lat' dir='ltr'><em>eoeprimitwr</em></span> <span class='ocrx_word' id='word_1_276' title='bbox 679 2592 936 2630; x_wconf 77' lang='lat' dir='ltr'><em>cunuchorum</em></span> <span class='ocrx_word' id='word_1_277' title='bbox 978 2591 1212 2642; x_wconf 87' lang='lat' dir='ltr'><em>[corporis],</em></span> <span class='ocrx_word' id='word_1_278' title='bbox 1257 2595 1350 2641; x_wconf 89' lang='lat' dir='ltr'><em>quia</em></span> <span class='ocrx_word' id='word_1_279' title='bbox 1385 2595 1562 2642; x_wconf 86' lang='lat' dir='ltr'><em>plerique</em></span> <span class='ocrx_word' id='word_1_280' title='bbox 1601 2595 1817 2643; x_wconf 79' lang='lat' dir='ltr'><em>lentiqinosi</em></span> 
     </span>
     <span class='ocr_line' id='line_1_38' title="bbox 253 2647 1815 2707; baseline 0.004 -22"><span class='ocrx_word' id='word_1_281' title='bbox 253 2650 352 2686; x_wconf 78' lang='lat' dir='ltr'><em>sunt.</em></span> <span class='ocrx_word' id='word_1_282' title='bbox 403 2647 545 2687; x_wconf 86' lang='lat' dir='ltr'><em>Suidas</em></span> <span class='ocrx_word' id='word_1_283' title='bbox 577 2647 872 2701; x_wconf 77' lang='grc' dir='ltr'><em>ἄσκαλαβώτης’</em></span> <span class='ocrx_word' id='word_1_284' title='bbox 905 2649 1146 2703; x_wconf 82' lang='grc' dir='ltr'><em>Μένανδρος</em></span> <span class='ocrx_word' id='word_1_285' title='bbox 1171 2649 1304 2691; x_wconf 80' lang='grc' dir='ltr'><em>οὑτοσὶ</em></span> <span class='ocrx_word' id='word_1_286' title='bbox 1329 2647 1493 2706; x_wconf 78' lang='grc' dir='ltr'><em>(οὑτωσὶ</em></span> <span class='ocrx_word' id='word_1_287' title='bbox 1517 2648 1573 2707; x_wconf 87' lang='lat' dir='ltr'><em>V)</em></span> <span class='ocrx_word' id='word_1_288' title='bbox 1602 2651 1644 2692; x_wconf 82' lang='grc' dir='ltr'><em>δὲ</em></span> <span class='ocrx_word' id='word_1_289' title='bbox 1668 2651 1815 2706; x_wconf 76' lang='grc' dir='ltr'><em>γαλεώ-</em></span> 
     </span>
     <span class='ocr_line' id='line_1_39' title="bbox 252 2704 1814 2764; baseline 0.005 -21"><span class='ocrx_word' id='word_1_290' title='bbox 252 2719 320 2756; x_wconf 84' lang='grc' dir='ltr'><em>της</em></span> <span class='ocrx_word' id='word_1_291' title='bbox 349 2704 486 2758; x_wconf 82' lang='grc' dir='ltr'><em>γέρων.</em></span> <span class='ocrx_word' id='word_1_292' title='bbox 546 2708 716 2748; x_wconf 88' lang='lat' dir='ltr'><em>Bekker.</em></span> <span class='ocrx_word' id='word_1_293' title='bbox 748 2709 895 2749; x_wconf 85' lang='lat' dir='ltr'><em>Anecd.</em></span> <span class='ocrx_word' id='word_1_294' title='bbox 929 2711 1027 2758; x_wconf 83' lang='lat'>452,</span> <span class='ocrx_word' id='word_1_295' title='bbox 1060 2712 1083 2749; x_wconf 88' lang='lat'>6</span> <span class='ocrx_word' id='word_1_296' title='bbox 1117 2705 1421 2762; x_wconf 60' lang='grc' dir='ltr'><em>ἀσόιαλαβώτην,</em></span> <span class='ocrx_word' id='word_1_297' title='bbox 1465 2711 1551 2764; x_wconf 77' lang='grc' dir='ltr'><em>οὐχὶ</em></span> <span class='ocrx_word' id='word_1_298' title='bbox 1582 2711 1814 2764; x_wconf 80' lang='grc' dir='ltr'><em>καλαβώτην</em></span> 
     </span>
     <span class='ocr_line' id='line_1_40' title="bbox 253 2762 1814 2823; baseline 0.005 -20"><span class='ocrx_word' id='word_1_299' title='bbox 253 2762 421 2817; x_wconf 81' lang='grc' dir='ltr'><em>λέγουσι,</em></span> <span class='ocrx_word' id='word_1_300' title='bbox 453 2768 599 2816; x_wconf 80' lang='grc' dir='ltr'><em>μᾶλλον</em></span> <span class='ocrx_word' id='word_1_301' title='bbox 631 2765 672 2806; x_wconf 83' lang='grc' dir='ltr'><em>δὲ</em></span> <span class='ocrx_word' id='word_1_302' title='bbox 702 2768 912 2821; x_wconf 77' lang='grc' dir='ltr'><em>γαλεώτην.</em></span> <span class='ocrx_word' id='word_1_303' title='bbox 962 2767 1204 2821; x_wconf 81' lang='grc' dir='ltr'><em>Μένανδρος</em></span> <span class='ocrx_word' id='word_1_304' title='bbox 1235 2769 1370 2817; x_wconf 73' lang='grc' dir='ltr'><em>οὕτως.</em></span> <span class='ocrx_word' id='word_1_305' title='bbox 1419 2771 1519 2810; x_wconf 87' lang='lat' dir='ltr'><em>Plin.</em></span> <span class='ocrx_word' id='word_1_306' title='bbox 1541 2773 1588 2810; x_wconf 86' lang='lat' dir='ltr'><em>N.</em></span> <span class='ocrx_word' id='word_1_307' title='bbox 1602 2773 1639 2810; x_wconf 92' lang='lat' dir='ltr'><em>h.</em></span> <span class='ocrx_word' id='word_1_308' title='bbox 1663 2773 1730 2823; x_wconf 87' lang='grc'><em>29,</em></span> <span class='ocrx_word' id='word_1_309' title='bbox 1758 2774 1814 2811; x_wconf 86' lang='grc'><em>90</em></span> 
     </span>
    </p>
   </div>
   <div class='ocr_carea' id='block_1_16' title="bbox 254 2819 1814 2935">
    <p class='ocr_par' dir='ltr' id='par_1_16' title="bbox 254 2819 1814 2935">
     <span class='ocr_line' id='line_1_41' title="bbox 254 2819 1814 2880; baseline 0.005 -18"><span class='ocrx_word' id='word_1_310' title='bbox 254 2819 500 2878; x_wconf 85' lang='lat' dir='ltr'><em>(stelionem)</em></span> <span class='ocrx_word' id='word_1_311' title='bbox 546 2826 688 2866; x_wconf 75' lang='lat' dir='ltr'><em>Graeci</em></span> <span class='ocrx_word' id='word_1_312' title='bbox 730 2830 869 2867; x_wconf 89' lang='lat' dir='ltr'><em>coloten</em></span> <span class='ocrx_word' id='word_1_313' title='bbox 910 2832 1048 2868; x_wconf 84' lang='lat' dir='ltr'><em>vocant</em></span> <span class='ocrx_word' id='word_1_314' title='bbox 1090 2832 1124 2867; x_wconf 81' lang='lat' dir='ltr'><em>et</em></span> <span class='ocrx_word' id='word_1_315' title='bbox 1160 2831 1405 2869; x_wconf 83' lang='lat' dir='ltr'><em>ascalaboten</em></span> <span class='ocrx_word' id='word_1_316' title='bbox 1445 2834 1479 2870; x_wconf 86' lang='lat' dir='ltr'><em>et</em></span> <span class='ocrx_word' id='word_1_317' title='bbox 1510 2832 1683 2880; x_wconf 65' lang='lat' dir='ltr'><em>,qalcoten</em></span> <span class='ocrx_word' id='word_1_318' title='bbox 1722 2861 1732 2870; x_wconf 90' lang='lat'><strong>.</strong></span> <span class='ocrx_word' id='word_1_319' title='bbox 1762 2860 1773 2870; x_wconf 91' lang='lat'><em>.</em></span> <span class='ocrx_word' id='word_1_320' title='bbox 1804 2861 1814 2870; x_wconf 88' lang='lat'><strong>.</strong></span> 
     </span>
     <span class='ocr_line' id='line_1_42' title="bbox 254 2885 770 2935; baseline 0.01 -14"><span class='ocrx_word' id='word_1_321' title='bbox 254 2886 308 2922; x_wconf 90' lang='lat' dir='ltr'><em>est</em></span> <span class='ocrx_word' id='word_1_322' title='bbox 338 2913 347 2922; x_wconf 91' lang='lat'><strong>.</strong></span> <span class='ocrx_word' id='word_1_323' title='bbox 379 2914 388 2923; x_wconf 88' lang='lat'><strong><em>.</em></strong></span> <span class='ocrx_word' id='word_1_324' title='bbox 411 2885 554 2932; x_wconf 88' lang='lat' dir='ltr'><em>plenus</em></span> <span class='ocrx_word' id='word_1_325' title='bbox 584 2886 770 2935; x_wconf 75' lang='lat' dir='ltr'><em>lentiyine.</em></span> 
     </span>
    </p>
   </div>
  </div>
 </body>
</html>
