2014 3334
268 238 356 280 224
602 253 604 257 ’
911 239 1208 274 ΜΕΝΑΝΔΡΟΤ

270 365 347 401 μου
386 348 547 400 ἕστηκα,
592 347 690 388 ἀλλὰ
726 347 793 388 καὶ
829 352 906 389 κτλ.
968 349 1033 389 καὶ
1069 348 1177 390 πάνυ
1219 349 1443 404 ἀναγκαίως
1484 356 1555 390 τοῦ
1594 349 1843 404 Μενάνδρου

268 408 341 460 τὴν
387 409 583 449 σύνθετον
632 407 930 460 παραλαβόντος
980 408 1286 463 συμφερομένην
1328 408 1653 466 ὀρθοτονουμένῃ
1702 408 1843 462 ἕστηκα

269 468 362 521 5705·
394 467 567 520 ἔμφασιν
597 467 671 521 γὰρ
704 466 780 520 ἔχει
811 466 864 516 ὡς
895 467 944 508 οὐ
975 468 1073 521 πρὸς
1104 473 1186 518 ταῖς
1217 467 1349 510 ἄλλου.
1400 484 1477 510 om.
1508 472 1650 520 poetae
1681 471 1841 509 nomine

268 529 454 578 Apollon.
493 532 549 567 De
593 541 705 579 pron.
737 542 774 578 p.
811 530 878 581 65,
910 531 936 567 4
982 529 1164 570 Schneid.
1208 535 1285 569 νῦν
1329 531 1441 569 deest
1483 530 1525 568 in
1568 531 1655 569 loeo
1698 530 1843 582 priore,

270 584 396 638 ἕστηκ’
436 587 510 640 ἐγώ
541 589 583 627 in
614 588 846 639 posteriore.

1011 694 1094 736 831

557 776 637 832 οὐχ
670 773 799 826 οὗτος
832 777 1108 832 ίππόκαμπος
1141 773 1196 831 ἦν
1230 776 1277 819 ἐν
1309 776 1480 833 αι’θε’ρι;

389 862 544 902 Nonius
582 864 796 902 Marcellus
830 865 853 901 2
887 878 924 913 p.
960 864 1045 902 120
1079 864 1239 902 Meffler.
1279 858 1385 917 (125
1427 858 1674 916 Quicherat.)
1709 864 1844 912 hippo-

271 924 418 971 campi,
459 924 544 971 equi
580 925 743 967 marini,
784 936 810 962 a
839 925 943 971 flexu
974 924 1209 974 caudarum,
1246 935 1344 972 quae
1373 925 1552 972 piscosae
1582 926 1690 962 sum:
1727 926 1762 961 et
1791 926 1846 962 est

267 994 462 1031 maecum.
516 983 736 1021 Menander
767 984 843 1021 κτλ.
906 983 1065 1022 uehutos
1103 984 1380 1032 hippocampus
1415 985 1459 1021 in
1494 986 1597 1022 aeter
1629 979 1845 1034 (congluti-

271 1044 370 1080 nata
400 1043 534 1080 tamen
565 1042 712 1080 ultima
741 1054 837 1081 voce
869 1055 960 1080 eum
995 1043 1153 1081 nomine
1186 1042 1293 1093 quod
1325 1042 1506 1092 sequitur
1537 1037 1698 1095 Naevii)
1731 1041 1843 1081 Harl.

273 1102 444 1140 uchutos
475 1102 512 1139 h.
545 1101 587 1139 in
619 1104 730 1140 aeter
762 1101 934 1140 Oolbert.
967 1104 1008 1140 et
1038 1102 1121 1141 cod.
1154 1103 1196 1140 P.
1225 1102 1379 1141 Daniel.
1431 1099 1503 1153 οὐχ
1534 1096 1650 1148 οὗτος
1685 1101 1768 1140 ἱππ.
1802 1100 1845 1140 ἒν

271 1158 404 1212 αἰθέρι
436 1160 581 1210 Scalig.
620 1157 694 1199 ἐστ’
742 1159 785 1199 ἐν
830 1160 913 1200 αἰθ.
957 1161 1088 1200 Bentl.
1145 1155 1196 1212 ἦν
1239 1158 1381 1214 (quod
1417 1161 1459 1200 in
1497 1174 1591 1201 voce
1628 1164 1670 1200 in
1708 1156 1844 1214 latet')

274 1218 500 1266 Quicherat.
562 1220 724 1260 videtur
755 1219 955 1260 ἀδύνατον
988 1221 1139 1271 aliquid
1172 1221 1400 1272 significari.

1017 1337 1104 1379 832

556 1420 642 1475 ἤδη
676 1419 857 1475 ἀλεαίνῃ
890 1421 1000 1475 πρὸς
1030 1421 1078 1462 τὸ
1111 1426 1199 1476 πῦρ
1232 1419 1474 1475 καθημένη.

393 1506 566 1545 Zonaras
602 1507 685 1545 135
727 1505 923 1545 ἀλεαίνειν
954 1505 996 1545 τὸ
1027 1507 1330 1558 θερμαίνεσθαι,
1361 1505 1436 1545 οὐκ
1467 1504 1721 1545 ἀλεαίνεσθαι
1752 1534 1761 1543 .
1794 1535 1803 1543 .
1835 1534 1845 1543 .

273 1563 518 1617 Μένανδρος
543 1568 620 1605 κτλ.
663 1563 743 1617 ἤδη
769 1567 833 1605 vel
864 1563 933 1617 ηόὶ
958 1562 993 1604 δ’
1025 1564 1197 1605 ἀλεαίνει
1217 1567 1333 1605 Mein.
1387 1566 1478 1629 fort.
1511 1564 1590 1604 ενδ
1598 1580 1651 1604 ον
1676 1563 1846 1604 ἀλεαίνει

274 1626 339 1665 vel
370 1621 422 1663 ἵν’
457 1621 523 1676 ηδ’
559 1623 732 1681 ἀλεαίνη.
789 1626 838 1664 ef.
870 1626 994 1665 Arist.
1027 1626 1133 1665 Eccl.
1167 1628 1264 1665 540.

1021 1742 1106 1783 833

562 1826 816 1879 λυκοφίλιοι
848 1823 929 1879 μέν
961 1825 1074 1866 εἰσιν
1107 1824 1156 1865 αἱ
1184 1824 1427 1878 διαλλαγαί.

395 1911 634 1949 Eustathius
675 1912 778 1961 809,
818 1912 872 1949 42
918 1909 1025 1962 παρὰ
1069 1910 1193 1967 Αἰλίῳ
1234 1910 1436 1966 Διονυσίῳ
1480 1914 1600 1949 κεῖται
1645 1909 1686 1949 τὸ
1729 1913 1847 1950 λυκο-

277 1970 418 2020 φιλίως
450 1968 536 2008 ἀντὶ
567 1975 638 2009 τοῦ
669 1968 868 2020 ὑπόπτως,
899 1968 1097 2018 ὑπούλως.
1147 1967 1190 2017 ὃς
1216 1969 1327 2023 φέρει
1351 1968 1416 2009 καὶ
1435 1969 1684 2022 Μενάνδρου
1710 1975 1847 2022 χρῆσιν

276 2029 423 2080 ταύτην
453 2032 531 2069 κτλ.
593 2030 760 2069 Photius
798 2030 1052 2080 λυκοφιλίως·
1090 2028 1297 2081 ὑπόπτως,
1333 2028 1531 2077 ὑπούλως.
1593 2028 1695 2069 οὕτω
1733 2027 1847 2068 Μέν-

278 2090 435 2141 ανδρος.
498 2090 603 2140 quod
635 2090 805 2130 fortasse
837 2091 1010 2128 alterum
1042 2092 1104 2129 est
1133 2091 1416 2142 fragmentum.
1478 2091 1526 2129 cf.
1558 2090 1679 2129 etiam
1712 2088 1847 2129 Cobet.

277 2150 420 2189 Mnem.
452 2149 487 2187 X
521 2151 586 2188 59.

495 2320 750 2366 στυππεῖον,
784 2309 1005 2366 ἐλέφαντ’,
1038 2309 1178 2366 οἶνον,
1212 2312 1415 2367 αὐλαίαν,
1447 2313 1592 2370 μύρον

399 2398 561 2438 Cosmas
589 2399 761 2450 Topogr.
783 2398 927 2438 Christ.
962 2401 986 2438 5
1020 2413 1058 2449 p.
1088 2401 1168 2438 197
1199 2395 1363 2439 Ἀττικοι
1393 2397 1575 2453 λέγουσιν
1606 2398 1774 2438 αὐλαίαν
1804 2397 1847 2438 τὸ

279 2457 376 2511 μέγα
407 2457 474 2497 καὶ
505 2458 684 2498 ποικίλον
715 2456 1023 2530 παραπέτασμα.
1075 2457 1246 2509 ,ὁμοίως
1283 2458 1349 2498 καὶ
1379 2458 1622 2522 Μένανδρος
1653 2461 1730 2498 κτλ.
1792 2459 1848 2498 sic

280 2517 462 2568 Porson.]
495 2516 705 2570 ἐλέφαντα,
737 2518 883 2571 μύρον,
916 2514 1047 2570 οἶνον,
1079 2517 1260 2557 αὐλαίαν.

1022 2635 1108 2677 835
1173 2627 1179 2630 ¹

495 2717 620 2775 ὁρᾷςς
654 2717 818 2773 ἀκαρὴς
849 2719 1169 2774 παραπόλωλας
1200 2717 1370 2774 ἀρτίως.

400 2805 627 2855 Etymolog.
660 2819 712 2844 m.
745 2807 813 2855 45,
846 2807 899 2844 23
940 2803 1102 2857 ἀκαρής,
1134 2801 1154 2843 ὅ
1187 2802 1382 2855 ἐλάχιστος
1418 2804 1561 2857 καιρός.
1623 2803 1771 2844 ἐτίθετο
1803 2801 1845 2843 δὲ

280 2863 425 2915 κυρίως
470 2863 534 2902 ἐπὶ
570 2864 805 2916 οἷουδήποτε
847 2863 1058 2916 ἐλαχίστου.
1119 2862 1361 2916 Μένανδρος
1397 2867 1474 2904 κτλ.
1534 2863 1846 2916 παραπόλλωνας

283 2924 417 2973 Etym.
452 2923 554 2962 Gud.
588 2926 662 2976 24,
694 2926 762 2964 48.
825 2922 938 2980 ὅρᾷςς
983 2923 1026 2963 ἕν
1062 2922 1205 2977 ἀκαρεῖ
1234 2923 1366 2963 Bentl.
1427 2922 1540 2979 ὅρᾷςς
1583 2921 1734 2977 ἀκαρὴς
1771 2922 1847 2976 γὰρ
