2014 3334
254 213 308 254 72
623 200 626 203 ’
796 230 800 233 -
882 211 1182 244 MENANAPOT

466 322 626 375 ἄρχων,
660 320 914 374 στρατηγός,
946 318 1122 374 ἡγεμὼν
1154 319 1311 373 δήμου,
1343 318 1476 360 πάλιν

425 404 444 433 5
466 391 731 445 σύμβουλος·
777 389 800 431 ὁ
832 392 1026 447 λογισμῷ
1059 387 1286 445 διαφέρων
1316 385 1443 431 πάντ’
1479 390 1578 444 ἔχει.

374 478 567 516 Stobaeus
604 476 741 514 Floril.
776 477 815 525 3,
849 477 872 514 9
915 474 1162 526 Μενάνδρου
1196 472 1380 526 Ἰμβρίοις
1411 475 1460 514 A.
1524 478 1560 514 2.
1592 473 1663 530 τῷ]
1695 473 1738 513 τὸ
1769 474 1819 513 A.

257 542 294 578 3.
325 535 390 576 καὶ
423 550 496 575 om.
523 535 570 573 A.
602 537 654 589 τῷ
679 534 797 573 Mein.
849 536 887 572 4.
912 532 1048 583 πάλιν]
1081 533 1191 573 πόλει
1217 533 1441 585 σύμβουλος
1465 534 1712 573 Heimsoetb.
1733 533 1818 573 Ind.

257 600 381 636 Bonn.
406 597 516 634 1867
552 597 645 632 aest
669 607 752 632 xm.
829 595 865 631 5.
898 590 918 630 5
949 595 1121 647 λογισμῷ
1154 591 1354 644 διαφέρων
1381 594 1533 632 Porson
1553 594 1693 632 Traots
1714 592 1819 643 250]

257 655 288 696 5.
322 656 355 694 δ.
387 658 432 704 λ.,
465 654 570 704 quod
601 653 776 691 retinens
808 652 938 690 Bentl.
971 652 1119 703 βουλῆς
1150 665 1222 701 pro
1256 652 1489 703 σύμβουλος.
1518 674 1576 679 -
1607 652 1820 692 locutionis

256 714 353 754 κατὰ
390 713 535 767 τρόπον
572 713 752 761 exempla
791 712 986 762 praebent
1015 711 1063 749 H.
1096 711 1231 749 Iacobi
1262 711 1300 748 V
1333 713 1444 750 1071
1481 714 1522 750 et
1553 712 1689 751 Cobet.
1719 712 1768 752 N.
1794 712 1819 750 l.

257 778 324 814 87.
360 776 398 812 8.
448 774 495 811 of.
527 772 745 821 Antiphan.
779 773 845 810 39.
898 770 1096 808 Meinekio
1127 770 1169 807 in
1201 770 1279 808 duo
1311 771 1538 821 fragmenta
1569 767 1626 824 (v.
1654 774 1690 810 1.
1725 773 1749 809 2
1783 773 1824 810 et

259 828 404 886 3—5)
436 834 533 870 haee
565 830 802 880 dispescenti
834 829 1028 868 adsentiri
1059 831 1165 868 certe
1205 842 1284 868 non
1314 831 1582 868 necessarium
1614 833 1691 879 est,
1729 831 1825 868 dum

259 894 374 932 modo
407 905 496 930 oum
521 890 722 940 prioribus
748 890 1009 939 interpungas
1041 890 1242 941 λογισμοῦ.
1286 890 1339 941 τῷ
1371 887 1587 927 διαθέσθαι
1617 888 1825 941 πράγματα

259 950 416 998 ἕκαστός
455 949 529 989 ἐστι
567 947 633 987 καὶ
670 946 766 1001 (non
797 943 868 1003 τῷ)
900 950 932 986 λ.
963 950 1054 997 κτλ.,
1084 948 1111 987 i.
1143 961 1175 986 e.
1216 945 1374 994 ἕκαστος
1411 950 1464 1003 τῷ
1504 946 1720 987 διαθέσθαι
1759 946 1826 986 καὶ

259 1011 493 1063 λογίσασθαι
523 1007 729 1061 πράγματα
761 1005 890 1058 ἄρχων
922 1005 1035 1046 ἐστίν.
1075 1007 1109 1045 si
1135 1007 1213 1045 duo
1241 1009 1344 1055 sunt,
1377 1010 1469 1057 post
1499 1006 1707 1060 πράγματα
1732 1020 1825 1057 sup-

258 1071 448 1121 pleverim
483 1066 666 1119 μέλλοντι.
730 1067 947 1118 σύμβουλοι
983 1068 1076 1105 sunt
1107 1069 1296 1110 oratores,
1333 1079 1413 1105 non
1445 1067 1513 1116 qui
1545 1067 1652 1117 apud
1690 1066 1825 1106 Meier.

261 1130 438 1168 Schoem.
470 1128 555 1166 Att.
584 1128 695 1166 Pron.
722 1129 775 1165 58
809 1128 1170 1166 commemorantur
1201 1126 1564 1164 thesmothetarum
1597 1125 1827 1178 σύμβουλοι.

379 1189 593 1226 Praeterea
625 1187 672 1225 of.
707 1188 803 1225 300.

894 1299 1196 1332 ΙΠΠΟΚΟΜΟΣ

1003 1395 1088 1437 249

439 1480 642 1534 Μόνιμός
672 1494 737 1529 τις
767 1475 823 1533 ἦν
855 1479 1108 1534 ἄνθρωπος,
1141 1474 1174 1520 ὦ
1211 1480 1375 1532 Φίλων,
1411 1480 1565 1534 σοφός,

443 1549 701 1606 ἀδοξότερος
732 1556 872 1608 μικρῷ
906 1548 962 1592 δ’.
989 1553 1038 1592 Β.
1065 1549 1088 1592 ὁ
1119 1549 1201 1604 τὴν
1231 1551 1379 1606 πήραν
1411 1551 1542 1605 ἔχωνς

1002 1619 1317 1640 „„„„„„

445 1689 678 1748 ἐφθέγξατ’
715 1689 848 1734 οὐδὲν
881 1690 1065 1748 ἐμφερὲς
1097 1692 1155 1747 μὰ
1186 1692 1265 1734 τὸν
1295 1694 1387 1735 Δία

402 1776 422 1806 5
442 1770 501 1822 τῷ
534 1769 678 1818 γνῶθι
711 1765 888 1817 σαυτόν,
922 1760 1028 1806 οὐδὲ
1059 1770 1151 1814 τοῖς
1183 1762 1425 1819 βοωμένοις

441 1837 631 1886 τούτοις·
675 1833 785 1892 ὑπὲρ
818 1833 866 1877 δὲ
897 1831 1029 1877 ταῦθ’
1065 1834 1088 1877 5
1119 1842 1373 1892 προσαιτῶν
1403 1834 1475 1878 καὶ
1509 1836 1682 1893 ῥυπῶν·

443 1908 491 1949 τὸ
523 1908 608 1964 γὰρ
640 1904 906 1963 ὑποληφθὲν
937 1912 1082 1962 τῦφον
1114 1902 1228 1949 εἶναι
1258 1912 1347 1967 πᾶν
1378 1908 1476 1962 ἔφη.

384 1994 583 2044 Diogenes
626 1995 758 2032 Laert.
800 1995 845 2044 6,
891 1992 951 2033 83·
996 1991 1185 2044 Μόνιμος
1234 1992 1483 2044 Συρακόσιος
1531 1992 1714 2045 μαθητὴς
1763 1992 1835 2046 μὲν

268 2051 503 2105 Διογένους,
548 2051 697 2104 οἰκέτης
739 2051 782 2092 δέ
818 2067 924 2100 τινος
966 2053 1192 2105 τραπεζίτου
1230 2053 1457 2125 Κορινθίου
1489 2083 1498 2092 .
1524 2051 1750 2106 ..ἐγένετο
1794 2051 1836 2093 δὲ

267 2111 368 2165 ἀνὴρ
399 2111 617 2164 ἐλλόγιμος,
655 2110 708 2159 ὡς
744 2111 809 2151 καὶ
842 2110 1087 2164 Μένανδρον
1119 2110 1242 2151 αὐτοῦ
1280 2110 1347 2151 τὸν
1381 2111 1556 2164 κωμικὸν
1588 2117 1835 2165 μεμνῆσθαι·

267 2171 309 2210 έν
340 2186 416 2210 τινι
446 2177 545 2223 γοῦν
575 2178 653 2210 τῶν
686 2171 909 2223 δραμάτων,
940 2169 983 2210 ἐν
1013 2173 1065 2226 τῷ
1090 2167 1338 2227 Ἱπποκόμῳ,
1370 2167 1486 2211 εἶπεν
1508 2171 1633 2219 οὕτως
1661 2175 1740 2212 κτλ.
1797 2174 1836 2212 2.

268 2231 325 2270 sio
357 2231 492 2269 Cobet.
524 2231 572 2269 N.
593 2232 618 2269 1.
641 2233 694 2270 93
728 2244 817 2269 oum
849 2231 963 2270 libris
996 2230 1157 2280 optimis
1194 2212 1443 2285 (ἀδοξότερος
1474 2234 1598 2288 μικρῷ
1625 2230 1680 2283 δέ,
1712 2230 1732 2271 5
1763 2229 1836 2283 τὴν

269 2289 400 2343 πήραν
433 2285 564 2342 ἔχων).
627 2293 664 2329 3.
697 2289 803 2342 ρῆμά
834 2305 869 2329 τι
901 2290 984 2329 eod.
1016 2289 1140 2340 Flor]
1175 2289 1326 2342 ρήματι.

392 2352 428 2388 2.
461 2347 709 2401 ἀδοξότερος,
747 2363 819 2389 nos
858 2354 973 2389 etwas
1009 2351 1296 2389 unanselmlich.
1361 2353 1398 2390 3.
1434 2349 1562 2402 πήρας
1599 2353 1700 2403 τρεῖς
1735 2347 1838 2390 erat

271 2409 373 2446 enim
407 2409 547 2459 gibbos
551 2422 597 2447 us
628 2405 860 2460 utrimque'.
897 2405 993 2460 μὲν
1026 2423 1113 2459 ουν,
1145 2412 1192 2447 ut
1222 2410 1383 2460 passim,
1415 2412 1476 2449 est
1506 2411 1566 2449 ita
1595 2411 1838 2460 responden—

269 2468 323 2506 tis
347 2470 395 2506 ut
428 2469 532 2517 quod
572 2470 676 2507 alter
708 2469 851 2507 dixerit
889 2464 1090 2519 eorr'igat.
1130 2468 1265 2507 Cobet.
1294 2471 1361 2508 93.
1426 2472 1460 2508 6.
1499 2467 1598 2521 ὑπὲρ
1639 2467 1680 2509 δὲ
1716 2473 1838 2508 ταῦτα

270 2527 294 2564 i.
328 2540 361 2566 e.
395 2523 606 2576 ‘superavit
641 2529 732 2566 haec
770 2528 902 2567 omnia
941 2527 1157 2578 Monimus,
1195 2528 1307 2567 cuius
1341 2529 1509 2579 dictum,
1547 2534 1628 2568 πᾶν
1666 2527 1708 2568 τὸ
1739 2527 1836 2568 ὑπο-

271 2583 428 2636 ληφθὲν
465 2585 589 2637 τῦφός
627 2585 724 2637 ἐστι,
761 2588 979 2626 Menandro
1017 2587 1176 2626 videtur
1217 2586 1523 2627 celebratissimis
1552 2592 1721 2628 veterum
1751 2601 1837 2628 sen-

271 2647 412 2694 tentiis,
455 2649 534 2692 τοῖς
577 2644 794 2697 βοωμένοις
836 2646 1008 2696 τούτοις,
1058 2647 1380 2698 anteponendum
1424 2644 1535 2686 esse.'
1598 2647 1736 2687 Cobet.
1769 2649 1835 2687 94.

273 2703 416 2742 Sextus
448 2705 563 2754 Emp.
593 2706 693 2745 Adv.
727 2707 848 2744 math.
883 2708 977 2757 8,·5
1013 2701 1130 2756 (289,
1165 2707 1217 2744 28
1251 2702 1396 2757 Bekk.)
1438 2706 1627 2757 Μόνιμος
1659 2704 1679 2746 5
1710 2706 1836 2746 κύων

272 2767 400 2813 τῦφον
427 2758 675 2817 (Sclzwindel)
702 2763 823 2804 εἰπὼν
855 2764 901 2804 τὰ
931 2764 1073 2814 πάντα,
1100 2763 1193 2817 ὅπερ
1232 2764 1358 2816 οἴησίς
1388 2764 1466 2804 ἐστι
1497 2771 1574 2805 τῶν
1606 2764 1680 2805 οὐκ
1711 2763 1837 2805 ὄντων

273 2819 325 2868 ὡς
358 2819 494 2861 ὄντων.
556 2825 603 2862 of.
636 2824 740 2864 Sext.
773 2825 886 2875 Emp.
917 2825 1019 2864 Adv.
1049 2824 1172 2863 math.
1207 2826 1244 2875 7,
1277 2826 1330 2863 48
1365 2821 1489 2877 (200,
1525 2828 1547 2864 7
1580 2820 1657 2878 Β.).
1709 2827 1777 2865 87.
1810 2828 1834 2864 8

273 2878 390 2932 (208,
425 2885 448 2921 8
482 2884 522 2920 et
556 2885 605 2921 11
643 2879 719 2938 B.)
