2014 3334
250 234 336 275 558
626 224 629 229 ’
901 200 1164 269 ΑΔΕέΠοΤΑ

989 355 1074 398 858

534 437 880 493 δερριδόγομφοι
912 437 1044 480 πύλαι

366 522 592 574 Hesychius
631 520 777 576 δέρρεις
815 521 972 575 ἔχουσαι
1008 523 1349 575 παραπετάσματα.
1398 525 1445 564 cf.
1478 524 1630 575 Myrtil.
1665 527 1700 564 1.
1733 525 1817 564 for-

252 584 361 622 tasse
393 585 455 622 est
485 582 662 633 parodia„

987 663 1072 706 859

537 745 778 801 δικολύμης
808 746 1048 803 ἄνθρωπος

367 832 539 871 Bekker.
560 832 706 870 Anecd.
730 834 797 883 35,
822 833 875 871 28
922 829 942 871 ὅ
968 831 1011 871 ἐν
1048 836 1131 879 ταῖς
1169 832 1296 879 δίκαις
1326 832 1623 884 λυμαινόμενος,
1654 829 1676 872 ὁ
1701 843 1815 871 συκο-

238 891 412 949 φάντης.
463 891 745 941 Aristophanis
777 891 1024 943 ἰχθυολύμας
1055 887 1164 943 (Pac.
1198 890 1303 944 814)
1336 893 1490 932 confert
1519 892 1756 931 Meinekius.

995 1008 1081 1049 860

534 1089 770 1145 ἐξεστηκὼς
800 1089 887 1132 ὑπὸ
919 1092 1065 1146 γήρως

368 1177 511 1216 Pollux
533 1179 570 1227 2,
595 1179 644 1216 16
686 1175 733 1215 τὰ
758 1175 911 1227 κωμικὰ
937 1176 1149 1228 σκώμματα
1175 1171 1409 1230 (γερόντων)
1428 1175 1597 1228 Κρόνος,
1615 1175 1813 1229 κρονικός,

248 1235 501 1288 κρονόληρος,
537 1235 799 1288 πρεσβύτερος
828 1235 990 1288 Κρόνου
1029 1232 1208 1288 (Κόδρου
1240 1230 1404 1290 Bekk.),
1439 1233 1692 1289 νωδογέρων,
1722 1250 1817 1287 τυμ-

247 1293 438 1347 βογέρων,
469 1301 670 1346 μακκοῶν,
702 1301 936 1347 παρανοῶν,
967 1294 1317 1348 παραγεγηρακώς,
1348 1301 1633 1347 παραφρονῶν,
1665 1294 1815 1346 ἐξεστη-

246 1353 326 1401 κὼς
349 1353 428 1394 ὑπὸ
453 1354 596 1407 γήρως,
627 1353 950 1406 παρακεκινηκὼς
974 1352 1047 1405 ὑφ’
1078 1352 1250 1406 ἡλικίας,
1290 1354 1589 1407 παραλλάττων,
1620 1352 1719 1408 ὑπὲρ
1745 1353 1813 1401 τὰς

247 1413 420 1464 ἐλάφους
451 1413 665 1466 βεβιωκώς,
696 1412 794 1467 ὑπὲρ
824 1413 893 1462 τὰς
917 1414 1108 1467 κορώνας,
1138 1418 1221 1461 ταῖς
1247 1413 1439 1466 Νύμφαις
1464 1414 1600 1466 ἰσῆλιξ.

996 1531 1052 1573 86
1060 1532 1080 1572 1

535 1599 826 1651 ἐπικυλίκειος
857 1601 970 1651 Ζεύς

368 1687 604 1737 Hesychius.
642 1687 698 1726 sie
730 1684 866 1738 Mein]
905 1685 1168 1734 ε’πικυκλίδιος
1205 1688 1290 1727 οοᾱ.
1330 1709 1373 1714 -
1418 1689 1480 1727 est
1517 1689 1588 1726 aut
1623 1689 1817 1738 patronus

251 1751 321 1785 τοῦ
353 1746 567 1796 κυλικείου,
605 1748 650 1785 ut
680 1744 827 1799 ἑρκεῖος
859 1749 920 1786 est
950 1748 1090 1786 domus
1122 1749 1163 1786 et
1193 1748 1381 1798 familiae,
1412 1749 1484 1786 aut
1514 1749 1708 1797 patronus
1739 1751 1816 1785 τῶν

251 1805 522 1845 ἕπικυλικείων
553 1804 692 1858 λόγων.
743 1807 887 1846 Athen.
924 1809 960 1856 1,
994 1809 1063 1845 2a.

994 1923 1080 1965 862

536 2003 816 2061 ἐρεβίνθινος
846 2006 1072 2055 Διόνυσος

371 2091 567 2130 Zenobius
601 2093 639 2141 3,
672 2093 726 2130 83
759 2091 949 2143 παροιμία
980 2090 1044 2130 ε’πὶ
1079 2097 1156 2130 τῶν
1187 2089 1356 2143 μηδενὸς
1393 2090 1527 2139 ἀξίων.
1571 2103 1616 2130 ac
1649 2090 1703 2129 sic
1734 2090 1816 2128 fere

254 2151 408 2189 Suidas.
453 2151 597 2190 Macar.
632 2153 669 2199 4,
706 2153 758 2189 15
803 2149 856 2203 ἐρ.
895 2150 1172 2202 §mady-3212
1210 2156 1289 2190 τῶν
1332 2149 1498 2190 εὐτελῶν
1539 2148 1606 2190 καὶ
1648 2147 1817 2201 μηδενὸς

254 2208 388 2257 ἀξίων.
418 2209 591 2260 Hesych.
624 2208 721 2261 ἐρεβ.
747 2209 960 2257 Διόνυσος·
993 2209 1156 2257 οὐδενὸς
1187 2208 1307 2258 ἄξιος.
1349 2210 1455 2262 παρά
1485 2224 1573 2249 τινα
1602 2207 1818 2260 παροιμίαν

252 2268 351 2321 ἐρεβ.
379 2268 515 2320 ζωμός.
558 2269 672 2308 Phot.
699 2268 797 2322 ἑρεβ.
824 2269 936 2309 Διόν.
967 2268 1054 2308 ἀντὶ
1084 2274 1153 2309 τοῦ
1179 2269 1316 2320 ζωμός.
1357 2269 1558 2321 παροιμία.
1582 2268 1751 2307 τάττεται
1775 2263 1818 2306 δὲ

253 2327 351 2379 αὕτη
378 2327 441 2367 ἐπὶ
465 2334 543 2368 τῶν
578 2327 761 2380 ἀφορμὰς
784 2334 862 2367 τῶν
887 2328 960 2368 εἴτε
985 2335 1159 2381 χρηστῶν
1184 2328 1256 2368 εἴτε
1281 2332 1496 2380 μοχθηρῶν
1521 2326 1720 2380 ἐκβάσεων
1744 2340 1819 2365 πα-

253 2386 483 2441 ρεχομένων.
533 2401 634 2438 quae
666 2401 707 2427 se
737 2402 818 2427 non
849 2389 947 2428 satis
978 2389 1210 2439 intellegere
1241 2388 1452 2427 confitetur
1482 2389 1519 2426 N
1522 2389 1677 2426 aberus.

995 2505 1079 2547 863

537 2563 711 2617 ἠτριαῑα
741 2563 903 2619 τεμάχη
1730 2603 1733 2605 .

373 2648 415 2688 οἱ
440 2648 625 2704 κωμῳδοὶ
654 2647 849 2703 λέγουσιν.
898 2650 1043 2689 Pollux
1068 2651 1106 2699 2,
1140 2651 1236 2688 170.
1285 2649 1334 2687 ef.
1353 2648 1556 2705 Aristoph.
1586 2647 1635 2686 fr.
1661 2648 1757 2698 318,
1779 2647 1816 2685 6.

997 2766 1084 2808 864

538 2824 738 2866 θάλαττα
768 2825 894 2879 κοίλη

374 2909 612 2949 Eustathius
652 2911 781 2959 1472,
821 2912 846 2949 5
895 2910 952 2950 ὅτι
994 2910 1041 2950 τὰ
1083 2915 1242 2950 τοιαῦτα
1284 2907 1433 2962 θέατρα
1479 2908 1662 2947 θάλασσα
1702 2907 1815 2958 κοίλη

2004 2842 2014 3076 εΜι-ὼ-μὴι
2003 2678 2014 2828 ...ια--“-.Λ
2008 2589 2014 2665 ....,..-
2011 2556 2014 2566 ,.
