2014 3334
241 230 329 273 486
617 240 620 243 ’
899 231 1159 265 ΑΔΕΣΠΟΤΑ

984 363 1077 406 411-

988 446 1098 489 ὥστε
1129 462 1204 502 μοι
1237 447 1352 489 δοκῶ

453 519 579 560 πλεῖν
611 517 638 573 ἢ
670 521 868 575 παλαστῇ
899 515 1131 573 γεγονέναι
1163 517 1427 573 σοφώτερος.

361 603 500 655 Synes.
531 604 658 654 Epist.
688 606 783 655 136,
818 607 944 644 272a.
1009 607 1047 644 2.
1078 605 1268 659 παλαιστῇ
1299 602 1366 644 καὶ
1397 603 1586 660 δακτύλῳ.
1633 603 1710 642 duo
1742 616 1808 642 ex-

241 666 370 702 trema
400 664 596 704 vocabula.
632 664 752 703 eiecit
790 663 925 705 Cobet.
957 665 1101 704 Mnem.
1140 677 1229 704 nov.
1262 664 1296 702 X
1330 666 1397 704 66.
1447 665 1495 703 of.
1528 663 1678 702 Oratin.
1713 664 1808 702 133.

241 723 407 762 Philem.
442 725 509 763 26.
558 722 734 775 παλαστή
766 719 882 776 (ἄνευ
914 729 983 763 τοῦ
1016 721 1048 776 z)
1081 724 1230 775 Phryn.
1261 724 1368 774 Epit.
1401 725 1499 772 295,
1534 723 1603 762 ubi
1633 723 1715 761 iam
1734 722 1808 761 Lo-

242 783 404 822 beckius
436 784 532 822 haee
564 796 611 822 ex
642 783 844 823 comoedia
881 786 1067 834 excerpta
1097 783 1224 823 videri
1255 783 1526 823 adnotaverat.

984 923 1072 964 412
1118 916 1121 923 Χ

1022 1004 1049 1059 ἡ
1083 1003 1121 1047 δ’
1160 1005 1289 1062 ἀρετὴ
1321 1006 1434 1061 μόνη

455 1075 528 1119 καὶ
561 1077 635 1119 διὰ
665 1079 803 1119 καλοῦ
834 1082 913 1119 τοῦ
945 1076 1145 1132 σώματος
1175 1078 1500 1133 καταφαίνεται.

363 1164 545 1202 Clemens
578 1163 691 1203 Alex.
724 1163 843 1202 Paed.
876 1166 919 1214 2,
957 1165 1028 1212 12,
1063 1165 1159 1202 121.
1221 1164 1392 1203 fortasse
1430 1162 1496 1203 διὰ
1531 1165 1739 1202 παλαιοῦ
1777 1173 1809 1202 σ.

243 1223 266 1261 δ
275 1238 288 1262 ι
297 1239 321 1262 α
329 1223 521 1274 φαίνεται.

978 1315 1065 1358 413

954 1398 1072 1454 παρὰ
1103 1403 1195 1448 τοῖς
1227 1398 1468 1455 βαρβάροις

457 1467 595 1524 φασὶν
628 1467 839 1511 δεδέσθαι
870 1470 974 1519 τοὺς
1004 1469 1280 1525 κακούργους
1310 1471 1491 1527 χρυσίῳ.

365 1556 546 1595 Clemens
565 1555 678 1595 Alex.
700 1555 818 1595 Paed.
841 1558 879 1607 2,
902 1558 968 1605 12,
991 1557 1072 1595 122
1101 1551 1164 1609 (αἱ
1178 1550 1380 1610 γυναῖκες)
1408 1554 1481 1595 οὐκ
1500 1555 1604 1595 ἴσασι
1626 1553 1667 1594 τὸ
1686 1558 1814 1607 πλημ-

243 1614 395 1667 μέλημα
421 1610 507 1654 οἷόν
528 1613 604 1654 ἐστι
626 1613 747 1666 δεσμὰ
767 1613 920 1663 ἑαυταῖς
940 1618 1164 1664 περιθεῖσαι
1190 1615 1358 1655 πλούσια
1378 1615 1515 1667 μυρία·
1547 1614 1730 1666 καθάπερ
1749 1613 1815 1654 καὶ

244 1678 320 1715 κτλ.
370 1675 562 1713 indieavifi
587 1675 739 1714 Nauck.
759 1675 903 1713 Philol.
929 1675 1010 1713 IIII
1038 1676 1120 1713 244
1154 1675 1255 1714 conl.
1277 1675 1388 1715 Dion.
1410 1674 1550 1726 Chrys.
1572 1677 1639 1724 79,
1659 1676 1744 1714 433
1767 1675 1814 1714 R.
1857 1721 1869 1728 ·

245 1731 370 1789 (παρὰ
395 1737 475 1781 τοῖς
494 1729 689 1788 Αἰθίοψι)
722 1733 763 1773 τὸ
790 1734 950 1787 χρυσίον
982 1732 1207 1787 ἀτιμότερον
1238 1731 1264 1785 ἢ
1295 1730 1387 1786 παρ’
1424 1731 1520 1785 ἡμῖν
1551 1731 1571 1772 ὅ
1604 1732 1814 1786 μόλυβδος,

244 1795 314 1833 καί
353 1805 476 1844 φασιν
521 1792 665 1833 αὐτόθι
707 1792 800 1841 τοὺς
843 1793 1090 1846 κακούργους
1133 1792 1174 1832 ἐν
1217 1793 1392 1845 παχείαις
1436 1791 1623 1833 δεδέσθαι
1666 1790 1815 1840 πέδαις.

247 1854 436 1893 Herodot.
470 1856 508 1904 3,
542 1856 596 1892 23
636 1852 900 1905 δεσμωτήριον
937 1852 1116 1905 ἀνδρῶν,
1156 1851 1258 1892 ἔνθα
1294 1852 1386 1900 τοὺς
1422 1852 1572 1900 πάντας
1603 1850 1816 1908 ἐνπέδῃσι

247 1911 431 1968 χρυσέῃσι
466 1911 663 1952 δεδέσθαι.
714 1911 792 1952 ἔστι
824 1910 865 1952 δὲ
898 1911 940 1952 έν
970 1916 1069 1952 τοῖσι
1094 1912 1271 1962 Αἰθίοψι
1301 1912 1461 1952 πάντων
1493 1910 1514 1952 ὁ
1545 1910 1685 1964 χαλκὸς
1716 1923 1815 1951 σπα-

247 1972 437 2012 νιώτατον
468 1970 534 2011 καὶ
565 1971 804 2024 τιμιώτατον.
855 1986 901 2012 ae
934 1972 1038 2012 Plut.
1059 1974 1158 2012 Mor.
1181 1974 1264 2012 753
1297 1972 1385 2011 init.
1424 1974 1582 2024 χρυσαῖς
1613 1970 1741 2023 ὥσπερ
1773 1970 1816 2011 ἐν

246 2031 445 2087 Αἰθιοπίᾳ
464 2029 600 2079 πέδαις
621 2029 817 2072 δεδέσθαι.
852 2032 1054 2072 Heliodor.
1076 2032 1260 2083 Aethiop.
1283 2034 1321 2082 9,
1344 2034 1363 2070 1
1393 2035 1489 2071 extr.
1511 2036 1634 2083 χρυσᾶ
1654 2026 1814 2083 (δεσμὰ)
1874 2039 1877 2041 ·
1942 2024 1945 2025 ’

247 2091 484 2144 ἐπιβάλλειν·
518 2091 590 2131 ὅσα
621 2090 694 2145 γὰρ
727 2092 886 2144 σίδηρος
917 2087 1010 2143 παρ’
1050 2089 1180 2138 ἄλλοις
1211 2091 1266 2138 εἰς
1296 2090 1363 2138 τὰς
1394 2090 1538 2142 χρείας,
1568 2094 1688 2129 ταῦτα
1718 2086 1812 2142 παρ’

247 2151 448 2202 Αἰθίοψιν
481 2149 501 2190 ὅ
533 2150 674 2203 χρυσὸς
704 2152 909 2201 νομίζεται.
960 2151 1103 2190 Suidas
1135 2150 1334 2198 Καιάδας.
1356 2181 1364 2190 .
1386 2148 1513 2202 ,παρὰ
1545 2147 1588 2188 δὲ
1614 2149 1815 2200 Αἰθίοψιν

250 2211 292 2251 οἱ
318 2216 532 2265 κακοῦργοι
563 2214 723 2263 χρυσαῖς
755 2209 938 2251 ἁλύσεσιν
970 2208 1156 2250 ἐδέδεντο.

987 2338 1076 2381 414

961 2420 1015 2464 οὐ
1045 2420 1131 2477 γάρ
1162 2435 1238 2475 μοι
1269 2419 1404 2475 σχολὴ

462 2498 620 2535 τανῦν·
659 2492 812 2550 ξενικῷ
844 2507 904 2550 τῳ
936 2492 1020 2549 γὰρ
1054 2492 1204 2543 ἰδιάζω
1234 2490 1468 2556 πράγματι.

371 2579 701 2619 Bekke1·.Aneed.
716 2581 783 2628 43,
800 2581 852 2619 21
882 2578 1043 2627 ἰδιάζειυ
1061 2581 1138 2618 κτλ.
1188 2581 1311 2616 τανῦν
1331 2579 1371 2617 et
1390 2591 1442 2633 τῳ
1469 2577 1558 2617 add.
1581 2598 1631 2604 —
1654 2575 1816 2624 ἰδιάζειν

252 2640 317 2678 hie
349 2641 410 2678 est
441 2639 515 2689 soli
547 2639 667 2678 alicui
697 2639 755 2678 rei
786 2651 940 2680 vacare.

993 2753 1080 2796 415

466 2838 594 2880 αὐλεῖ
620 2837 959 2893 Μαριανδυνοῖς
989 2836 1200 2892 καλάμοις
1229 2836 1492 2894 θρηνῳδίαν

466 2909 642 2966 κρούων
674 2910 801 2951 ἰαστί.
