2014 3334
222 263 307 306 338
595 274 599 277 ’
833 263 1185 299 ΠΟΣΕΙΔΙΠΠΟΤ

987 374 1010 415 7

504 446 659 500 κόρακι
690 441 842 500 κλῄεθ’
878 443 905 498 ἡ
937 444 1070 500 θύρα.

339 531 483 571 Pollux
517 533 553 582 7,
589 533 669 569 111
710 528 763 581 ἣν
782 527 957 582 Ὅμηρος
995 529 1124 582 εἴρηκε
1163 529 1346 583 κορώνην
1378 531 1421 570 οἶ
1448 529 1490 571 δὲ
1521 537 1597 571 νῦν
1624 520 1792 584 κόρακα,

220 591 344 638 οὕτως
375 588 554 642 ὠνόμασε
584 588 651 629 καὶ
682 590 954 637 Ποσείδιππος
984 588 1027 629 ἕν
1052 589 1207 646 Γαλάτῃ
1239 588 1361 629 εἰπὼν
1385 593 1462 630 κτλ.
1495 589 1574 630 ἔστι
1613 588 1685 642 μὲν
1716 585 1792 631 οὖν

219 650 269 690 οὐ
299 647 507 701 κεκριμένη
548 652 629 697 τοῖς
658 647 764 696 νέοις
794 646 819 700 ἡ
852 648 990 700 φωνή,
1022 647 1188 700 ληπτέον
1221 646 1262 688 δὲ
1292 647 1360 689 καὶ
1389 649 1436 689 τὰ
1467 650 1633 700 σπάνια,
1671 650 1708 690 εἰ
1736 649 1790 702 μὴ

219 706 313 762 παρ’
360 707 489 749 ἄλλων
529 709 588 760 εἴη
626 707 790 762 χρηστέα
822 704 898 763 (sic
930 703 1130 762 Bekker.).
1190 705 1336 748 κλείεθ’
1382 706 1408 760 ἡ
1449 709 1559 763 θύρα
1599 709 1789 761 Rakkan]

219 769 383 809 κλείεται
413 769 522 820 θύρα
553 772 602 808 Α.
651 768 743 808 κλύε
787 767 854 816 τὰς
890 768 1063 820 θυρίδας
1100 769 1236 808 Falck.
1267 771 1308 808 et
1335 771 1401 819 10,
1429 772 1482 808 22
1528 768 1575 808 τὰ
1605 767 1694 822 περὶ
1723 768 1792 817 τὰς

218 828 349 881 θύρας
374 826 528 881 ῥητέον,
560 826 716 880 μοχλοὶ.
737 859 745 867 .
767 826 853 868 ,καὶ
883 833 1056 879 κορῶναι
1080 826 1147 867 καὶ
1170 826 1345 880 κόρακες.
1385 829 1666 876 ΧΠοσείδιππος
1690 833 1791 881 γοῦν

219 887 262 927 ἐν
298 887 454 943 Γαλάτῃ
497 887 643 939 φησίν·
681 886 820 940 κόρακι
861 884 1027 941 κρούεθ’
1073 883 1100 938 ἡ
1137 886 1259 940 θύρα.
1314 888 1384 927 ubi
1426 884 1572 928 κλείεθ’
1617 884 1644 939 ’ἡ
1681 887 1792 940 θύρα
1851 908 1855 912 -

218 948 430 987 Falckenb.

335 1091 479 1130 Pollux
512 1092 551 1142 4,
587 1091 667 1130 175
713 1088 813 1129 ἔνιοι
851 1087 893 1129 δὲ
929 1088 996 1129 καὶ
1031 1095 1109 1129 τῶν
1142 1086 1337 1141 Ἀθήνησι
1373 1089 1674 1146 κωμῳδούντών
1712 1096 1790 1131 τῶν

216 1148 339 1202 νέων,
377 1146 464 1190 οἷον
482 1149 843 1197 ...Ποσείδιππος
875 1148 916 1189 ε’ν
948 1149 1122 1205 Γαλάτῃ,
1155 1149 1317 1203 λίτρας
1348 1151 1679 1202 μνημονεύουσιν.
1741 1152 1789 1191 cf.

217 1210 384 1249 Philem.
419 1212 484 1249 78.

895 1277 1116 1312 ΔΗΜΟΤΑῙ

986 1350 1013 1392 9

501 1411 830 1453 νεανισκεύεται

345 1516 354 1524 .
375 1485 696 1532 ..Ποσείδιππος
727 1483 939 1536 Δημόταις.
988 1484 1158 1523 Photius
1191 1486 1232 1522 et
1263 1483 1418 1523 Suidas.
1468 1485 1518 1524 cf.
1549 1484 1690 1535 Eupol.
1720 1487 1788 1525 29.

219 1546 316 1584 109.
366 1545 552 1595 Amphid.
588 1547 653 1584 19.

841 1622 1163 1657 ΕΠΙΣΤΑΘΜΟΣ

337 1688 508 1727 Bekker.
529 1688 677 1727 Anecd.
699 1689 797 1739 253,
831 1690 885 1727 22
919 1686 1171 1738 ἕπίσταθμοι·
1204 1686 1246 1726 οἱ
1272 1683 1455 1740 ἄρχοντες
1486 1685 1552 1726 καὶ
1583 1687 1789 1741 σατράπαι,

218 1747 260 1787 οἱ
292 1745 516 1799 κατέχοντες
552 1748 709 1799 βασιλεῖ
739 1746 806 1795 τὰς
837 1745 1041 1798 ὑπηκόους
1071 1745 1370 1794 πόλεις..οἷ
1404 1744 1446 1785 δὲ
1477 1746 1790 1799 Λακεδαιμόνιοι

216 1806 313 1854 τοὺς
356 1806 559 1854 τοιούτους
603 1805 798 1859 αρμοστὰς
848 1777 1277 1846 ε’κάλουν.311111111·.θ1
1320 1806 1454 1857 Etym.
1490 1820 1541 1846 m.
1582 1808 1685 1857 364,
1721 1809 1788 1846 37.

218 1867 301 1905 Hm
304 1880 408 1916 poor
450 1865 707 1918 ε’πίσταθμος·
752 1863 975 1919 Ἰσοκράτης
1012 1867 1282 1921 Πανηγυρικῷ
1303 1860 1513 1939 (4,1652)
1547 1862 1790 1918 Εκάτομνος

217 1923 427 1979 (Εκατομι
431 1921 503 1980 ως)
535 1923 556 1965 ὅ
588 1927 740 1978 Καρίας
771 1924 1035 1978 ε’πίσταθμος,
1065 1922 1109 1973 ὁς
1140 1922 1260 1964 οὐδὲν
1290 1922 1421 1977 ἕτερον
1451 1940 1504 1977 ην
1534 1922 1561 1977 ἢ
1591 1924 1688 1964 κατὰ
1720 1937 1787 1965 σα·

216 1986 403 2036 τραπείαν
446 1986 599 2038 Καρίας
647 1985 795 2040 κύριος.
862 1987 941 2025 fuit
982 1986 1247 2035 Fspistathmos
1290 1985 1411 2024 etiam
1453 1983 1618 2023 Caecilii
1656 1986 1787 2024 Statii.

217 2045 260 2084 Ο.
294 2046 482 2084 Ribbeck.
515 2045 623 2085 Com.
657 2047 768 2085 Rom.
801 2041 868 2085 fr2.
900 2048 968 2085 41.

977 2161 1031 2203 lo
1077 2220 1262 2275 σκηνάς,
1294 2220 1439 2275 ὄχους,

430 2292 625 2348 ῥίσκους,
658 2291 832 2348 ἀορτάς,
863 2292 1045 2347 τάχανα,
1077 2292 1322 2346 λαμπήνας,
1355 2292 1498 2341 ὅνους.

336 2379 479 2418 Pollux
512 2380 696 2430 1Ο,139
742 2378 787 2417 αἴ
821 2376 863 2417 δὲ
901 2376 1037 2431 ἆορταὶ
1078 2377 1251 2429 εἴρηνται
1288 2376 1330 2416 ἕν
1367 2376 1643 2416 Ποσειδίππου
1679 2373 1784 2416 Ἐπι-

216 2437 378 2494 στάθμῳ
405 2441 483 2477 κτλ.
546 2441 584 2477 2.
615 2437 766 2489 λάχανα
795 2438 996 2490 Iungerm.
1029 2440 1071 2476 et
1096 2437 1273 2488 'I'oupius
1299 2450 1361 2475 1111
1387 2439 1472 2476 235
1492 2438 1593 2476 conl.
1612 2437 1782 2488 Hesych.

215 2497 380 2549 λάχανα·
426 2496 468 2536 τὸ
505 2495 569 2536 ἐπὶ
605 2502 673 2549 τῆς
716 2496 874 2548 ἀπήνης
911 2495 1200 2550 πεπλεγμένον,
1237 2495 1280 2535 ἐν
1313 2488 1345 2552 ᾧ
1375 2494 1620 2544 καθέζονται.
1682 2510 1784 2548 quae

214 2570 291 2596 vox
323 2558 536 2596 admodum
568 2558 691 2596 dubia
722 2560 793 2596 est.
854 2555 1030 2608 πλόχανα
1050 2557 1257 2595 Ruhnken.
1290 2540 1441 2595 λάσανα
1463 2557 1581 2594 Mein.
1630 2557 1679 2594 cf.
1701 2557 1783 2595 An-

214 2616 366 2666 tiphan.
402 2618 498 2656 130.
548 2617 698 2667 Diphil.
733 2619 802 2657 40.
851 2617 1035 2656 Menand.
1068 2618 1142 2661 29„
1169 2617 1266 2655 331.

814 2731 1189 2765 ΕΡΜΑΦΡΟΔῙΤΟΣ

890 2832 895 2836 -
971 2805 1024 2846 11

428 2875 528 2917 υἱὸν
558 2875 710 2932 τρέφει
741 2882 825 2926 πᾶς
855 2874 940 2918 κᾶν
970 2873 1105 2930 πένης
1135 2890 1201 2924 τις
1232 2875 1292 2917 ὢν
1323 2875 1446 2931 τύχῃ,

428 2945 655 3002 θυγατέρα
688 2943 728 2988 δ’
764 2946 964 3002 ἐκτίθησι
994 2944 1078 2989 κᾶν
1108 2940 1136 3005 ᾖ
1168 2946 1391 2997 πλούσιος.
