2014 3334
884 243 984 278 ΤΗΣ
1008 242 1137 278 ΝΕΑΣ
1713 244 1802 286 459

221 356 313 406 λητο
345 354 465 396 πάνυ.
513 353 556 394 τὸ
588 354 632 394 Ο.
652 354 900 395 Baehmann.
935 355 1109 396 Coniect.
1130 354 1255 396 Arist.
1283 354 1358 406 48]
1393 354 1426 396 ὁ.
1457 378 1508 383 -
1553 356 1805 397 Callisthenes

222 414 455 467 Olynthius,
480 414 714 455 Aristotelis
740 415 975 469 discipulus,
1001 415 1222 456 Alexandri
1253 429 1305 456 m.
1336 416 1377 455 in
1404 415 1504 457 Asia
1535 429 1679 468 eomes,
1711 429 1803 456 cum

221 487 358 527 regem
395 475 514 514 deum
553 487 639 515 esse
676 477 862 527 negaret,
902 476 944 516 in
982 475 1143 516 vincula
1184 476 1385 516 coniectus
1417 479 1497 527 est,
1534 478 1719 517 mortuus
1760 477 1803 516 in

221 534 348 575 India..
380 535 486 575 Plut.
518 535 632 575 Alex.
665 535 732 576 54.
765 536 860 575 ibid.
902 538 956 577 55
996 538 1095 576 extr.
1158 535 1296 588 Χάρης
1341 532 1490 590 (λέγει)
1534 534 1630 576 ἑπτὰ
1673 542 1803 589 μῆνας

221 594 493 646 φυλάττεσθαι
524 592 736 647 δεδεμένον
776 626 785 635 .
817 626 826 635 .
858 625 868 636 .
906 594 997 649 περὶ
1027 593 1100 647 τὴν
1126 592 1274 636 Ἰνδίαν
1312 594 1539 636 ἀποθανεῖν
1570 594 1804 649 ὑπέρπαχυν

220 653 436 708 γενόμενον
467 653 534 695 καὶ
565 654 936 708 φθειριάσαντα.
988 656 1148 696 Arrian.
1180 655 1310 695 Anab.
1343 658 1383 707 4,
1413 658 1468 696 10
1481 669 1538 707 sq.
1571 656 1682 696 Curt.
1704 658 1743 707 8,
1764 659 1803 697 5.

222 715 260 755 6.
282 716 307 754 8
340 716 439 755 extr.
489 715 713 755 Meinekius
753 728 824 756 cur
860 718 1002 767 postea.
1038 717 1087 756 de
1125 716 1277 756 comica.
1313 729 1455 756 versus
1493 717 1648 768 origine
1687 717 1802 756 dubi-

220 775 370 815 taverit
399 776 544 816 nescio.

962 870 1046 914 281

508 953 747 1009 σύγγνωθί
773 970 849 1010 μοι
879 952 953 997 καὶ
984 954 1044 1011 μὴ
1075 957 1320 1011 χαλεφθῇς,
1353 951 1388 998 ὦ
1419 955 1567 1011 πάτερ.

342 1040 443 1080 Mus.
482 1040 622 1091 philol.
660 1041 849 1082 Cantabr.
889 1042 929 1080 II
970 1044 1053 1082 113
1101 1037 1205 1096 (non
1250 1042 1335 1082 vidi
1377 1036 1553 1096 librum)
1598 1044 1804 1096 χαλεφθῇς

220 1097 299 1139 ἀπὸ
330 1104 400 1140 τοῦ
433 1098 607 1152 χαλέπτω
638 1103 716 1141 κτλ.
771 1104 976 1157 χαλεφθῇς
1007 1101 1312 1154 Schneidewin]
1352 1104 1535 1157 χαλεφῇς.
1584 1102 1803 1142 Menandro

219 1160 450 1200 coniectura
480 1161 636 1201 incerta
665 1162 874 1202 tribuebat
905 1161 1080 1203 Cramer,

967 1302 1055 1346 282

444 1434 447 1436 ,
505 1385 605 1438 ἐξὸν
635 1385 879 1429 καθεύδειν
911 1385 994 1442 τὴν
1027 1384 1254 1443 ἐρωμένην
1286 1387 1410 1442 ἔχων.

337 1472 580 1513 Eustathius
613 1475 713 1525 236,
745 1475 799 1513 32
834 1472 1010 1525 σχῄματα
1041 1475 1314 1525 σολοικοφανῆ
1352 1503 1361 1514 .
1394 1503 1404 1513 .
1435 1504 1445 1513 .
1488 1473 1629 1526 ὅμοιον
1662 1473 1704 1515 δὲ
1735 1474 1802 1515 καὶ

217 1530 259 1572 τό
286 1533 363 1571 κτλ.
419 1530 507 1573 ἀντὶ
537 1538 608 1573 τοῦ
639 1531 791 1585 ἔχοντα.
847 1534 895 1572 of.
918 1533 1047 1573 Schol.
1068 1534 1207 1584 Eurip.
1228 1534 1375 1573 Phoen.
1396 1536 1483 1575 478
1511 1535 1647 1574 Dindf.
1669 1536 1801 1576 Schol.

217 1591 341 1631 Arist.
374 1591 549 1632 tharn.
584 1595 698 1633 1164
737 1591 919 1645 ἠπιαλῶν
957 1590 999 1633 δὲ
1031 1588 1115 1634 εἷπε
1152 1592 1219 1632 καὶ
1249 1593 1423 1646 βαδίζων
1455 1592 1543 1633 ἀντὶ
1577 1600 1647 1635 τοῦ
1679 1593 1799 1647 ἤπια-ι

217 1654 377 1700 λοῦντες
401 1651 469 1692 καὶ
492 1653 728 1706 βαδίζοντες.
779 1651 867 1693 ἀντὶ
897 1658 967 1694 τοῦ
993 1653 1206 1705 βαδίζοντα
1230 1652 1330 1693 κατὰ
1361 1652 1403 1693 τὸ
1423 1652 1589 1706 ἀρχαῖον
1610 1654 1800 1707 σύνηθες,

217 1709 271 1759 ὡς
301 1709 386 1763 τὴν
417 1710 662 1766 ἐρωμένην
693 1712 811 1766 ἔχων
842 1711 930 1753 ἀντὶ
960 1718 1032 1754 τοῦ
1063 1712 1212 1766 ἔχοντα.
1275 1714 1478 1754 Chariton.
1507 1716 1545 1765 4,
1581 1718 1618 1760 7,
1654 1717 1677 1754 7
1712 1714 1801 1764 ἐξὸν

217 1770 435 1812 καθεύδειν
466 1772 539 1825 τήν
572 1769 646 1826 (τ’)
679 1770 881 1826 ἐρωμένην
913 1772 1026 1826 ἔχειν.
1089 1774 1275 1825 Apollon.
1309 1774 1422 1825 Synt.
1455 1776 1495 1826 4,
1529 1776 1553 1814 9
1587 1789 1625 1826 p.
1646 1777 1745 1826 331,
1773 1779 1797 1815 3

218 1831 344 1872 Bekk.
375 1830 464 1881 ἐξὸν
494 1832 721 1873 καθεύδειν.

967 1926 1055 1970 283

503 2009 562 2065 μὴ
594 2012 860 2065 καταγελᾶτε
890 2016 983 2061 τοῖς
1013 2009 1135 2066 ἐμοῖς
1165 2010 1458 2066 παθημάτοις.

337 2096 578 2136 Eustathius
612 2098 710 2148 279,
744 2099 798 2137 39
837 2093 903 2151 (ex
934 2097 1209 2148 Aristophane
1241 2094 1524 2152 grammatico)
1562 2096 1634 2149 τὴν
1672 2097 1799 2152 γέρων

216 2153 399 2208 γέροντος
429 2153 592 2210 γενικὴν
624 2154 888 2211 ἀναγαγόντες
920 2152 983 2212 (οἱ
998 2153 1188 2211 Αἰτωλοὶ)
1220 2156 1275 2205 εἰς
1306 2155 1471 2197 εὐθεῖαν
1499 2158 1750 2212 γράφουσιν.
1765 2189 1798 2200 ..

217 2211 314 2263 *τοῖς
343 2212 557 2269 γερόντοις’
591 2246 600 2255 .
632 2248 640 2256 .
675 2246 684 2256 .
715 2215 758 2257 τὸ
791 2213 826 2256 δ’
863 2215 958 2258 αὐτό
990 2228 1091 2269 φησι
1119 2217 1337 2269 φαίνεσθαι
1368 2216 1436 2257 καὶ
1466 2216 1530 2258 ἐπὶ
1560 2223 1631 2258 τοῦ
1662 2219 1798 2272 παθή-

218 2290 356 2327 ματος,
393 2273 446 2324 ὦς
478 2276 601 2328 δῆλον
638 2274 681 2316 ἐκ
710 2282 781 2317 τοῦ
812 2279 890 2317 κτλ.
952 2279 993 2317 et
1027 2279 1154 2327 1761,
1187 2279 1242 2317 35
1281 2276 1389 2330 παρὰ
1420 2277 1613 2326 Αἰτωλοῖς
1644 2277 1686 2318 τὸ
1718 2283 1799 2328 τοῖς

218 2333 378 2388 γέρουσι
407 2334 607 2389 γερόντοις
638 2336 825 2389 φράζεται
856 2367 865 2377 .
896 2367 906 2377 .
938 2367 948 2377 .
979 2335 1046 2377 καὶ
1075 2335 1117 2377 τὸ
1143 2336 1356 2389 παθήμασι
1389 2338 1655 2390 παθημάτοις.
1717 2340 1799 2380 dis-

218 2396 342 2435 sentit
372 2396 422 2435 ab
455 2396 670 2436 Eustathio
701 2398 854 2437 Nauck.
885 2397 1010 2437 Arist.
1041 2397 1134 2449 Byz.
1170 2400 1253 2438 207
1267 2410 1325 2450 sq.
1374 2396 1428 2449 μὴ
1461 2396 1670 2452 κάγγελᾶτε
1695 2400 1798 2439 Her-

220 2455 335 2495 werd.
369 2455 463 2495 obs.
495 2456 582 2496 orit.
617 2458 721 2497 125.
760 2458 866 2508 quod
896 2471 976 2498 non
1006 2457 1298 2506 necessarium,
1330 2458 1364 2497 si
1396 2459 1581 2509 comicus,
1612 2461 1659 2498 ut
1689 2462 1797 2499 recte

219 2515 449 2564 suspicatur
479 2515 721 2568 Meinekius,
762 2517 949 2557 Aetolum
990 2517 1192 2557 hominem
1229 2517 1462 2568 loquentem
1495 2519 1719 2558 induxerat.
1755 2520 1797 2559 id

218 2574 252 2614 si
284 2587 425 2615 verum
457 2577 529 2627 est,
560 2588 687 2616 novae
719 2577 948 2617 comoediae
979 2578 1252 2629 fragmentum
1284 2578 1543 2617 tribuendum
1578 2579 1748 2619 videtur.

962 2717 1051 2760 284

505 2799 635 2843 δυοῖν
666 2807 901 2854 γυναικοῖν
931 2795 994 2852 εἷς
1026 2800 1139 2857 ἀνὴρ
1172 2800 1226 2843 οὐ
1258 2798 1496 2857 στέργεται.

243 2938 262 2983 ἴ
336 2886 574 2984 Ειίεῇαίὼίιιε
596 2887 694 2938 802,
722 2888 776 2927 34
809 2885 851 2927 τὸ
884 2888 1000 2928 δυοῖν
1031 2885 1098 2927 καὶ
1129 2885 1204 2927 ἐπὶ
1236 2887 1430 2940 δοτικῆς
1461 2888 1569 2942 παρὰ
1596 2886 1796 2943 Ἀττικοῖς,

218 2958 239 2984 ο
257 2958 306 2984 ον
335 2959 381 2984 κτ
404 2974 414 2985 .
