2014 3334
0 2023 4 2037 “
0 1923 6 1940 ’τ-
0 1902 5 1910 ι
0 1700 13 1895 -τπ-ι-’Ἷᾞ-ἠ
0 1595 12 1692 -νἻψΝ-
0 1572 4 1579 ’
1 1559 4 1563 -

766 260 934 294 AAHAA
960 259 1222 294 ono'rEPAz
1687 255 1743 299 57
1750 255 1772 298 7

198 372 331 426 fluxit,
367 373 506 414 eadem
544 374 678 424 potius
710 373 852 424 opinor
890 372 1183 425 significatione
1215 385 1296 424 qua
1327 370 1616 424 ἐντεθριῶσθαι
1647 371 1774 410 Arist.

197 434 292 487 Lys.
318 435 416 475 664.

944 490 1031 533 998

483 548 771 606 ἐνετύρευσεν

315 635 543 688 Hesychius
574 634 824 688 ἕνετάραξεν,
855 634 1118 675 ἕνεσκεύασεν.
1181 636 1229 675 cf.
1253 636 1336 675 706
1366 638 1408 674 et
1434 635 1557 674 Arist.
1581 634 1653 686 Eq.
1673 635 1772 674 479.

112 683 115 686 ’
199 696 405 736 Demosth.
434 698 500 748 19,
529 697 626 736 295.

936 752 1023 795 999

485 811 803 863 ἐνθεσίὸουλος
843 855 856 868 ,

314 885 591 939 ψωμόδουλος.
621 886 860 939 Hesychius.
893 886 1133 927 Eustathius
1151 888 1277 938 1837,
1291 888 1349 927 40
1369 884 1390 926 ὁ
1409 886 1694 940 γαστρίμαργος
1715 918 1723 925 .
1738 915 1747 925 .
1762 916 1771 925 .

196 944 263 986 καὶ
287 943 310 986 ὁ
334 946 590 999 κνισολοιχός,
620 945 687 986 καὶ
711 944 732 986 ὁ
758 945 1039 994 ἔνθεσίὸουλος
1069 942 1158 998 ’ἤτοι
1186 945 1464 998 ψωμόδουλος.
1514 945 1672 994 ἕνθεσις
1697 944 1771 1000 γὰρ

196 1003 218 1046 ὁ
247 1005 390 1058 ψωμός
422 1003 568 1059 (Arist.
600 1006 673 1058 Eq.
700 1002 821 1061 404).

926 1087 1043 1131 1000

482 1157 883 1211 ἐνλαπειθᾶζεσθαι

315 1245 538 1297 Hesychius
577 1242 825 1298 μαχέσασθαι
861 1245 1082 1295 Λαπρθαις.
1143 1242 1170 1296 ἢ
1202 1243 1500 1297 ἐνθυμηθῆναι.
1562 1245 1771 1297 corrigunt

193 1303 542 1349 ἕνλαπιθάσασθαι
573 1307 613 1345 et
644 1303 951 1357 ἕνθοινηθῆναι.
1001 1305 1112 1356 prius
1137 1303 1268 1344 ἐλλαπ.
1301 1305 1565 1356 scribendum,
1597 1305 1769 1344 alterum

193 1377 387 1416 perquam
424 1364 602 1405 dubium.
675 1366 745 1406 sed
782 1365 955 1405 comicae
992 1365 1157 1417 originis
1195 1365 1371 1417 glossam
1409 1377 1495 1405 esse
1531 1377 1768 1416 persuasum

193 1425 334 1464 habeo.

900 1500 907 1508 ·
923 1481 1036 1524 1001

481 1540 791 1597 ἐνσεσεισμένη
1064 1572 1070 1578 -

314 1627 484 1667 Bekker.
504 1628 651 1668 Anecd.
675 1630 742 1680 39,
764 1630 817 1668 12
853 1624 880 1679 ἡ
911 1626 1144 1680 προήκουσα
1173 1632 1219 1683 τῇ
1251 1624 1384 1683 ἡλικία
1414 1625 1481 1666 καὶ
1510 1625 1590 1666 ὑπὸ
1622 1626 1766 1680 χρόνου

197 1685 490 1739 διασεσεισμένη
520 1685 587 1727 καὶ
614 1685 750 1740 μηκέτι
775 1693 981 1741 σφρνγῶσα
1005 1684 1104 1740 μηδὲ
1136 1686 1341 1740 ἰσχύουσα,
1372 1685 1469 1726 ἀλλὰ
1495 1686 1628 1741 σαθρὰ
1654 1681 1766 1727 οὖσα.

924 1804 1039 1847 1002

482 1864 705 1918 ἔντροφον

313 1949 457 1989 Pollux
473 1950 511 2002 5,
527 1951 596 1990 97.
628 1951 676 1990 cf.
693 1951 789 1990 962.
822 1948 1014 2002 ἕντροπον
1028 1949 1071 1989 G.
1103 1947 1323 2003 ἕνστροφον
1334 1950 1452 1991 Mein.
1470 1922 1551 1990 nou
1564 1950 1767 2002 intellego.

922 2067 1036 2110 1003

479 2124 738 2182 ἐξερρίνησοι

315 2194 793 2252 [Lucianus]Phi10patr.
815 2203 868 2241 22
902 2195 955 2253 ἧν
987 2198 1023 2240 δ’
1058 2199 1134 2254 ἐγὼ
1165 2199 1264 2254 πρὸς
1283 2200 1492 2253 Κράτωνα,
1523 2207 1609 2253 μῶν
1636 2207 1767 2249 κακῶς

194 2257 324 2298 πάντα
348 2257 576 2313 ἕξερρίνισα,
602 2256 655 2299 ἵν’
678 2259 775 2300 εἴπω
800 2275 835 2300 τι
860 2261 1222 2313 κωμικευσάμενος;
1249 2261 1501 2301 scribendum
1527 2259 1765 2315 ἕξερρίνησα.

195 2318 373 2369 Alciphr.
400 2321 444 2371 3,
473 2322 528 2359 33
567 2318 694 2371 αὐτὴν
731 2319 933 2374 ἕκρινῆσαι
971 2319 1044 2372 τὴν
1080 2321 1260 2375 καρδίαν.
1309 2322 1358 2360 cf.
1390 2321 1516 2360 Arist.
1548 2322 1647 2360 Ran.
1680 2323 1764 2361 902

196 2391 287 2417 eum
319 2379 375 2418 eis
407 2392 509 2431 quae
542 2380 743 2421 adnotavi.
826 2377 828 2382 ’
1032 2376 1040 2380 ’
1767 2383 1773 2387 ’

922 2449 1038 2492 1004
1765 2484 1789 2504 ,

483 2506 750 2564 ἐξινωμένον

313 2592 456 2632 Pollux
482 2596 521 2644 4,
550 2596 632 2634 179
659 2593 702 2634 τὸ
726 2601 895 2635 κενῶσαι
922 2594 988 2635 διὰ
1012 2594 1249 2647 καθάρσεως,
1270 2593 1337 2635 καὶ
1362 2594 1543 2644 ἕξινῶσαι
1569 2594 1765 2649 λέγουσιν,

195 2649 261 2691 καὶ
291 2649 528 2704 ἐξινωμένον
553 2650 578 2705 ἡ
605 2654 793 2711 κωμῳδία
822 2653 892 2695 τὸν
922 2652 1224 2707 κεκαθαρμένον
1256 2653 1380 2706 φησὶν
1410 2653 1464 2703 ὣς
1496 2654 1537 2694 ἐκ
1562 2661 1640 2695 τῶν
1667 2655 1765 2696 ἰνῶν

195 2709 419 2765 φερομένης
449 2717 518 2764 τῆς
549 2716 677 2766 χολῆς.
728 2715 777 2754 ef.
804 2715 968 2756 Timocl.
996 2717 1064 2755 39.

500 2845 504 2848 -
923 2818 1038 2861 1005

479 2874 820 2933 ἐξωφρυωμένοι

314 2947 540 3002 ἐπηρμένοι,
558 2949 822 3004 ὑπερήφανοι.
854 2953 1080 3004 Hesychius
1105 2946 1412 3006 (ἑξοφρυομένοι
1437 2949 1554 3007 cod.).
1587 2954 1763 3006 Etymol.

266 3022 382 3050 comici
399 3024 513 3059 maeel,
532 3025 579 3052 ed.
598 3025 654 3053 Th.
672 3026 770 3053 Kook.
788 3026 846 3053 m.
1430 3023 1475 3055 37
