2014 3334
291 252 379 294 260
407 280 412 284 ·
646 251 649 255 ¹
931 255 1230 290 ΜΕΝΑΝΔΡΟΤ

1020 363 1134 406 1054

576 423 882 477 περισκελίδας

411 508 555 546 Pollux
581 510 619 557 2,
650 511 731 547 194
765 507 1009 560 Μένανδρος
1043 507 1110 548 καὶ
1133 520 1281 561 περισκ.
1313 509 1441 562 εἴρηκε
1467 514 1607 563 φορεῖν
1633 509 1699 558 τὰς
1730 510 1860 563 κόρας.

291 568 396 606 idem
418 569 456 618 5,
485 569 570 607 100
601 568 724 624 τούτῳ
755 571 808 624 τῷ
840 567 1001 620 ὀνόματι
1020 566 1224 621 κέχρηνται
1243 567 1484 623 Μένανδρος
1503 569 1569 608 καὶ
1593 568 1859 622 Νικόστρατος

291 622 387 680 (33)
421 627 464 666 οἵ
489 627 903 683 κωμῳδοδιδάσκαλοι.

621 766 631 781 l
1020 709 1134 752 1055

573 781 775 823 πεφηνας

406 852 449 892 τὸ
474 853 643 906 εἴρηκας.
693 852 947 906 Μένανδρος.
978 856 1156 894 Photius.
1182 852 1265 895 ‘vix
1295 856 1483 894 credibile
1510 859 1571 895 est
1595 857 1857 899 Menandrum

287 911 448 965 πέφηνα
473 914 684 954 transitive
705 911 878 953 dixisse'.
923 915 1040 954 Mein.
1070 937 1121 942 —
1151 915 1303 954 scilicet
1328 915 1581 954 scribendum
1607 918 1668 955 est
1688 912 1856 969 ’πέφη-

287 987 387 1023 νας,
419 974 443 1012 i.
476 987 508 1014 θ.
540 971 761 1024 ἀπέφηνας.

1018 1043 1130 1086 1056

570 1103 820 1157 πλοκαμῖδα

406 1186 648 1240 Μένανδρος
684 1187 751 1228 καὶ
790 1188 831 1228 οἷ
864 1187 985 1228 ἄλλοι.
1047 1190 1215 1228 Photius
1247 1192 1346 1239 434,
1380 1192 1447 1228 21.
1506 1191 1611 1229 idem
1647 1191 1855 1243 πλοκαμίς·

285 1245 306 1287 ὃ
338 1242 456 1295 οὖλος
487 1247 750 1302 βόστρυχος..
773 1250 860 1288 ,noel
889 1246 914 1299 ἡ
947 1254 1025 1288 τῶν
1057 1255 1197 1300 τριχῶν
1230 1248 1416 1300 ἐμπλοκή.

1014 1366 1125 1408 1057

569 1425 847 1481 πορνοκόπος

402 1510 504 1550 οὕτω
532 1509 785 1563 Μένανδρος.
836 1510 878 1550 οἷ
906 1507 942 1549 δ’
972 1510 1127 1564 ἀρχαῖοι
1157 1510 1377 1564 πορνότριψ
1402 1509 1594 1565 λέγουσιν.
1640 1512 1853 1563 Phrynich.

284 1571 391 1622 Epit.
424 1573 521 1610 415.
573 1571 746 1610 Thomas
778 1571 884 1622 Mag.
918 1573 1015 1621 291,
1050 1573 1115 1611 15.
1167 1572 1214 1610 ef.
1246 1572 1295 1611 fr.
1329 1573 1453 1611 1007.

1011 1687 1124 1729 1058

539 1790 545 1794 ,
569 1745 799 1803 προτέλεια

399 1830 425 1884 ἡ
457 1832 532 1885 πρὸ
558 1839 636 1872 τῶν
660 1832 798 1886 γάμων
829 1833 967 1871 θυσία.
1016 1830 1268 1886 Μένανδρος.
1324 1833 1504 1872 Photius.
1554 1834 1603 1872 cf.
1631 1831 1850 1886 Πρόγαμοι.

280 1894 519 1931 Eustathius
553 1895 657 1943 881,
692 1895 743 1932 31
785 1891 892 1943 παρὰ
923 1893 1138 1948 Παυσανίᾳ
1175 1891 1343 1943 εἰπόντι,
1381 1891 1438 1931 ὅτι
1473 1890 1674 1945 προτέλεια
1710 1889 1736 1943 ἡ
1774 1890 1849 1943 πρὸ

279 1958 357 1991 τῶν
388 1952 525 2005 γάμων
556 1950 633 1991 θέα
654 1950 797 2005 (θυσία
823 1949 974 2005 Mein),
1006 1952 1099 1999 ἴσως
1129 1951 1175 1991 τὰ
1200 1952 1388 2005 λεγόμενα
1412 1951 1629 2006 θεώρητρα.
1670 1953 1717 1991 cf.
1746 1952 1850 1991 Plat.

279 2025 376 2052 com.
413 2015 508 2063 174,
543 2014 580 2051 5.

1010 2080 1123 2124 1059

564 2140 807 2197 ῥυτίσματα

397 2226 564 2266 Photius
597 2226 642 2266 αἱ
668 2224 865 2278 ἀκέστριαι
901 2231 979 2265 τῶν
1010 2224 1298 2277 διερρυηκότων
1336 2225 1500 2277 ἱματίων
1537 2224 1583 2264 τὰ
1614 2224 1846 2278 ἀναπληρώ-

278 2300 378 2338 ματα
410 2285 623 2339 ρ”υτίσματα
654 2285 833 2325 ἐκάλουν.
884 2284 1009 2332 οὕτως
1040 2283 1294 2338 Μένανδρος.

1006 2401 1120 2444 1060

562 2462 757 2516 σάββους

399 2579 407 2586 .
428 2546 570 2594 ..τοὺς
601 2547 775 2599 βάκχους
804 2549 982 2597 καλοῦσι,
1013 2545 1079 2586 καὶ
1108 2547 1254 2597 ταύτην
1285 2532 1427 2596 ἀφιᾶσι
1457 2544 1530 2596 τὴν
1561 2546 1719 2598 φωνήν,
1750 2545 1844 2586 ὅταν

276 2605 482 2660 ὀργιάζωσι
519 2610 572 2662 τῷ
608 2610 708 2662 θεῷ·
753 2601 809 2646 ὧν
845 2607 975 2646 πίστιν
1015 2605 1093 2645 ἔστι
1131 2605 1262 2656 δήπου
1300 2604 1366 2644 καὶ
1408 2605 1515 2658 παρὰ
1553 2604 1843 2658 Δημοσθένους

274 2668 410 2719 λαβεῖν
441 2665 507 2706 καὶ
536 2665 643 2719 παρὰ
675 2666 935 2719 Μενάνδρου.
984 2666 1224 2705 Plutarchus
1251 2667 1348 2705 Mor.
1371 2668 1450 2705 671
1470 2666 1495 2703 f.
1545 2667 1593 2704 cf.
1614 2666 1755 2716 Eupol.
1774 2668 1842 2705 84.

275 2727 481 2766 Demosth.
516 2728 583 2777 18,
616 2729 713 2766 260.

1004 2794 1113 2836 1061

560 2854 672 2909 σάγη

392 2936 418 2991 ἡ
449 2941 659 2979 πανοπλία.
715 2939 840 2987 οὕτως
871 2937 1124 2993 Μένανδρος.
1147 2975 1150 2980 ,
1172 2938 1353 2978 Photius.
