2014 3334
878 251 977 285 ΤΗΣ
1002 250 1132 286 ΝΕΑΣ
1710 247 1797 290 457

214 363 389 416 Diogen.
410 363 528 404 Vind.
549 365 588 415 3,
609 366 664 405 26
699 357 910 418 (ἅπτεται).
961 364 1011 403 cf.
1032 363 1152 416 Greg.
1179 363 1299 415 Cypr.
1321 364 1360 415 3,
1393 364 1432 403 5.
1465 363 1520 403 56
1554 364 1596 402 et
1626 362 1675 402 de
1707 375 1799 415 syn-

214 425 301 464 taxi
334 424 486 464 Cratin.
519 426 586 465 52.

963 505 1050 548 271

501 589 624 633 ἀλῶν
649 588 867 647 μέδιμνον
892 589 981 647 ἅμα
1007 589 1167 646 φαγὼν
1194 586 1303 647 (add.
1330 587 1607 646 ἀμνημονεῖ).

335 677 555 730 Gregorius
581 677 701 730 Cypr.
731 681 767 730 1,
802 680 855 719 76
889 675 953 718 ἐπὶ
983 682 1062 717 τῶν
1099 675 1330 729 ἀχαρίστων.
1379 676 1474 728 ἅμα
1505 692 1548 727 φ.
1568 675 1635 727 Κ.]
1675 674 1800 728 ἀποφ.

213 738 360 779 Macar.
383 741 421 789 1,
442 740 497 779 82
532 735 639 778 ἁλῶν
658 735 852 791 μέδιμνον
870 735 1154 790 καταφαγών·
1187 734 1251 776 ε’πὶ
1275 742 1353 776 τῶν
1385 735 1802 789 ἀμνημονούντων

212 803 291 838 τῶν
322 797 465 849 φίλων.
514 797 684 839 Aristot.
706 799 799 839 Eth.
820 799 922 838 Eud.
946 801 983 849 7,
1005 800 1030 838 2
1051 812 1088 849 p.
1113 799 1261 837 1238a
1282 799 1305 836 2
1328 796 1384 845 εἰς
1414 797 1632 849 παροιμίαν
1664 795 1801 848 ἐλήλυ-

211 861 289 899 θεν
314 855 336 899 ὅ
361 855 551 911 μέδιμνος
575 864 654 899 τῶν
680 856 799 899 ἀλῶν.
847 859 940 899 Eth.
961 858 1115 898 Nicom.
1138 859 1174 908 7,
1197 859 1263 909 4p.
1288 857 1436 898 1156b
1471 859 1539 898 27.
1561 879 1615 885 —-
1636 858 1685 897 ef.
1703 859 1799 897 176.

963 975 1051 1018 272

499 1044 652 1091 πέπων
685 1046 834 1105 ἐρινὸς
865 1047 1084 1104 εὐφρανεῖ
1111 1048 1217 1099 τοὺς
1248 1047 1462 1102 γείτονας.

332 1135 532 1176 Macarius
554 1138 593 1185 2,
614 1137 669 1176 97
703 1132 724 1175 6
751 1133 866 1188 λόγος
899 1132 962 1175 ἐπὶ
979 1133 1252 1189 ’γεγαμηκότος
1282 1132 1477 1188 γέροντος.
1521 1132 1660 1175 πέπων
1681 1136 1800 1175 Mein.

213 1197 377 1236 Theocr.
398 1194 457 1247 VI]
490 1192 628 1248 γέρων.
679 1193 878 1248 εὐφρανεῖ
895 1193 1020 1246 idem]
1056 1193 1274 1247 εὐφραίνει.
1324 1195 1508 1246 Append.
1534 1209 1647 1246 prov.
1678 1197 1715 1247 1,
1746 1197 1798 1236 73

211 1252 343 1310 γέρων
382 1254 435 1308 ἕρ.
477 1253 684 1307 εὐφραίνει
706 1270 745 1296 xc.
775 1271 810 1308 γ.
842 1253 941 1308 πρὸς
984 1254 1078 1304 τοὺς
1121 1253 1175 1308 μὴ
1216 1252 1469 1307 δυναμένους
1508 1259 1684 1310 χρῆσθαι
1721 1259 1802 1303 τοῖς

212 1316 329 1364 ἰδίοις
360 1314 543 1369 ἀγαθοῖς.
595 1313 615 1355 6
648 1312 691 1355 δὲ
722 1313 837 1369 λόγος
868 1318 958 1366 κτλ.,
990 1317 1039 1355 ut
1070 1316 1178 1367 apud
1208 1315 1354 1355 Macar.
1389 1337 1444 1343 —-
1475 1316 1524 1355 de
1556 1316 1720 1368 syntaxi
1751 1317 1800 1355 ef.

213 1376 364 1417 Cratin.
398 1377 473 1426 52,
507 1375 555 1415 de
587 1389 630 1415 re
662 1375 764 1415 Plin.
797 1376 862 1415 N„
880 1376 918 1416 h.
955 1377 1020 1426 15,
1055 1378 1108 1416 79
1152 1377 1363 1426 caprificus
1393 1379 1554 1416 vocatur
1586 1388 1605 1415 e
1634 1377 1803 1416 silvestri

209 1449 348 1487 yenere
387 1437 488 1485 ficus
528 1448 743 1485 numquam
781 1439 1060 1481 maturescens,
1105 1437 1173 1476 sed
1216 1437 1340 1485 quod
1382 1438 1489 1485 ipsa
1531 1449 1622 1476 non
1664 1437 1803 1476 habet

211 1498 327 1537 aliis
358 1497 585 1536 tribuens.
636 1495 743 1547 quod
775 1496 974 1546 quomodo
1006 1495 1079 1536 fiat
1111 1496 1297 1547 deinceps
1330 1496 1554 1547 exponitur.
1617 1499 1665 1535 cf.
1692 1495 1800 1536 Ana-

210 1549 350 1596 xaner
379 1557 447 1607 52,
483 1558 550 1596 11.
586 1558 638 1595 12
679 1559 720 1595 et
751 1556 886 1608 adesp.
919 1557 1018 1596 225.
1069 1556 1264 1597 indicavit
1299 1556 1419 1596 Mein.
1452 1557 1618 1596 Theocr.
1645 1570 1699 1597 v1.
1752 1557 1802 1596 ef.

215 1617 266 1657 H.
297 1616 437 1657 Iacobi
467 1615 505 1654 V
538 1628 760 1657 cocxnvm.

960 1697 1050 1740 273

500 1781 652 1824 δεινὸν
683 1778 917 1836 πένεσθαι,
950 1787 1102 1838 χεῖρον
1134 1781 1347 1839 εὐπορεῖν
1379 1788 1535 1832 κακῶς.

330 1868 568 1919 Anonymus
594 1867 721 1907 Walz,
752 1868 870 1907 Rhet.
902 1868 943 1907 II
977 1869 1032 1908 23
1065 1866 1107 1907 τὸ
1141 1868 1310 1908 διπλοῦν
1341 1867 1384 1909 ἐκ
1416 1867 1490 1909 δύο
1517 1875 1799 1920 καταφατικῶν

211 1926 273 1978 ὄν,
306 1923 393 1968 οἷον
424 1930 502 1968 κτλ.
554 1925 604 1967 οὐ
634 1932 827 1967 τοσοῦτον
858 1925 1069 1968 ἀντίκειται
1100 1930 1153 1984 τῷ
1185 1926 1310 1985 ἁπλῷ.
1359 1930 1594 1980 Doxopater
1632 1930 1728 1969 ibid.
1760 1930 1801 1969 II

212 1991 311 2028 298.
333 1990 357 2028 9
392 1987 511 2040 διπλῆ
538 1982 717 2041 (γνώμη)
756 1984 782 2039 ἡ
809 1986 883 2028 δύο
916 1985 988 2039 μὲν
1020 1986 1270 2040 ἀποφάνσεις
1300 1986 1327 2041 ἢ
1353 1987 1419 2028 καὶ
1454 1988 1614 2037 πλείους
1645 1987 1803 2041 ἔχουσα,

211 2045 352 2099 ὁμοίας
384 2045 427 2088 δὲ
458 2045 643 2099 ἀλλήλαις
674 2045 742 2087 καὶ
771 2052 843 2088 τοῦ
875 2046 999 2088 αὐτοῦ
1033 2047 1179 2100 εἴδους,
1212 2043 1301 2088 οἷον
1331 2051 1410 2088 κτλ.
1442 2045 1594 2101 (χεῖρον
1626 2044 1698 2103 δ’.)

956 2164 1044 2209 274

491 2223 696 2280 ’ἀπόδυθι
720 2235 900 2294 ταχέως,
927 2235 1148 2294 Πάμφιλ’·
1172 2234 1384 2295 ἡμέτερος
1410 2237 1434 2281 ὁ
1459 2241 1611 2289 πλοῦς.

328 2324 499 2364 Bekker.
531 2323 680 2364 Anecd.
713 2326 814 2376 427,
847 2326 901 2364 26
936 2323 1155 2365 ἀπόδυσαι·
1188 2327 1337 2376 μᾶλλον
1369 2321 1406 2364 δ’
1442 2323 1643 2365 ἀπόδυθι·
1677 2321 1797 2378 (ἀπό-

210 2383 312 2423 δυθι
338 2383 427 2423 add.
448 2379 587 2438 Mein.)
607 2382 765 2438 ταχέως,
785 2384 982 2436 Παμφίλη
1003 2387 1081 2425 κτλ.
1113 2381 1296 2437 Πάμφιλ’
1320 2385 1440 2425 Mein.
1461 2406 1510 2412 —
1535 2385 1798 2425 Ruhnkenius

209 2443 375 2483 Auetar.
415 2443 588 2495 Hesych.
620 2444 641 2483 Ι
675 2446 788 2485 1706
831 2443 1167 2496 ἀποθευσόμεθα·
1211 2443 1571 2498 ἀποδραμούμεθα.
1633 2444 1800 2497 μάλιστα

208 2501 273 2542 ἐπὶ
290 2505 394 2543 πλοῦ
414 2500 574 2557 λέγεται.
623 2502 780 2557 ταχέως,
801 2505 1008 2557 Παμφίλη,
1040 2502 1226 2558 ἡμέτερος
1249 2502 1270 2544 6
1289 2507 1425 2554 πλοῦς.
1471 2501 1635 2544 ‘excidit
1654 2518 1800 2544 nomen

208 2563 351 2602 comici
383 2565 425 2602 eb
463 2560 624 2603 fabulae
657 2567 698 2604 et
728 2565 948 2616 repetitum
986 2563 1179 2606 ἀπόδυθι.
1228 2565 1424 2617 Παμφίλη
1463 2565 1681 2605 ridiculum
1716 2571 1798 2605 est:

206 2635 289 2662 non
320 2623 506 2663 solebant
537 2624 726 2664 mulieres
758 2621 987 2666 ἀποδῦναι’.
1050 2624 1177 2665 Cobet
1207 2625 1256 2666 N.
1289 2626 1314 2665 l.
1349 2627 1415 2666 50.

950 2742 1038 2785 275

494 2809 592 2855 οὐδ’
623 2809 884 2869 Ἰταλιώτης,
917 2810 1016 2856 οὐδ’
1051 2813 1223 2866 ἀλαζὼν
1254 2812 1462 2869 οὐδαμῶς

325 2898 553 2950 Hesychius
593 2895 811 2952 Ἰταλιώτης
860 2904 938 2941 κτλ.
1009 2900 1092 2941 ἐπεὶ
1142 2901 1185 2941 οἱ
1223 2899 1507 2954 Πυθαγορικοὶ
1555 2898 1600 2939 ἐν
1646 2896 1805 2956 Ἰταλίᾳ

208 2955 427 3011 διέτριβον,
466 2957 568 2999 ἔνθα
600 2957 724 3010 φασὶν
756 2959 902 3010 αὐτοὺς
933 2959 999 3001 καὶ
1032 2960 1341 3014 ε’μπυρισθῆναι.
1403 2960 1572 3000 Photius
1610 2962 1707 3013 117,
1743 2963 1796 3000 14
