2014 3334
737 229 942 264 ΑΔΗΑΩΝ
966 230 1227 264 ΔΡΑΜΑΤΩΝ
1684 230 1772 272 215

189 341 364 443 ξοήὲἓεὸ
395 340 638 441 {flvmen}
674 339 926 382 ὑπόπτευε.
987 342 1036 383 de
1076 343 1160 383 ictu
1191 343 1449 383 insolentiore
1481 344 1530 383 cf.
1562 342 1770 394 Aristoph.

207 415 239 443 r.
360 432 371 455 ‚
463 431 473 442 .

935 483 1020 526 765

404 565 614 610 ἀσπίδιον
646 565 865 623 ἐπριάμην
897 582 940 609 τι
971 564 1044 610 καὶ
1075 569 1325 624 μαχαίριον.

309 654 538 706 Stephanus
569 654 666 706 Byz.
704 649 840 701 Ἀσπίς
863 684 872 694 .
899 685 907 693 .
937 685 944 693 .
969 652 1048 694 ἔστι
1091 651 1134 694 δὲ
1177 660 1292 694 τοῦτο
1337 650 1617 710 (ἀσπιδιώτης)
1661 655 1769 709 παρὰ

188 713 231 755 τὸ
261 712 461 755 ἀσπίδιον.
523 711 767 773 Μένανδρος
798 716 876 754 κτλ.

907 890 909 893 r
940 831 1025 874 766

402 916 679 972 φοβούμενοι
709 916 759 959 τὸ
790 919 922 959 θεῖον
954 913 1026 958 ἐπὶ
1056 921 1138 958 τοῦ
1169 922 1253 958 σοῦ
1285 915 1462 967 πάθους
1497 941 1551 947 -

306 1004 519 1044 Nemesius
549 1004 643 1043 Nat.
669 1004 774 1043 hom.
806 1018 844 1055 p.
878 1005 961 1043 179
995 1007 1176 1054 φυσικῶς
1208 1000 1374 1055 ὁρῶντές
1404 1017 1514 1051 τινας
1544 1003 1766 1056 πάσχοντας

187 1063 494 1116 συστελλόμεθα,
525 1061 579 1112 ὡς
610 1063 760 1116 εἴρηται
789 1065 918 1111 καλῶς
948 1061 1016 1103 καὶ
1035 1062 1265 1119 Μενάνδρῳ
1296 1062 1339 1103 τό
1371 1065 1449 1102 κτλ.
1499 1061 1578 1103 ἀπὸ
1610 1065 1763 1104 Nauck.

185 1124 311 1165 Arist.
343 1125 437 1177 Byz.
473 1126 571 1165 242.
633 1125 805 1165 forssasse
836 1123 1092 1164 adiciendum
1124 1122 1520 1175 συστελλόμεσθα.

927 1253 1021 1296 767

399 1345 514 1395 μισῶ
545 1339 761 1395 πονηρόν,
793 1338 987 1395 χρηστὸν
1018 1337 1125 1380 ὅταν
1158 1341 1258 1394 εἴπῃ
1290 1338 1439 1392 λόγον.

303 1426 503 1467 Stobaeus
522 1426 662 1466 Floril.
683 1428 722 1480 2,
743 1427 767 1466 5
802 1425 1052 1479 Μενάνδρου
1071 1424 1121 1464 Α.
1165 1426 1335 1464 monost.
1358 1426 1456 1464 352.
1501 1424 1648 1464 Anton.
1670 1425 1761 1464 Mel.

182 1501 222 1538 p.
255 1488 353 1536 278,
388 1488 454 1526 12.
505 1485 600 1526 ὅταν
632 1485 743 1526 Stob.
776 1483 990 1539 Ant.].‹'2¹cv.
1032 1487 1081 1526 cf.
1115 1485 1161 1525 G.
1193 1485 1351 1524 Kaibel.
1377 1485 1515 1538 Epigr.
1547 1499 1584 1536 p.
1605 1498 1706 1524 xxm
1725 1498 1761 1525 n.

186 1549 299 1588 1117
313 1547 432 1588 asW.
463 1547 611 1599 Meyer.
655 1546 797 1586 Urbin.
828 1546 1013 1587 Gnomol.
1043 1561 1082 1598 p.
1116 1547 1200 1586 426
1234 1559 1271 1584 n.
1306 1546 1373 1584 26.

927 1675 1012 1718 768

398 1760 723 1816 ἀσυλλόγιστόν
755 1759 876 1803 ἐστιν
906 1758 934 1814 ἡ
966 1760 1170 1816 πονηρία.

303 1848 501 1888 Stobaeus
532 1847 671 1888 Floril.
705 1849 744 1899 2,
778 1849 802 1887 6
835 1844 1086 1901 Μενάνδρου
1118 1846 1166 1886 Α.
1217 1847 1386 1886 monost.
1421 1847 1488 1885 50.

932 1976 1018 2019 769

397 2061 570 2104 ἅπαντα
602 2061 743 2104 δοῦλα
773 2065 855 2103 τοῦ
886 2067 1076 2117 φρονεῖν
1108 2060 1383 2103 καθίσταται.

239 2137 242 2139 ’
301 2148 500 2189 stobaeus
531 2147 670 2187 Floril.
697 2149 736 2198 3,
771 2150 822 2187 11
858 2146 1108 2200 Μενάνδρου
1135 2148 1183 2187 Α.
1233 2147 1416 2198 Apostol.
1450 2149 1486 2195 3,
1522 2147 1610 2186 63b
1644 2148 1758 2185 Μεν-

182 2207 347 2261 άνδρου.
408 2208 568 2248 Maxim.
599 2207 719 2247 Conf.
753 2210 797 2258 2,
837 2210 888 2247 11
930 2222 969 2260 p.
1002 2210 1086 2248 134
1127 2207 1336 2248 Combefis.
1398 2207 1544 2246 Anton.
1576 2207 1668 2245 Mel.
1702 2208 1755 2245 26

181 2283 219 2320 p.
253 2271 321 2309 38.
381 2273 452 2309 τοῦ
485 2268 651 2308 AVoss.
684 2267 796 2318 Ant]
828 2269 892 2324 τῷ.

925 2385 1012 2428 770

395 2470 570 2526 τυφλόν
601 2484 642 2512 τι
673 2468 891 2525 τᾶνόητον
922 2464 1043 2512 εἶναί
1069 2484 1144 2524 μοι
1177 2469 1309 2510 δοκεῖ.

302 2557 499 2596 stobaeus
518 2557 658 2597 Floril.
678 2558 717 2608 4,
743 2558 795 2596 13
829 2555 1079 2609 Μενάνδρου
1111 2555 1159 2594 A.
1208 2551 1233 2605 ἡ
1266 2554 1360 2606 τύχη
1389 2551 1394 2607 Ι
1422 2552 1573 2604 τυφλόν
1604 2569 1639 2592 τι
1669 2552 1756 2593 κάν.

181 2617 384 2657 Herwerd.
417 2615 510 2656 Obs.
541 2617 631 2657 crit.
665 2618 762 2657 123.

929 2709 1012 2751 771

396 2792 560 2849 ἀνδρὸς
590 2793 644 2835 τὰ
674 2794 1008 2849 προσπίπτοντα
1039 2792 1253 2846 γενναίως
1284 2787 1448 2845 φέρειν.

261 2885 268 2892 “
301 2879 501 2919 Stobaeus
539 2879 678 2919 Floril.
711 2881 785 2931 7p.
825 2882 880 2920 98
921 2879 1084 2918 Gesner.
1146 2878 1314 2917 monost.
1350 2877 1416 2915 13.
1467 2888 1543 2915 om.
1576 2876 1753 2928 Grotius,

183 2939 439 2991 Gaisfordus,
468 2939 693 2979 Meinekius
724 2940 767 2978 in
797 2940 858 2979 ed.
889 2938 1001 2979 Stob.
