2014 3334
285 243 372 286 598
618 242 621 247 ¹
942 245 1203 278 ΑΔΕΣΗΟΤΑ

286 355 352 395 δία
379 366 431 395 στ.
452 357 571 394 καλεῖ.
602 355 826 406 Hesychius
853 354 1133 408 σπόρθυγγες·
1171 355 1216 394 αἱ
1242 353 1576 408 συνεστραμμένου
1601 354 1694 407 μετὰ
1719 331 1849 408 ῥύπου

286 415 419 466 τρίχες.
468 415 640 453 Lobeok.
670 414 825 453 Pathol.
858 415 906 453 el.
937 415 957 453 I
991 417 1086 455 140.
1143 411 1354 468 ’στόρθυγξ
1391 416 1619 466 adpellatur
1654 416 1850 468 quidquid

287 476 430 512 durum
462 474 734 524 torridumque
767 477 829 513 est
859 476 900 513 et
930 474 972 513 in
1001 476 1162 514 acutum
1193 470 1366 515 desinit'.
1403 475 1570 515 Meinek.
1597 472 1781 516 Theoer.³
1810 491 1850 528 p.

287 535 369 573 401
403 535 483 573 nob.

1015 590 1128 633 1153

572 648 840 704 στρατύλλαξ

406 734 543 774 Cicero
575 735 648 785 Ep.
679 735 766 774 Aua.
803 737 866 785 16,
902 737 968 786 15,
1001 738 1024 775 3
1065 737 1214 775 videtur
1254 734 1487 789 στρατύλλαξ
1518 737 1582 776 ille
1613 738 1776 777 deiectus
1805 740 1851 778 de

286 796 424 844 yradu.
474 794 590 833 indic.
613 795 779 833 Meinek.
825 795 1041 834 Stratullax
1061 797 1123 834 est
1149 808 1287 835 servus
1307 796 1541 835 Truculenti
1561 796 1746 836 Plauffini.
1800 798 1850 836 cf.

290 854 454 893 Ritschl.
487 852 630 906 Opusc.
662 854 723 892 III
755 856 852 894 330.
886 855 983 893 342.
1005 856 1042 894 3.

1014 973 1033 1012 1
1044 971 1127 1012 154

574 1030 802 1083 στροβίλια

407 1115 547 1153 Pollux
581 1116 618 1164 5,
651 1117 718 1154 97.
781 1116 828 1153 cf.
863 1116 959 1154 962.

1016 1220 1036 1260 1
1047 1218 1129 1261 155

574 1278 854 1334 στρουθίζειν

405 1363 643 1403 Eustathius
683 1365 785 1414 228,
824 1366 881 1403 40
925 1362 982 1403 ὅτι
1025 1362 1102 1403 ἀπὸ
1146 1369 1214 1416 τῆς
1260 1368 1460 1417 στρουθοῦ
1503 1363 1568 1404 καὶ
1611 1367 1855 1418 στρουθίζειν

289 1422 331 1463 τὸ
364 1422 525 1470 εὐτελῶς
555 1437 639 1469 πως
669 1419 794 1478 ᾄδειν,
827 1423 943 1474 δηλοῖ
968 1422 1035 1462 καὶ
1065 1421 1085 1463 ὁ
1116 1422 1298 1475 κωμικός.
1347 1426 1388 1463 eb
1410 1426 1534 1476 1411,
1557 1427 1610 1465 15
1643 1423 1684 1464 τὸ
1717 1436 1855 1478 στρου-

289 1483 428 1533 θίζειν,
454 1481 476 1521 ὅ
495 1493 619 1533 φησιν
639 1479 660 1521 ὅ
679 1481 863 1534 κωμικός,
889 1481 931 1522 ἐκ
954 1479 1247 1535 τῆς-Ὁμηρικῆς
1270 1488 1465 1536 παρῆκται
1491 1487 1701 1535 στρουθοῦ.
1738 1485 1855 1525 Phot.

289 1541 548 1593 στρουθίζων·
592 1541 741 1593 τρίζων.
802 1542 908 1581 inter
943 1542 1227 1593 Aristophanis
1264 1544 1490 1594 fragmenta
1527 1539 1665 1597 (717)
1703 1545 1855 1595 recepit

289 1601 519 1641 Dindorfius
551 1615 589 1652 p.
622 1603 719 1641 243.

1014 1718 1035 1760 1
1044 1716 1128 1760 156

574 1775 796 1832 συβριάζει

409 1848 682 1903 σοβαρεύεται,
713 1852 856 1905 τρυφᾷ.
888 1850 1128 1902 Hesychius.
1177 1853 1225 1890 cf.
1256 1852 1469 1902 Phrynich.
1502 1865 1599 1891 com.
1633 1854 1699 1891 64.

1021 1967 1131 2009 1157

577 2025 890 2089 ovymyffeo‘mffv·

411 2099 553 2138 Pollux
588 2101 625 2149 6,
661 2102 741 2139 159
775 2096 801 2150 ἡ
833 2100 1020 2155 κωμῳδία
1051 2098 1116 2140 καὶ
1147 2111 1180 2140 σ.

1018 2216 1131 2259 1158

576 2274 817 2331 συκάστρια

411 2358 691 2412 συκοφάντρια.
734 2359 971 2410 Hesychius.

1021 2452 1133 2494 1159

577 2511 848 2566 συκηγορίαν

410 2582 482 2635 τὴν
507 2583 551 2623 ἐν
580 2586 633 2639 τῷ
658 2581 781 2636 λέγειν
808 2584 1088 2635 συκοφαντίαν.
1120 2584 1356 2635 Hesychius.
1402 2580 1466 2623 eox
1491 2585 1638 2624 comico
1669 2586 1716 2624 ut
1746 2585 1854 2624 vide·

198 2628 212 2633 “
292 2640 387 2683 tur’.
439 2644 573 2694 Steph.
607 2643 722 2683 Thes.

1020 2723 1134 2766 1160

583 2784 851 2839 Ταρταρίτης

412 2857 637 2907 Stephanus
674 2858 767 2908 Byz.
808 2856 1016 2908 Τάρταρος.
1072 2854 1092 2896 ὅ
1130 2855 1296 2909 οἰκήτωρ
1339 2855 1550 2908 Ταρτάριος
1587 2887 1594 2894 .
1627 2885 1637 2895 .
1669 2886 1678 2896 .
1709 2853 1775 2894 καὶ
1811 2854 1853 2895 τὸ

293 2914 468 2966 κωμικὸν
504 2915 748 2968 Ταρταρίτης.
798 2916 1080 2966 Aristophanis
1110 2915 1316 2966 Πυκνίτην
1347 2916 1419 2966 Eq.
1451 2917 1507 2955 42
1541 2915 1711 2955 contulit
1735 2915 1855 2954 Mein.-
