2014 3334
0 714 10 759 ἓ

0 760 7 786 2

0 794 20 830 ι.

460 233 839 268 ΑΠΟΛΑΟΔΩΡΟΤ
864 234 966 268 ΤΟΤ
992 234 1216 268 ΓΕΛΩΙΟΤ
1242 235 1551 269 ΦΙΛΑΔΕΛΦΟΙ
1710 233 1796 276 279

215 349 253 388 3.
278 346 478 400 πεποίηκα
495 345 800 398 Dalecampius]
821 346 1041 399 πεποίηκας
1054 347 1102 386 Α.
1141 344 1412 403 ἀπολειπούσῃ
1430 347 1467 386 Α
1487 343 1585 400 (non
1604 343 1797 401 ἀπολιπ.).

212 407 395 460 loquitur
424 406 572 447 mulier
609 402 667 446 ‘in
698 407 915 447 cisternam
946 406 1205 458 descensura,
1236 408 1409 447 fortasse
1440 410 1488 447 ut
1519 420 1544 447 a
1568 407 1705 447 mariti
1735 407 1797 447 in-

212 467 329 508 iuriis
361 480 403 508 se
434 468 633 508 tueretur.
683 466 829 507 situlae
861 468 978 507 funes
1008 467 1186 508 solveiat
1204 469 1250 506 ut
1270 468 1420 507 scalam
1445 467 1658 507 conficeret
1683 468 1798 507 cuius

213 541 288 578 ope
319 528 361 568 in
385 529 555 579 puteum
580 523 868 567 descenderet?
919 527 1038 567 Mein.
1058 529 1106 567 cf
1126 527 1291 579 Lysipp.
1317 531 1353 567 1.
1397 541 1644 579 quamquam
1674 528 1797 567 etiam

213 587 295 628 alia
325 588 482 629 ratione
514 588 613 628 haec
645 587 837 638 explicari
867 590 1048 638 possunt.

741 703 1270 738 ΓΡΑΜΜΑΤΕΙΔΙΟΠΟΙΟΣ

332 781 478 821 Pollux
508 783 636 833 4,19
681 781 947 834 γραμματεῖον
985 778 1094 832 παρὰ
1133 782 1215 828 τοῖς
1241 775 1429 827 Ἀττικοῖς
1466 778 1532 819 καὶ
1564 778 1614 820 ἐν
1647 772 1678 837 ᾧ
1715 779 1797 833 ἀρ-

211 840 383 895 γύριον
414 839 638 881 ἀπέκειτο
670 871 680 881 .
701 873 708 880 .
730 872 738 881 .
773 840 816 881 οἱ
843 837 886 880 δὲ
918 839 1102 893 νεώτεροι
1134 838 1230 880 αὐτὸ
1261 838 1328 879 καὶ
1359 822 1664 893 ἀργυριοθήκην
1696 837 1798 880 ὠνό-

212 902 348 953 μαζον.
394 897 698 953 Ἀπολλοδώρου
731 898 774 941 δὲ
805 905 875 940 τοῦ
908 897 1067 957 Γελῳου
1105 898 1172 940 καὶ
1204 900 1334 951 δρᾶμα
1366 898 1469 939 ἔστιν
1501 898 1522 940 ὁ
1552 902 1797 953 Γραμματει-

213 957 977 1013 διοποιός.’7,19οἘκπωματοποιὸς
1016 960 1147 1013 δρᾶμα
1174 956 1369 1008 Ἀλέξιδος
1399 958 1467 1000 καὶ
1485 961 1797 1013 Γραμματειδιο-

211 1019 327 1069 ποιὸς
352 1017 656 1075 Ἀπολλοδώρου
689 1016 834 1096 (etiam
864 1015 1075 1075 Carystii).
1124 1021 1364 1072 Harpocrat.
1398 1022 1467 1071 33,
1499 1023 1526 1060 4
1559 1023 1600 1060 et
1625 1021 1798 1061 Bekker.

212 1082 362 1122 Anecd.
395 1083 495 1131 443,
530 1084 553 1122 6
600 1081 708 1122 διττὰ
750 1097 804 1134 ην
846 1080 1131 1134 γραμματείδια
1175 1075 1235 1128 οἷς
1276 1079 1444 1133 ἐχρῶντο
1477 1076 1708 1132 Ἀθηναῖοι,
1750 1080 1798 1120 τὰ

212 1138 285 1194 μὲν
323 1140 421 1182 ὥστε
456 1142 626 1195 γράφειν
659 1141 785 1194 μόνον
823 1156 860 1181 τι
896 1140 940 1181 ἕν
977 1139 1131 1192 αὐτοῖς,
1172 1139 1219 1180 τὰ
1251 1138 1294 1180 δὲ
1331 1138 1396 1180 καὶ
1438 1139 1534 1181 ωστε
1565 1139 1798 1194 ἀργυρίδιον

211 1201 509 1242 κατατύθεσθαι.
570 1201 745 1253 Ηθεγοὶι.
783 1200 1063 1254 ἀργυροθήκη·
1119 1199 1162 1240 τὸ
1205 1199 1398 1255 ἀργυρίου
1443 1196 1660 1254 (ἀργυριον
1692 1198 1796 1255 cod.)

212 1262 531 1316 γραμματείδιον.
582 1263 700 1302 Mein.
720 1263 753 1301 v-I
785 1264 884 1302 461.
949 1261 1019 1301 alii
1063 1256 1225 1314 (contra
1269 1261 1448 1302 Pollucis
1492 1257 1795 1316 auctoritatem)

213 1323 340 1362 litium
361 1326 660 1373 procuratorem
690 1323 1023 1373 interpretantur.

993 1439 1021 1482 2

500 1522 662 1581 μεταξὺ
693 1530 784 1566 τῶν
816 1512 964 1578 λόγων
996 1520 1060 1578 δέ,
1091 1522 1221 1565 τουτί
1248 1537 1324 1577 μοι
1357 1522 1483 1565 δοκεῖ

498 1595 814 1652 κυμινοδόκην,
848 1594 902 1637 οὐ
934 1601 1237 1651 γραμματεῖον
1268 1592 1541 1651 περιφέρειν.

330 1684 476 1723 Pollux
509 1685 576 1734 10,
611 1685 665 1723 93
699 1680 742 1721 ἐν
773 1683 827 1738 τῷ
858 1685 928 1722 τοῦ
961 1678 1120 1738 Γελῴου
1148 1677 1452 1735 Ἀπολλοδώρου
1485 1683 1524 1720 Γ
1519 1682 1796 1734 ραμματειδιο

210 1745 313 1800 ποιῷ
333 1742 579 1795 κυμινοδόκη
598 1745 676 1782 κτλ
734 1740 876 1794 μεταξὺ
899 1723 1177 1795 (τῶν)λόγων“
1182 1742 1509 1810 conloquentium
1529 1745 1591 1781 est
1610 1743 1795 1793 formula,

211 1805 254 1843 in
285 1817 367 1856 qua
397 1806 460 1843 est
490 1803 696 1843 excusatio
722 1802 921 1852 quaedam
953 1802 1118 1852 abrupti
1150 1802 1284 1841 subito
1317 1802 1512 1841 sermonis
1539 1804 1580 1841 et
1606 1802 1657 1841 ad
1683 1803 1795 1842 aliud

212 1860 402 1904 deducti?
452 1863 662 1903 Heindorf.
693 1863 795 1902 Plat.
823 1862 992 1901 Phaedr.
1027 1863 1113 1902 230
1124 1875 1159 1901 a.
1209 1863 1258 1901 cf.
1287 1862 1453 1902 Lucian.
1479 1861 1596 1901 Char.
1619 1864 1674 1901 24
1706 1863 1794 1902 init.

212 1924 315 1963 Dial.
348 1925 465 1963 mort.
501 1925 568 1975 10,
603 1925 656 1962 12
689 1922 775 1962 init.
809 1917 942 1972 ‘quod
963 1934 1098 1961 secum
1130 1923 1268 1973 portat
1298 1922 1388 1972 iste,
1418 1935 1497 1961 non
1529 1925 1794 1975 γραμματεῖον

212 1984 312 2023 mihi
343 1996 429 2023 esse
463 1983 632 2034 videtur,
665 1983 734 2022 sed
767 1981 916 2021 cumini
947 1977 1261 2032 repositorium?
1310 1981 1428 2020 Mein.

667 2097 992 2132 ΔΕΤΣοΠοΙοΣ
1042 2097 1264 2131 ΣιΣΤΦοΣ
1289 2097 1337 2142 (v)

331 2176 369 2215 A
384 2175 508 2224 Suida
527 2176 903 2224 commemorantur,
917 2174 1029 2225 prior
1048 2173 1168 2213 etiam
1191 2173 1241 2212 ab
1256 2173 1448 2212 Eudocia.
1467 2173 1585 2212 Mein.
1601 2174 1619 2212 Ι
1641 2175 1739 2214 460.
1756 2178 1792 2214 1.

625 2291 937 2324 ΦΙΛΑΔΕΛΦΟΙ
962 2291 998 2323 Η
1022 2289 1385 2324 ΑΠΟΚΑΡΤΕΡΩΝ

332 2367 392 2407 Cf.
430 2380 532 2419 quae
577 2367 628 2407 ad
670 2367 917 2419 Antiphanis
958 2362 1322 2419 Ἀποκαρτεροῦντα
1365 2368 1407 2405 et
1451 2365 1614 2404 Timocl.
1651 2366 1722 2414 18,
1765 2366 1791 2403 4

212 2427 505 2467 adnotavimus.

985 2508 1012 2550 3

714 2591 871 2647 ἐφεξῆς
903 2588 1140 2646 στρώματ’,
1174 2590 1484 2646 ἀργυρώματα,

498 2661 572 2706 καὶ
605 2665 859 2720 Θηρίκλειοι
890 2662 964 2706 καὶ
995 2663 1182 2719 τορευτὰ
1213 2664 1432 2715 πολυτελῆ

499 2734 671 2791 ποτήρι’
708 2734 844 2791 ἕτερα.

332 2822 564 2861 Athenaeus
594 2824 660 2872 11,
691 2823 811 2861 4720
837 2817 1133 2872 Ἀπολλόδωρος
1164 2818 1184 2859 ὃ
1211 2821 1365 2874 Γελῷος
1396 2817 1439 2858 ἐν
1467 2816 1733 2869 Φιλαδέλφοις
1763 2817 1790 2871 ἢ

207 2878 564 2933 Ἀποκαρτεροῦντί
584 2892 710 2933 φησιν
734 2883 811 2921 κτλ.
876 2884 913 2920 2.
939 2879 1005 2920 καὶ
1030 2881 1116 2919 init.
1138 2880 1227 2919 add.
1248 2880 1395 2918 Naber.
1414 2879 1560 2918 Mnem.
1585 2892 1675 2919 nov.
1689 2879 1788 2918 VIII

214 2943 313 2981 427.
348 2941 558 2994 Θηρίκλεια
576 2941 742 2982 Porson.
790 2939 858 2980 καὶ
887 2938 1050 2992 τορευτὰ
1083 2937 1265 2990 Porson.]
1299 2937 1477 2991 τορευταὶ
1507 2934 1604 2992 (om.
1629 2935 1714 2992 καὶ)
1741 2939 1789 2978 A.
