2014 3334
220 211 309 253 294
601 255 604 259 ,
822 214 1199 249 ΑΠΟΛΛοΔῼΡοΤ

218 321 418 371 πέποιθας
460 324 710 375 interpunxit
747 327 788 364 et
828 339 931 376 quae
971 329 1197 379 sequuntur
1227 340 1298 378 per
1334 327 1691 379 insserrogationem
1723 341 1791 368 ex·
1851 367 1854 370 ,

218 384 316 422 tulit
334 383 380 423 K.
398 397 492 434 >quo
523 384 631 423 facto
657 398 736 424 non
768 398 868 436 opus
895 389 956 426 est
974 387 1113 426 Bothii
1138 387 1412 427 emendatione
1444 386 1519 427 οὐκ
1550 382 1628 427 οἶδ’
1663 387 1792 436 ὅπως

219 441 419 491 πέποιθας
450 441 637 499 ἀργυρίῳ.

982 526 1035 568 17

434 608 627 663 χαλεπὸν
657 608 766 664 τύχη
795 606 881 651 ’στὶ
912 615 1104 665 πρᾶγμα,
1137 612 1346 666 χαλεπόν·
1379 610 1490 654 ἀλλὰ
1522 612 1594 653 δεῖ

436 678 577 734 αὐτὴν
608 678 763 737 φέρειν
794 681 903 723 κατὰ
933 683 1099 738 τρόπον
1131 683 1276 739 ὥσπερ
1308 685 1508 739 φορτίον.

342 777 535 817 Stobaeus
555 778 693 818 Floril.
718 781 811 829 108,
833 781 886 819 36
916 775 1215 832 Ἀπολλοδώρου
1241 782 1290 820 Α.
1339 781 1434 833 τύχη
1461 778 1537 821 ’στὶ
1567 781 1788 833 Porsonus]

221 835 338 888 τύχης
358 851 404 876 τι.
441 836 560 889 τύχης
578 836 620 877 τὸ
641 838 685 878 Β.
723 838 880 890 τύχηστι
898 839 1014 880 Vind.
1052 839 1150 880 κατὰ
1168 840 1325 893 τρόπον,
1358 843 1405 880 cf.
1428 842 1645 892 Antiphan.
1671 844 1738 893 39,
1755 845 1791 883 2.

982 968 1036 1011 18

438 1049 603 1105 χρόνον
633 1050 718 1106 γὰρ
750 1051 812 1100 εἰς
842 1051 896 1093 τὰ
925 1050 1143 1107 πράγματ’
1181 1051 1236 1094 ἂν
1268 1052 1418 1109 λάβῃς,

437 1120 610 1163 ἅπαντα
642 1120 760 1177 λήξει
792 1120 865 1165 καὶ
895 1124 1280 1179 κατασταλήσεται.

344 1219 540 1259 Stobaeus
560 1220 696 1260 Floril.
717 1223 783 1271 29,
805 1223 860 1260 43
889 1218 1191 1275 Ἀπολλοδώρου
1222 1224 1352 1263 Trino.
1403 1215 1604 1265 ἀπολλοδό
1623 1225 1795 1266 Vindob.

225 1279 338 1318 deest
374 1280 514 1330 ecloga
550 1280 592 1318 in
623 1280 670 1319 A.
724 1283 759 1320 1.
792 1281 945 1334 βραχύν
983 1283 1023 1321 in
1060 1284 1170 1322 exitu
1201 1283 1290 1322 add.
1318 1283 1433 1323 Vind.
1468 1286 1507 1323 et
1538 1279 1601 1324 B2.
1652 1283 1796 1337 χρόνον

224 1337 298 1391 γὰρ
331 1337 470 1378 ἰκανὸν
496 1338 604 1378 Grot.
638 1354 710 1380 ms.
743 1338 794 1380 ἂν
819 1340 955 1392 Mein.]
991 1340 1071 1382 ἐὰν.
1153 1345 1190 1382 2.
1227 1342 1554 1395 κατασταλήσεται
1588 1346 1796 1384 sedabitur.

225 1399 394 1438 verbum
424 1399 673 1450 philosophis
704 1401 746 1439 in
776 1401 851 1440 tali
882 1415 925 1440 re
956 1402 1166 1442 usitatum.

989 1542 1040 1583 19

440 1623 651 1678 μάστιγος
682 1623 817 1679 οὔσης
849 1623 984 1681 ὅρκον
1016 1623 1161 1682 οἰκέτῃ
1194 1626 1350 1677 δίδως;

263 1767 272 1783 ’
313 1766 322 1782 Ι
348 1709 544 1749 Stobaeus
569 1710 704 1750 Floril.
727 1712 794 1763 27,
829 1713 851 1750 7
880 1707 1181 1764 Ἀπολλοδώρου
1213 1713 1260 1751 A.
1311 1710 1440 1768 οἰκέτῃ
1468 1707 1560 1751 ΑΒ2
1591 1712 1795 1764 Damaso]

228 1783 368 1808 ουκετι.

985 1852 1043 1893 20

443 1908 694 1965 ἐργοδοτῶν

348 1993 400 2043 ὡς
440 1994 515 2035 κάν
558 2001 603 2051 τῇ
648 1996 856 2052 συνηθείᾳ.
911 1993 1216 2050 Ἀπολλόδωρος.
1262 1998 1430 2037 Bekker.
1462 1998 1611 2038 Anecd.
1651 2001 1726 2049 94,
1760 2001 1797 2038 5.

229 2055 481 2106 Phrynichus
513 2056 621 2106 Epit.
654 2058 739 2096 344
784 2055 991 2110 ἐργοδότης
1029 2056 1078 2097 οὐ
1114 2060 1255 2108 κεῖται,
1293 2056 1335 2097 τὸ
1368 2055 1410 2097 δὲ
1441 2056 1661 2111 ἕργοδοτεῖν
1692 2058 1798 2110 παρά

230 2129 305 2154 τινι
336 2120 414 2154 τῶν
445 2113 644 2167 νεωτέρων
669 2117 886 2172 κωμῳδῶν,
918 2112 977 2164 οἷς
1001 2115 1067 2156 καὶ
1093 2116 1226 2164 αὐτοῖς
1251 2115 1299 2156 οὐ
1325 2115 1513 2158 πειστέον.
1560 2119 1606 2157 cf.
1627 2118 1798 2157 Lobeck.

987 2245 1043 2287 21

445 2301 643 2358 μέλασμα

351 2387 392 2428 τὸ
424 2388 561 2440 βάμμα
591 2393 659 2440 τῆς
692 2392 877 2441 κεφαλῆς.
923 2385 1226 2442 Ἀπολλόδωρος.
1276 2390 1444 2430 Photius
1477 2392 1575 2442 255,
1608 2393 1645 2431 8.
1698 2393 1797 2432 Poll.

235 2450 272 2498 2,
305 2449 359 2488 35
393 2446 568 2500 μέλασμα
599 2446 641 2488 τὸ
672 2453 741 2500 τῆς
771 2447 897 2501 κόμης
927 2448 1074 2502 βάμμα.

989 2577 1046 2619 22

448 2633 574 2691 §dgna

354 2719 442 2759 ἀντὶ
483 2726 553 2760 τοῦ
597 2723 842 2774 καταβαλεῖν.
904 2722 1028 2770 οὕτως
1059 2718 1363 2775 Ἀπολλόδωρος.
1425 2723 1594 2763 Phoizius
1629 2725 1728 2772 483,
1760 2725 1799 2762 5.

233 2781 405 2819 Bekker.
424 2780 572 2820 Anecd.
598 2783 692 2832 113,
716 2785 767 2821 12
795 2781 925 2834 ράξαι·
957 2780 1045 2822 ἀντὶ
1068 2787 1138 2821 τοῦ
1163 2783 1409 2835 καταβαλεῖν.
1451 2783 1655 2823 Demosth.
1683 2784 1751 2833 54,
1773 2784 1798 2821 8

234 2837 560 2888 ὑποσκελίσαντες
590 2839 655 2880 καὶ
687 2840 871 2894 ῥάξαντες
902 2841 957 2890 εἰς
987 2840 1054 2881 τὸν
1084 2840 1294 2895 βόρβορον.
