2014 3334
251 215 338 258 552
611 226 614 231 s
893 216 1152 249 ΑΔΕΣΠΟΤΑ

253 327 447 376 Seriphios
488 326 639 366 Cratini
684 326 885 366 referebat
922 327 1155 367 Meinekius.
1214 328 1263 366 cf.
1299 339 1402 378 quae
1445 327 1496 366 ad
1538 328 1684 366 calcem
1728 325 1815 366 eius

253 387 481 426 comoediae
507 386 526 424 I
555 388 607 426 79
641 386 931 426 adnotavimus.
966 408 1019 413 ——
1045 400 1125 426 non
1155 400 1234 426 uno
1265 387 1382 427 modo
1413 388 1512 426 haec
1542 387 1583 425 in
1613 377 1815 425 trimetros

253 446 381 498 redigi
411 447 589 496 possunt.

990 526 1076 568 813

373 612 572 651 Aristides
597 611 637 650 II
668 612 751 650 180
777 608 914 650 Dindf.
944 611 1158 651 ridiculum
1190 612 1287 651 dicit
1312 625 1409 663 esse,
1442 613 1476 651 si
1505 612 1592 664 quis
1623 611 1818 651 Periclem

255 672 521 712 calumnietur
559 671 824 710 Athenienses
860 672 1044 723 garrulos
1075 672 1226 721 fecisse,
1265 672 1334 722 qui
1364 672 1610 711 contrarium
1642 672 1818 711 sectatus

257 733 327 771 sit:
361 730 489 783 ὥσπερ
522 728 572 770 ἂν
603 730 638 770 εἰ
667 729 734 770 τὸν
759 727 954 782 ἹΙρακλεά
981 730 1103 782 φαίης
1134 730 1225 778 τοὺς
1249 729 1492 783 ἀνθρώπους
1518 729 1662 778 ἐθίζειν
1688 727 1818 769 αὐθά-

258 792 336 838 δεις
375 786 476 830 εἶναι
499 817 522 830 .-
541 819 572 841 .,
611 789 668 829 ὅτι
699 793 778 837 τοῖς
808 789 934 838 τόξοις
964 788 1030 829 καὶ
1059 792 1112 846 τῷ
1144 789 1301 846 ῥοπάλῳ
1331 788 1482 846 περιῄει
1512 789 1720 844 χρώμενος.
1769 789 1838 828 ada

257 864 358 902 quae
395 846 516 889 solsol.
541 864 579 900 p.
606 851 713 898 481,
740 852 764 888 5
792 850 909 889 Dind.
950 845 1058 901 οἶμαι
1101 848 1166 888 διὰ
1210 855 1323 890 τοῦτο
1360 848 1579 903 προφανεὶς
1609 845 1821 895 Ὀδυσσεὺς

258 907 397 963 (quem
423 912 515 948 ante
541 909 756 948 Herculem
781 912 1162 949 commemoraverat
1186 904 1405 963 Aristides)
1430 905 1634 960 “Ηρακλεῖς
1658 905 1821 959 ἅψοφός

241 970 356 1009 ἐἰσιν
394 968 523 1020 ὥσπερ
560 967 603 1007 ε’ν
641 967 817 1019 δράματι.
879 969 936 1008 sic
967 969 1049 1008 cod.
1077 968 1199 1008 Oxon.
1238 982 1338 1020 quae
1369 969 1493 1008 verba
1523 967 1822 1018 corruptissima

259 1042 352 1069 sane
391 1029 587 1079 quomodo
627 1028 875 1066 emendanda
912 1029 992 1067 sint
1026 1029 1176 1068 nescio:
1215 1029 1285 1067 sed
1322 1029 1372 1067 ad
1410 1041 1594 1068 scaenam
1631 1028 1822 1067 comicam

258 1089 391 1128 nescio
423 1101 544 1139 quam
575 1087 763 1128 videntur
795 1090 986 1137 spectare.

995 1204 1082 1245 814

380 1290 656 1329 Tertullianus
689 1260 746 1328 De
779 1290 899 1329 anim.
925 1290 1044 1329 279b
1076 1290 1235 1338 vulyaia
1258 1292 1341 1329 iam
1361 1302 1423 1328 res
1442 1293 1496 1328 est
1510 1290 1710 1339 yentilium
1727 1300 1821 1336 pro·

252 1352 479 1399 prietatum.
529 1351 661 1388 comici
691 1350 870 1399 Phryyas
901 1351 1054 1389 timidos
1083 1351 1226 1389 dicwnt.
1274 1349 1391 1388 indic.
1416 1349 1535 1388 Mein.
1561 1348 1598 1386 V
1627 1350 1721 1387 124.

997 1464 1083 1507 815

380 1551 625 1590 Themistius
649 1553 686 1601 7,
713 1553 801 1590 91a
826 1547 912 1590 οὐδ’
943 1549 993 1590 ἂν
1018 1549 1106 1598 *εἰς
1131 1550 1209 1589 Δία
1234 1550 1327 1597 ἴσως
1350 1547 1376 1601 ἡ
1403 1550 1589 1606 κωμῳδία
1613 1554 1684 1589 τοῦ
1715 1562 1823 1600 τηνι-

260 1615 385 1650 καῦτα
417 1609 664 1662 ἀποδραθεῖν
696 1608 926 1657 ὑπεξείλετο.
955 1632 1004 1637 -
1038 1610 1093 1657 εἰς
1123 1611 1198 1649 del.
1229 1610 1364 1649 Petav.
1402 1608 1606 1665 κωμῳδία]
1640 1608 1825 1664 ῥαψῳδία

261 1671 311 1709 Η.
337 1670 473 1721 Steph.
505 1683 725 1720 perperam.
787 1671 910 1709 verba
941 1671 1119 1721 graviter
1150 1671 1339 1719 corrupta
1370 1671 1475 1708 sunt.
1536 1670 1706 1708 fortasse
1742 1668 1822 1706 fra·

262 1734 469 1782 gmentum
507 1730 720 1780 respicitur
757 1730 890 1780 adesp.
917 1731 992 1780 43,
1030 1729 1096 1769 sed
1133 1722 1254 1768 etiam
1286 1729 1396 1768 aliud
1427 1729 1579 1780 aliquid
1610 1727 1826 1779 significari

260 1792 407 1840 potest.

998 1845 1084 1888 816

381 1932 597 1981 Procopius
635 1931 763 1982 Epist.
791 1933 845 1971 82
886 1930 935 1970 σὺ
974 1929 1016 1970 δὲ
1052 1930 1093 1970 τὸ
1124 1930 1239 1982 τάχος
1270 1925 1379 1982 οἶμαι
1407 1929 1628 1982 θαυμάζων
1658 1928 1753 1982 ταχὺ
1783 1927 1826 1968 τὸ

264 1997 332 2044 τῆς
363 1991 571 2047 κωμῳδίας
603 1989 712 2044 ἐρεῖς.
760 2004 840 2030 non
871 1991 1080 2042 intellego:
1111 2004 1239 2042 neque
1271 1991 1377 2030 enim
1407 1991 1621 2042 quicquam
1645 1989 1827 2041 sequitur

263 2052 370 2103 quod
402 2051 626 2090 comoediae
658 2063 745 2090 esse
776 2052 914 2100 possit.

1000 2131 1084 2173 817

384 2216 602 2266 Procopius
638 2216 766 2266 Epist.
795 2218 875 2255 121
916 2214 1151 2266 ὑποδήματα
1186 2214 1287 2254 καλά
1322 2228 1361 2254 τε
1391 2214 1479 2254 λίαν
1510 2212 1576 2253 καὶ
1605 2212 1695 2268 περὶ
1723 2213 1828 2253 πόδα

266 2279 428 2328 μᾶλλον,
459 2273 512 2322 ὡς
541 2281 587 2330 τῇ
619 2274 951 2331 κωμῳδία-δοκεῖ
977 2307 984 2314 .
1017 2305 1026 2314 .
1058 2304 1068 2314 .
1098 2271 1322 2326 πέπομφας.
1383 2275 1434 2313 ad
1464 2274 1567 2312 Plat.
1599 2286 1697 2313 com.
1732 2275 1826 2313 129.

269 2340 349 2376 197
389 2337 455 2375 vel
487 2336 699 2374 Athenion.
735 2337 772 2386 1,
800 2337 853 2374 39
886 2336 984 2374 haec
1017 2335 1218 2385 pertinere
1254 2347 1334 2372 non
1370 2335 1554 2383 possunt:
1597 2333 1675 2372 nisi
1712 2334 1828 2383 forte,

268 2396 373 2446 quod
400 2395 615 2434 verisimile
640 2408 720 2433 non
746 2397 818 2443 est,
845 2395 931 2433 sola
954 2395 1079 2433 verba
1101 2392 1191 2446 περὶ
1214 2392 1319 2432 πόδα
1337 2393 1547 2444 significat.
1590 2392 1691 2432 Poll.
1714 2394 1750 2443 7,
1772 2394 1827 2431 84

266 2454 353 2507 περὶ
385 2453 490 2494 πόδα
521 2452 756 2505 ὑποδήματα
787 2452 833 2492 τὰ
865 2451 1091 2505 ἁρμόζοντα.

1002 2569 1087 2611 818

386 2656 624 2695 Eustathius
652 2657 750 2706 882,
778 2657 832 2694 24
861 2653 1092 2702 Μόλωνες
1124 2654 1166 2694 οἱ
1191 2652 1298 2706 παρὰ
1328 2656 1380 2710 τῷ
1411 2655 1584 2710 κωμικῷ,
1615 2652 1637 2693 ὅ
1660 2667 1700 2692 τε
1722 2651 1829 2705 ἥρως

271 2714 337 2754 καὶ
368 2713 388 2754 ὁ
421 2713 705 2766 σκωπτόμενος.
755 2715 802 2753 cf.
828 2714 953 2754 Arist.
978 2716 1076 2753 Ran.
1103 2715 1170 2753 55.
1219 2715 1328 2753 heros
1358 2715 1529 2759 fortasse
1560 2713 1667 2751 idem
1697 2715 1758 2751 est
1783 2725 1829 2751 ac

272 2774 513 2825 λωποδύτης.
565 2774 694 2814 Schol.
720 2774 817 2813 Ran.
847 2776 900 2813 55
924 2772 1104 2825 Λίδυμός
1135 2783 1258 2824 φησιν
1290 2772 1348 2812 ὅτι
1387 2772 1460 2812 δύο
1491 2770 1686 2819 Μόλωνες
1716 2771 1829 2822 εἰσίν,

272 2832 292 2872 ὁ
321 2832 533 2885 ὑποκριτὴς
570 2831 682 2872 καὶὸ
707 2832 950 2884 λωποδύτης.
1009 2834 1081 2872 hos
1117 2834 1251 2872 autem
1292 2833 1413 2871 etiam
1455 2832 1594 2871 heroes
1635 2831 1830 2882 adpellari

276 2893 390 2932 docet
424 2894 545 2932 Arist.
574 2894 646 2932 Av.
677 2894 801 2932 1490.
850 2894 987 2932 Μοῑωι
1016 2893 1153 2943 Ιῑὶεςιξνὶο1
1181 2896 1242 2931 est
1273 2892 1477 2931 Demosth.
1506 2892 1572 2943 19,
1600 2891 1695 2930 246.
