<?xml version="1.0" encoding="UTF-8"?>
<!DOCTYPE html PUBLIC "-//W3C//DTD XHTML 1.0 Transitional//EN"
    "http://www.w3.org/TR/xhtml1/DTD/xhtml1-transitional.dtd">
<html xmlns="http://www.w3.org/1999/xhtml" xml:lang="en" lang="en">
 <head>
  <title>
</title>
<meta http-equiv="Content-Type" content="text/html;charset=utf-8" />
  <meta name='ocr-system' content='tesseract 3.04.00' />
  <meta name='ocr-capabilities' content='ocr_page ocr_carea ocr_par ocr_line ocrx_word'/>
</head>
<body>
  <div class='ocr_page' id='page_1' title='image "./comicorumatticor03kockuoft_0494.png"; bbox 0 0 2014 3334; ppageno 0'>
   <div class='ocr_carea' id='block_1_1' title="bbox 232 245 1147 289">
    <p class='ocr_par' dir='ltr' id='par_1_1' title="bbox 232 245 1147 289">
     <span class='ocr_line' id='line_1_1' title="bbox 232 245 1147 289; baseline -0.005 -2"><span class='ocrx_word' id='word_1_1' title='bbox 232 245 323 289; x_wconf 83' lang='lat'><em>474</em></span> <span class='ocrx_word' id='word_1_2' title='bbox 643 254 646 257; x_wconf 78' lang='grc'><strong>’</strong></span> <span class='ocrx_word' id='word_1_3' title='bbox 886 249 1147 283; x_wconf 80' lang='grc' dir='ltr'><strong>ΑΔΕΣΠΟΤΑ</strong></span> 
     </span>
    </p>
   </div>
   <div class='ocr_carea' id='block_1_2' title="bbox 957 379 1076 422">
    <p class='ocr_par' dir='ltr' id='par_1_2' title="bbox 957 379 1076 422">
     <span class='ocr_line' id='line_1_2' title="bbox 957 379 1076 422; baseline -0.008 0"><span class='ocrx_word' id='word_1_4' title='bbox 957 379 1076 422; x_wconf 83' lang='lat' dir='ltr'><strong>347a</strong></span> 
     </span>
    </p>
   </div>
   <div class='ocr_carea' id='block_1_3' title="bbox 449 458 1391 659">
    <p class='ocr_par' dir='ltr' id='par_1_3' title="bbox 449 458 1391 659">
     <span class='ocr_line' id='line_1_3' title="bbox 451 458 1350 518; baseline 0.001 -14"><span class='ocrx_word' id='word_1_5' title='bbox 451 459 572 512; x_wconf 79' lang='grc' dir='ltr'><em>οἶνος</em></span> <span class='ocrx_word' id='word_1_6' title='bbox 605 458 645 504; x_wconf 83' lang='grc' dir='ltr'><em>δ’</em></span> <span class='ocrx_word' id='word_1_7' title='bbox 680 462 891 516; x_wconf 80' lang='grc' dir='ltr'><em>ἀληθείας</em></span> <span class='ocrx_word' id='word_1_8' title='bbox 921 463 1007 518; x_wconf 83' lang='grc' dir='ltr'><em>ἔφυ</em></span> <span class='ocrx_word' id='word_1_9' title='bbox 1038 462 1350 518; x_wconf 77' lang='grc' dir='ltr'><strong><em>γονιμώτατος·</em></strong></span> 
     </span>
     <span class='ocr_line' id='line_1_4' title="bbox 449 529 1391 589; baseline -0.002 -12"><span class='ocrx_word' id='word_1_10' title='bbox 449 529 500 587; x_wconf 82' lang='grc' dir='ltr'><em>ἧς</em></span> <span class='ocrx_word' id='word_1_11' title='bbox 531 533 589 588; x_wconf 88' lang='grc' dir='ltr'><em>μὴ</em></span> <span class='ocrx_word' id='word_1_12' title='bbox 621 533 847 588; x_wconf 78' lang='grc' dir='ltr'><em>παρούσης</em></span> <span class='ocrx_word' id='word_1_13' title='bbox 879 532 1013 576; x_wconf 84' lang='grc' dir='ltr'><em>οὐδέν</em></span> <span class='ocrx_word' id='word_1_14' title='bbox 1045 529 1132 575; x_wconf 83' lang='grc' dir='ltr'><em>ἐστ’</em></span> <span class='ocrx_word' id='word_1_15' title='bbox 1168 532 1391 589; x_wconf 77' lang='grc' dir='ltr'><strong><em>ἐμπειρίας</em></strong></span> 
     </span>
     <span class='ocr_line' id='line_1_5' title="bbox 449 599 1011 659; baseline 0.002 -14"><span class='ocrx_word' id='word_1_16' title='bbox 449 599 546 646; x_wconf 81' lang='grc' dir='ltr'><em>οὐδ’</em></span> <span class='ocrx_word' id='word_1_17' title='bbox 583 603 809 659; x_wconf 76' lang='grc' dir='ltr'><em>ἀγχινοίας</em></span> <span class='ocrx_word' id='word_1_18' title='bbox 841 605 1011 659; x_wconf 81' lang='grc' dir='ltr'><em>ὄφελος.</em></span> 
     </span>
    </p>
   </div>
   <div class='ocr_carea' id='block_1_4' title="bbox 226 685 1798 802">
    <p class='ocr_par' dir='ltr' id='par_1_4' title="bbox 226 685 1798 802">
     <span class='ocr_line' id='line_1_6' title="bbox 353 685 1798 744; baseline 0.001 -16"><span class='ocrx_word' id='word_1_19' title='bbox 353 691 596 730; x_wconf 68' lang='lat' dir='ltr'><strong>Plubarchus</strong></span> <span class='ocrx_word' id='word_1_20' title='bbox 613 691 712 730; x_wconf 88' lang='lat' dir='ltr'>Mor.</span> <span class='ocrx_word' id='word_1_21' title='bbox 735 691 854 730; x_wconf 85' lang='lat' dir='ltr'>715b</span> <span class='ocrx_word' id='word_1_22' title='bbox 886 689 965 729; x_wconf 89' lang='grc' dir='ltr'><em>ε’στι</em></span> <span class='ocrx_word' id='word_1_23' title='bbox 996 687 1039 729; x_wconf 81' lang='grc' dir='ltr'><em>δὲ</em></span> <span class='ocrx_word' id='word_1_24' title='bbox 1071 685 1220 744; x_wconf 79' lang='grc' dir='ltr'><em>(οἶνος)</em></span> <span class='ocrx_word' id='word_1_25' title='bbox 1250 691 1469 742; x_wconf 82' lang='grc' dir='ltr'><em>παρρησίας</em></span> <span class='ocrx_word' id='word_1_26' title='bbox 1494 689 1560 730; x_wconf 81' lang='grc' dir='ltr'><em>καὶ</em></span> <span class='ocrx_word' id='word_1_27' title='bbox 1592 687 1637 730; x_wconf 86' lang='grc' dir='ltr'><em>δι’</em></span> <span class='ocrx_word' id='word_1_28' title='bbox 1672 689 1798 741; x_wconf 75' lang='grc' dir='ltr'><em>αὐτὴν</em></span> 
     </span>
     <span class='ocr_line' id='line_1_7' title="bbox 226 746 792 802; baseline -0.002 -12"><span class='ocrx_word' id='word_1_29' title='bbox 226 748 293 790; x_wconf 72' lang='grc' dir='ltr'><em>ἀλ.</em></span> <span class='ocrx_word' id='word_1_30' title='bbox 325 765 359 802; x_wconf 82' lang='grc' dir='ltr'><em>γ.</em></span> <span class='ocrx_word' id='word_1_31' title='bbox 386 752 463 789; x_wconf 84' lang='grc' dir='ltr'><em>κτλ.</em></span> <span class='ocrx_word' id='word_1_32' title='bbox 524 752 560 788; x_wconf 83' lang='grc'><em>2.</em></span> <span class='ocrx_word' id='word_1_33' title='bbox 593 746 668 789; x_wconf 81' lang='grc' dir='ltr'><em>ἐστ’</em></span> <span class='ocrx_word' id='word_1_34' title='bbox 705 750 792 789; x_wconf 85' lang='lat' dir='ltr'>add.</span> 
     </span>
    </p>
   </div>
   <div class='ocr_carea' id='block_1_5' title="bbox 446 830 1346 1112">
    <p class='ocr_par' dir='ltr' id='par_1_5' title="bbox 446 830 1346 1112">
     <span class='ocr_line' id='line_1_8' title="bbox 971 830 1056 873; baseline 0.012 -1"><span class='ocrx_word' id='word_1_35' title='bbox 971 830 1056 873; x_wconf 84' lang='lat'><em>348</em></span> 
     </span>
     <span class='ocr_line' id='line_1_9' title="bbox 446 912 1325 969; baseline 0.001 -15"><span class='ocrx_word' id='word_1_36' title='bbox 446 913 505 968; x_wconf 87' lang='grc' dir='ltr'><em>μὴ</em></span> <span class='ocrx_word' id='word_1_37' title='bbox 536 912 618 967; x_wconf 89' lang='grc' dir='ltr'><em>τὴν</em></span> <span class='ocrx_word' id='word_1_38' title='bbox 650 912 774 955; x_wconf 82' lang='grc' dir='ltr'><em>ὕειον</em></span> <span class='ocrx_word' id='word_1_39' title='bbox 806 912 1024 968; x_wconf 82' lang='grc' dir='ltr'><em>ἁρμονίαν</em></span> <span class='ocrx_word' id='word_1_40' title='bbox 1054 912 1325 969; x_wconf 81' lang='grc' dir='ltr'><em>ἡρμοσμένοι</em></span> 
     </span>
     <span class='ocr_line' id='line_1_10' title="bbox 447 983 1346 1041; baseline 0 -15"><span class='ocrx_word' id='word_1_41' title='bbox 447 983 494 1026; x_wconf 83' lang='grc' dir='ltr'><em>ἐκ</em></span> <span class='ocrx_word' id='word_1_42' title='bbox 524 984 662 1027; x_wconf 83' lang='grc' dir='ltr'><em>νύκτα</em></span> <span class='ocrx_word' id='word_1_43' title='bbox 693 984 853 1034; x_wconf 90' lang='grc' dir='ltr'><em>νυκτὸς</em></span> <span class='ocrx_word' id='word_1_44' title='bbox 884 983 1079 1040; x_wconf 84' lang='grc' dir='ltr'><em>χήμέραν</em></span> <span class='ocrx_word' id='word_1_45' title='bbox 1110 983 1154 1035; x_wconf 82' lang='grc' dir='ltr'><em>ἐξ</em></span> <span class='ocrx_word' id='word_1_46' title='bbox 1184 983 1346 1041; x_wconf 83' lang='grc' dir='ltr'><em>ἡμέρας</em></span> 
     </span>
     <span class='ocr_line' id='line_1_11' title="bbox 447 1053 1059 1112; baseline 0 -15"><span class='ocrx_word' id='word_1_47' title='bbox 447 1053 675 1112; x_wconf 77' lang='grc' dir='ltr'><em>(αἰσχρῶς)</em></span> <span class='ocrx_word' id='word_1_48' title='bbox 709 1055 1059 1110; x_wconf 85' lang='grc' dir='ltr'><em>καλινδώμεσθα.</em></span> 
     </span>
    </p>
   </div>
   <div class='ocr_carea' id='block_1_6' title="bbox 235 1139 1800 1316">
    <p class='ocr_par' dir='ltr' id='par_1_6' title="bbox 235 1139 1800 1316">
     <span class='ocr_line' id='line_1_12' title="bbox 352 1139 1800 1193; baseline 0 -13"><span class='ocrx_word' id='word_1_49' title='bbox 352 1142 552 1181; x_wconf 59' lang='lat' dir='ltr'>Arisssides</span> <span class='ocrx_word' id='word_1_50' title='bbox 572 1143 613 1180; x_wconf 88' lang='lat' dir='ltr'><em>II</em></span> <span class='ocrx_word' id='word_1_51' title='bbox 635 1143 716 1181; x_wconf 81' lang='lat'><em>582</em></span> <span class='ocrx_word' id='word_1_52' title='bbox 739 1142 873 1180; x_wconf 88' lang='lat' dir='ltr'><strong>Dindf.</strong></span> <span class='ocrx_word' id='word_1_53' title='bbox 937 1144 973 1180; x_wconf 83' lang='lat'><em>2.</em></span> <span class='ocrx_word' id='word_1_54' title='bbox 1006 1141 1130 1180; x_wconf 86' lang='grc' dir='ltr'><em>νύκτα</em></span> <span class='ocrx_word' id='word_1_55' title='bbox 1150 1140 1192 1181; x_wconf 77' lang='grc' dir='ltr'><em>ἐκ</em></span> <span class='ocrx_word' id='word_1_56' title='bbox 1217 1140 1358 1189; x_wconf 85' lang='grc' dir='ltr'><em>νυκτὸς</em></span> <span class='ocrx_word' id='word_1_57' title='bbox 1384 1140 1450 1181; x_wconf 86' lang='grc' dir='ltr'><em>καὶ</em></span> <span class='ocrx_word' id='word_1_58' title='bbox 1468 1139 1535 1193; x_wconf 77' lang='grc' dir='ltr'><em>ήμ.</em></span> <span class='ocrx_word' id='word_1_59' title='bbox 1598 1144 1635 1181; x_wconf 88' lang='grc'><em>3.</em></span> <span class='ocrx_word' id='word_1_60' title='bbox 1666 1144 1800 1180; x_wconf 87' lang='grc' dir='ltr'><em>καλιν-</em></span> 
     </span>
     <span class='ocr_line' id='line_1_13' title="bbox 235 1199 1800 1253; baseline -0.001 -13"><span class='ocrx_word' id='word_1_61' title='bbox 235 1201 414 1252; x_wconf 86' lang='grc' dir='ltr'><em>δοίμεθα.</em></span> <span class='ocrx_word' id='word_1_62' title='bbox 465 1201 630 1253; x_wconf 85' lang='grc' dir='ltr'><em>αἰσχρῶς</em></span> <span class='ocrx_word' id='word_1_63' title='bbox 650 1201 739 1240; x_wconf 82' lang='lat' dir='ltr'>add.</span> <span class='ocrx_word' id='word_1_64' title='bbox 769 1222 819 1228; x_wconf 93' lang='lat'>—</span> <span class='ocrx_word' id='word_1_65' title='bbox 850 1203 886 1239; x_wconf 82' lang='lat'><em>2.</em></span> <span class='ocrx_word' id='word_1_66' title='bbox 914 1201 960 1239; x_wconf 86' lang='lat' dir='ltr'><em>de</em></span> <span class='ocrx_word' id='word_1_67' title='bbox 980 1202 1251 1241; x_wconf 74' lang='lat' dir='ltr'>conlocatione</span> <span class='ocrx_word' id='word_1_68' title='bbox 1271 1203 1482 1241; x_wconf 84' lang='lat' dir='ltr'>verborum</span> <span class='ocrx_word' id='word_1_69' title='bbox 1515 1202 1563 1240; x_wconf 82' lang='lat' dir='ltr'><em>of.</em></span> <span class='ocrx_word' id='word_1_70' title='bbox 1595 1199 1800 1251; x_wconf 81' lang='grc' dir='ltr'><em>ἀνήλυθεν</em></span> 
     </span>
     <span class='ocr_line' id='line_1_14' title="bbox 235 1258 1623 1316; baseline -0.001 -17"><span class='ocrx_word' id='word_1_71' title='bbox 235 1259 279 1299; x_wconf 80' lang='grc' dir='ltr'><em>ἐκ</em></span> <span class='ocrx_word' id='word_1_72' title='bbox 311 1259 407 1311; x_wconf 87' lang='grc' dir='ltr'><em>δόρυ</em></span> <span class='ocrx_word' id='word_1_73' title='bbox 439 1260 566 1313; x_wconf 76' lang='grc' dir='ltr'><em>γαίης,</em></span> <span class='ocrx_word' id='word_1_74' title='bbox 599 1259 704 1311; x_wconf 80' lang='grc' dir='ltr'><em>δήεις</em></span> <span class='ocrx_word' id='word_1_75' title='bbox 736 1258 778 1299; x_wconf 83' lang='grc' dir='ltr'><em>ἐν</em></span> <span class='ocrx_word' id='word_1_76' title='bbox 809 1259 968 1311; x_wconf 81' lang='grc' dir='ltr'><em>πήματα</em></span> <span class='ocrx_word' id='word_1_77' title='bbox 999 1260 1108 1316; x_wconf 79' lang='grc' dir='ltr'><em>οἴκῳ,</em></span> <span class='ocrx_word' id='word_1_78' title='bbox 1139 1258 1237 1313; x_wconf 77' lang='grc' dir='ltr'><em>ὑπὲρ</em></span> <span class='ocrx_word' id='word_1_79' title='bbox 1270 1259 1387 1308; x_wconf 77' lang='grc' dir='ltr'><em>αὐτὸς</em></span> <span class='ocrx_word' id='word_1_80' title='bbox 1419 1259 1541 1300; x_wconf 82' lang='grc' dir='ltr'><em>αὑτοῦ</em></span> <span class='ocrx_word' id='word_1_81' title='bbox 1573 1261 1623 1298; x_wconf 85' lang='lat' dir='ltr'><em>al.</em></span> 
     </span>
    </p>
   </div>
   <div class='ocr_carea' id='block_1_7' title="bbox 447 1388 1464 1598">
    <p class='ocr_par' dir='ltr' id='par_1_7' title="bbox 447 1388 1464 1598">
     <span class='ocr_line' id='line_1_15' title="bbox 972 1388 1057 1430; baseline -0.012 0"><span class='ocrx_word' id='word_1_82' title='bbox 972 1388 1057 1430; x_wconf 85' lang='lat'><em>349</em></span> 
     </span>
     <span class='ocr_line' id='line_1_16' title="bbox 925 1470 1374 1526; baseline 0 -14"><span class='ocrx_word' id='word_1_83' title='bbox 925 1470 968 1520; x_wconf 87' lang='grc' dir='ltr'><em>ἐς</em></span> <span class='ocrx_word' id='word_1_84' title='bbox 998 1471 1075 1521; x_wconf 82' lang='grc' dir='ltr'><em>τὰς</em></span> <span class='ocrx_word' id='word_1_85' title='bbox 1105 1470 1374 1526; x_wconf 80' lang='grc' dir='ltr'><em>πανηγύρεις</em></span> 
     </span>
     <span class='ocr_line' id='line_1_17' title="bbox 447 1541 1464 1598; baseline 0 -15"><span class='ocrx_word' id='word_1_86' title='bbox 447 1541 589 1584; x_wconf 89' lang='grc' dir='ltr'><em>ἀπιὼν</em></span> <span class='ocrx_word' id='word_1_87' title='bbox 620 1548 836 1584; x_wconf 88' lang='grc' dir='ltr'><em>τοσοῦτον</em></span> <span class='ocrx_word' id='word_1_88' title='bbox 867 1545 1039 1597; x_wconf 79' lang='grc' dir='ltr'><em>πλῆθος</em></span> <span class='ocrx_word' id='word_1_89' title='bbox 1069 1541 1326 1598; x_wconf 83' lang='grc' dir='ltr'><em>ἀνθρώπων</em></span> <span class='ocrx_word' id='word_1_90' title='bbox 1357 1541 1464 1598; x_wconf 77' lang='grc' dir='ltr'><em>ὁρας</em></span> 
     </span>
    </p>
   </div>
   <div class='ocr_carea' id='block_1_8' title="bbox 353 1624 1386 1680">
    <p class='ocr_par' dir='ltr' id='par_1_8' title="bbox 353 1624 1386 1680">
     <span class='ocr_line' id='line_1_18' title="bbox 353 1624 1386 1680; baseline -0.001 -14"><span class='ocrx_word' id='word_1_91' title='bbox 353 1626 636 1680; x_wconf 78' lang='grc' dir='ltr'><em>συλλεγόμενον</em></span> <span class='ocrx_word' id='word_1_92' title='bbox 668 1626 729 1666; x_wconf 78' lang='grc' dir='ltr'><em>ἐπὶ</em></span> <span class='ocrx_word' id='word_1_93' title='bbox 755 1625 827 1677; x_wconf 76' lang='grc' dir='ltr'><em>τὴν</em></span> <span class='ocrx_word' id='word_1_94' title='bbox 859 1624 961 1665; x_wconf 81' lang='grc' dir='ltr'><em>θέαν</em></span> <span class='ocrx_word' id='word_1_95' title='bbox 992 1632 1069 1666; x_wconf 86' lang='grc' dir='ltr'><em>τῶν</em></span> <span class='ocrx_word' id='word_1_96' title='bbox 1100 1625 1290 1666; x_wconf 86' lang='grc' dir='ltr'><em>τοιούτων</em></span> <span class='ocrx_word' id='word_1_97' title='bbox 1321 1625 1386 1665; x_wconf 88' lang='grc' dir='ltr'><em>καὶ</em></span> 
     </span>
    </p>
   </div>
   <div class='ocr_carea' id='block_1_9' title="bbox 445 1742 1303 1868">
    <p class='ocr_par' dir='ltr' id='par_1_9' title="bbox 445 1742 1303 1868">
     <span class='ocr_line' id='line_1_19' title="bbox 447 1742 1303 1799; baseline -0.002 -14"><span class='ocrx_word' id='word_1_98' title='bbox 447 1742 615 1799; x_wconf 81' lang='grc' dir='ltr'><em>θέατρα</em></span> <span class='ocrx_word' id='word_1_99' title='bbox 646 1744 899 1799; x_wconf 77' lang='grc' dir='ltr'><em>μυρίανδρα</em></span> <span class='ocrx_word' id='word_1_100' title='bbox 931 1742 1303 1798; x_wconf 84' lang='grc' dir='ltr'><em>συμπληρούμενα</em></span> 
     </span>
     <span class='ocr_line' id='line_1_20' title="bbox 445 1812 930 1868; baseline 0 -13"><span class='ocrx_word' id='word_1_101' title='bbox 445 1812 519 1856; x_wconf 87' lang='grc' dir='ltr'><em>καὶ</em></span> <span class='ocrx_word' id='word_1_102' title='bbox 550 1815 654 1864; x_wconf 91' lang='grc' dir='ltr'><em>τοὺς</em></span> <span class='ocrx_word' id='word_1_103' title='bbox 685 1813 930 1868; x_wconf 78' lang='grc' dir='ltr'><em>ἀγωνιστὰς</em></span> 
     </span>
    </p>
   </div>
   <div class='ocr_carea' id='block_1_10' title="bbox 354 1897 1799 1951">
    <p class='ocr_par' dir='ltr' id='par_1_10' title="bbox 354 1897 1799 1951">
     <span class='ocr_line' id='line_1_21' title="bbox 354 1897 1799 1951; baseline -0.001 -13"><span class='ocrx_word' id='word_1_104' title='bbox 354 1898 680 1951; x_wconf 81' lang='grc' dir='ltr'><em>ἐπαινουμένους,</em></span> <span class='ocrx_word' id='word_1_105' title='bbox 705 1898 772 1938; x_wconf 89' lang='grc' dir='ltr'><em>τὸν</em></span> <span class='ocrx_word' id='word_1_106' title='bbox 793 1897 835 1938; x_wconf 83' lang='grc' dir='ltr'><em>δὲ</em></span> <span class='ocrx_word' id='word_1_107' title='bbox 859 1897 927 1939; x_wconf 85' lang='grc' dir='ltr'><em>καὶ</em></span> <span class='ocrx_word' id='word_1_108' title='bbox 950 1897 1166 1950; x_wconf 85' lang='grc' dir='ltr'><em>νικήσαντα</em></span> <span class='ocrx_word' id='word_1_109' title='bbox 1190 1897 1320 1938; x_wconf 80' lang='grc' dir='ltr'><em>αὐτῶν</em></span> <span class='ocrx_word' id='word_1_110' title='bbox 1346 1898 1508 1939; x_wconf 86' lang='grc' dir='ltr'><em>ἰσόθεον</em></span> <span class='ocrx_word' id='word_1_111' title='bbox 1533 1897 1799 1951; x_wconf 83' lang='grc' dir='ltr'><em>νομιζόμενον.</em></span> 
     </span>
    </p>
   </div>
   <div class='ocr_carea' id='block_1_11' title="bbox 356 1979 1484 2034">
    <p class='ocr_par' dir='ltr' id='par_1_11' title="bbox 356 1979 1484 2034">
     <span class='ocr_line' id='line_1_22' title="bbox 356 1979 1484 2034; baseline 0 -13"><span class='ocrx_word' id='word_1_112' title='bbox 356 1983 558 2023; x_wconf 82' lang='lat' dir='ltr'>Lucianus</span> <span class='ocrx_word' id='word_1_113' title='bbox 589 1982 738 2022; x_wconf 81' lang='lat' dir='ltr'><strong>Anach.</strong></span> <span class='ocrx_word' id='word_1_114' title='bbox 777 1985 841 2023; x_wconf 91' lang='lat'><em>10.</em></span> <span class='ocrx_word' id='word_1_115' title='bbox 905 1984 944 2022; x_wconf 82' lang='lat'><em>2.</em></span> <span class='ocrx_word' id='word_1_116' title='bbox 976 1979 1043 2021; x_wconf 90' lang='grc' dir='ltr'><em>ἀπ.</em></span> <span class='ocrx_word' id='word_1_117' title='bbox 1076 1979 1132 2034; x_wconf 86' lang='grc' dir='ltr'><em>ὀρ.</em></span> <span class='ocrx_word' id='word_1_118' title='bbox 1164 1993 1242 2021; x_wconf 89' lang='grc' dir='ltr'><em>τοσ.</em></span> <span class='ocrx_word' id='word_1_119' title='bbox 1273 1985 1336 2021; x_wconf 80' lang='grc' dir='ltr'><em>πλ.</em></span> <span class='ocrx_word' id='word_1_120' title='bbox 1368 1980 1484 2033; x_wconf 85' lang='grc' dir='ltr'><em>ἀνθρ.</em></span> 
     </span>
    </p>
   </div>
   <div class='ocr_carea' id='block_1_12' title="bbox 980 2109 1067 2152">
    <p class='ocr_par' dir='ltr' id='par_1_12' title="bbox 980 2109 1067 2152">
     <span class='ocr_line' id='line_1_23' title="bbox 980 2109 1067 2152; baseline 0 0"><span class='ocrx_word' id='word_1_121' title='bbox 980 2109 1067 2152; x_wconf 85' lang='lat'><em>350</em></span> 
     </span>
    </p>
   </div>
   <div class='ocr_carea' id='block_1_13' title="bbox 446 2191 1383 2395">
    <p class='ocr_par' dir='ltr' id='par_1_13' title="bbox 446 2191 1371 2391">
     <span class='ocr_line' id='line_1_24' title="bbox 695 2191 1301 2248; baseline -0.002 -13"><span class='ocrx_word' id='word_1_122' title='bbox 695 2193 750 2235; x_wconf 79' lang='grc' dir='ltr'><em>ἄν</em></span> <span class='ocrx_word' id='word_1_123' title='bbox 781 2208 846 2243; x_wconf 89' lang='grc' dir='ltr'><em>τις</em></span> <span class='ocrx_word' id='word_1_124' title='bbox 877 2193 1020 2248; x_wconf 79' lang='grc' dir='ltr'><em>εἰσίδῃ</em></span> <span class='ocrx_word' id='word_1_125' title='bbox 1050 2192 1244 2246; x_wconf 80' lang='grc' dir='ltr'><em>βάκηλον</em></span> <span class='ocrx_word' id='word_1_126' title='bbox 1274 2191 1301 2246; x_wconf 78' lang='grc' dir='ltr'>ἢ</span> 
     </span>
     <span class='ocr_line' id='line_1_25' title="bbox 446 2262 1258 2319; baseline -0.002 -13"><span class='ocrx_word' id='word_1_127' title='bbox 446 2265 641 2319; x_wconf 82' lang='grc' dir='ltr'><em>πίθηκον</em></span> <span class='ocrx_word' id='word_1_128' title='bbox 672 2264 810 2314; x_wconf 86' lang='grc' dir='ltr'><em>εὐθὺς</em></span> <span class='ocrx_word' id='word_1_129' title='bbox 841 2262 968 2315; x_wconf 81' lang='grc' dir='ltr'><em>ἐξιὼν</em></span> <span class='ocrx_word' id='word_1_130' title='bbox 997 2268 1074 2318; x_wconf 83' lang='grc' dir='ltr'><em>τῆς</em></span> <span class='ocrx_word' id='word_1_131' title='bbox 1105 2264 1258 2316; x_wconf 78' lang='grc' dir='ltr'><em>οἰκίας,</em></span> 
     </span>
     <span class='ocr_line' id='line_1_26' title="bbox 447 2331 1383 2395; baseline -0.002 -18"><span class='ocrx_word' id='word_1_132' title='bbox 447 2333 518 2377; x_wconf 83' lang='grc' dir='ltr'><em>ε’πὶ</em></span> <span class='ocrx_word' id='word_1_133' title='bbox 548 2331 648 2378; x_wconf 75' lang='grc' dir='ltr'><em>πόδ’</em></span> <span class='ocrx_word' id='word_1_134' title='bbox 684 2334 950 2391; x_wconf 82' lang='grc' dir='ltr'><em>ἀναστρέφει</em></span> <span class='ocrx_word' id='word_1_135' title='bbox 979 2349 1025 2377; x_wconf 89' lang='grc' dir='ltr'><em>τε</em></span> <span class='ocrx_word' id='word_1_136' title='bbox 1056 2333 1383 2395; x_wconf 84' lang='grc' dir='ltr'><em>κάπανέρχεται.</em></span> 
     </span>
    </p>
   </div>
   <div class='ocr_carea' id='block_1_14' title="bbox 234 2418 1797 2521">
    <p class='ocr_par' dir='ltr' id='par_1_14' title="bbox 234 2418 1797 2521">
     <span class='ocr_line' id='line_1_27' title="bbox 353 2418 1797 2472; baseline -0.001 -12"><span class='ocrx_word' id='word_1_137' title='bbox 353 2422 552 2462; x_wconf 84' lang='lat' dir='ltr'>Lucianus</span> <span class='ocrx_word' id='word_1_138' title='bbox 572 2421 810 2472; x_wconf 87' lang='lat' dir='ltr'>Pseudolog.</span> <span class='ocrx_word' id='word_1_139' title='bbox 828 2423 878 2461; x_wconf 85' lang='lat'><em>17</em></span> <span class='ocrx_word' id='word_1_140' title='bbox 903 2419 977 2460; x_wconf 75' lang='grc' dir='ltr'><em>κᾶν</em></span> <span class='ocrx_word' id='word_1_141' title='bbox 997 2420 1038 2460; x_wconf 85' lang='grc' dir='ltr'><em>εί</em></span> <span class='ocrx_word' id='word_1_142' title='bbox 1050 2434 1105 2467; x_wconf 85' lang='grc' dir='ltr'><em>τις</em></span> <span class='ocrx_word' id='word_1_143' title='bbox 1124 2418 1320 2471; x_wconf 81' lang='grc' dir='ltr'><em>βάκηλον.</em></span> <span class='ocrx_word' id='word_1_144' title='bbox 1329 2418 1429 2460; x_wconf 79' lang='grc' dir='ltr'><em>,ἴδοι</em></span> <span class='ocrx_word' id='word_1_145' title='bbox 1448 2422 1525 2459; x_wconf 88' lang='grc' dir='ltr'><em>κτλ.</em></span> <span class='ocrx_word' id='word_1_146' title='bbox 1588 2422 1625 2460; x_wconf 89' lang='grc'><em>3.</em></span> <span class='ocrx_word' id='word_1_147' title='bbox 1652 2434 1690 2460; x_wconf 87' lang='grc' dir='ltr'><em>τε</em></span> <span class='ocrx_word' id='word_1_148' title='bbox 1709 2420 1797 2460; x_wconf 81' lang='lat' dir='ltr'>add.</span> 
     </span>
     <span class='ocr_line' id='line_1_28' title="bbox 234 2482 414 2521; baseline 0 -1"><span class='ocrx_word' id='word_1_149' title='bbox 234 2482 282 2520; x_wconf 83' lang='lat' dir='ltr'><em>of.</em></span> <span class='ocrx_word' id='word_1_150' title='bbox 317 2483 414 2521; x_wconf 83' lang='lat'><strong>341.</strong></span> 
     </span>
    </p>
   </div>
   <div class='ocr_carea' id='block_1_15' title="bbox 446 2547 1449 2827">
    <p class='ocr_par' dir='ltr' id='par_1_15' title="bbox 446 2547 1449 2827">
     <span class='ocr_line' id='line_1_29' title="bbox 978 2547 1061 2590; baseline 0 0"><span class='ocrx_word' id='word_1_151' title='bbox 978 2547 1061 2590; x_wconf 84' lang='lat'><em>351</em></span> 
     </span>
     <span class='ocr_line' id='line_1_30' title="bbox 919 2627 1449 2685; baseline -0.004 -12"><span class='ocrx_word' id='word_1_152' title='bbox 919 2627 1013 2673; x_wconf 83' lang='grc' dir='ltr'><em>οἶδε</em></span> <span class='ocrx_word' id='word_1_153' title='bbox 1043 2627 1257 2685; x_wconf 84' lang='grc' dir='ltr'><em>θηρεύειν</em></span> <span class='ocrx_word' id='word_1_154' title='bbox 1288 2630 1449 2684; x_wconf 89' lang='grc' dir='ltr'><em>φίλους</em></span> 
     </span>
     <span class='ocr_line' id='line_1_31' title="bbox 447 2698 1409 2762; baseline -0.003 -17"><span class='ocrx_word' id='word_1_155' title='bbox 447 2702 495 2753; x_wconf 86' lang='grc' dir='ltr'><em>ὃς</em></span> <span class='ocrx_word' id='word_1_156' title='bbox 525 2709 661 2745; x_wconf 82' lang='grc' dir='ltr'><em>πᾶσιν</em></span> <span class='ocrx_word' id='word_1_157' title='bbox 693 2699 742 2745; x_wconf 82' lang='grc' dir='ltr'><em>εὗ</em></span> <span class='ocrx_word' id='word_1_158' title='bbox 773 2703 1014 2762; x_wconf 82' lang='grc' dir='ltr'><em>πράττουσι</em></span> <span class='ocrx_word' id='word_1_159' title='bbox 1046 2698 1126 2757; x_wconf 72' lang='grc' dir='ltr'><em>μὲν</em></span> <span class='ocrx_word' id='word_1_160' title='bbox 1158 2702 1409 2756; x_wconf 78' lang='grc' dir='ltr'><em>συνήδεται,</em></span> 
     </span>
     <span class='ocr_line' id='line_1_32' title="bbox 446 2768 1440 2827; baseline -0.003 -11"><span class='ocrx_word' id='word_1_161' title='bbox 446 2775 723 2817; x_wconf 89' lang='grc' dir='ltr'><em>πεπονθόσιν</em></span> <span class='ocrx_word' id='word_1_162' title='bbox 755 2771 796 2816; x_wconf 87' lang='grc' dir='ltr'><em>δ’</em></span> <span class='ocrx_word' id='word_1_163' title='bbox 833 2768 888 2817; x_wconf 84' lang='grc' dir='ltr'><em>οἷ’</em></span> <span class='ocrx_word' id='word_1_164' title='bbox 928 2773 1010 2816; x_wconf 87' lang='grc' dir='ltr'><em>οὐκ</em></span> <span class='ocrx_word' id='word_1_165' title='bbox 1040 2773 1130 2816; x_wconf 83' lang='grc' dir='ltr'><em>ἔδει</em></span> <span class='ocrx_word' id='word_1_166' title='bbox 1161 2772 1440 2827; x_wconf 83' lang='grc' dir='ltr'><em>συνάχθεται.</em></span> 
     </span>
    </p>
   </div>
   <div class='ocr_carea' id='block_1_16' title="bbox 234 2852 1794 2973">
    <p class='ocr_par' dir='ltr' id='par_1_16' title="bbox 234 2852 1794 2973">
     <span class='ocr_line' id='line_1_33' title="bbox 352 2852 1794 2911; baseline -0.001 -12"><span class='ocrx_word' id='word_1_167' title='bbox 352 2860 507 2899; x_wconf 81' lang='lat' dir='ltr'><strong>Aeneas</strong></span> <span class='ocrx_word' id='word_1_168' title='bbox 539 2861 666 2911; x_wconf 76' lang='lat' dir='ltr'><strong>Epist.</strong></span> <span class='ocrx_word' id='word_1_169' title='bbox 701 2863 757 2900; x_wconf 83' lang='lat'><em>20</em></span> <span class='ocrx_word' id='word_1_170' title='bbox 787 2875 825 2911; x_wconf 91' lang='lat' dir='ltr'><em>p.</em></span> <span class='ocrx_word' id='word_1_171' title='bbox 858 2863 914 2900; x_wconf 87' lang='lat'><em>30</em></span> <span class='ocrx_word' id='word_1_172' title='bbox 945 2860 1090 2899; x_wconf 70' lang='lat' dir='ltr'>Herch.</span> <span class='ocrx_word' id='word_1_173' title='bbox 1121 2858 1201 2908; x_wconf 84' lang='grc' dir='ltr'><em>φίλ.</em></span> <span class='ocrx_word' id='word_1_174' title='bbox 1233 2853 1315 2897; x_wconf 82' lang='grc' dir='ltr'><em>οἶδε</em></span> <span class='ocrx_word' id='word_1_175' title='bbox 1346 2862 1440 2911; x_wconf 85' lang='grc' dir='ltr'><em>θηρ.</em></span> <span class='ocrx_word' id='word_1_176' title='bbox 1471 2856 1537 2897; x_wconf 85' lang='grc' dir='ltr'><em>καὶ</em></span> <span class='ocrx_word' id='word_1_177' title='bbox 1567 2852 1611 2897; x_wconf 77' lang='grc' dir='ltr'><em>εὖ</em></span> <span class='ocrx_word' id='word_1_178' title='bbox 1641 2871 1705 2910; x_wconf 84' lang='grc' dir='ltr'><em>πρ.</em></span> <span class='ocrx_word' id='word_1_179' title='bbox 1739 2879 1794 2885; x_wconf 89' lang='lat'><em>——</em></span> 
     </span>
     <span class='ocr_line' id='line_1_34' title="bbox 234 2915 835 2973; baseline 0.002 -16"><span class='ocrx_word' id='word_1_180' title='bbox 234 2918 455 2958; x_wconf 81' lang='grc' dir='ltr'><em>πεπονθόσι</em></span> <span class='ocrx_word' id='word_1_181' title='bbox 488 2916 523 2958; x_wconf 89' lang='grc' dir='ltr'><em>δ’</em></span> <span class='ocrx_word' id='word_1_182' title='bbox 560 2915 624 2959; x_wconf 82' lang='grc' dir='ltr'><em>οἷά</em></span> <span class='ocrx_word' id='word_1_183' title='bbox 654 2934 727 2973; x_wconf 88' lang='grc' dir='ltr'><em>περ</em></span> <span class='ocrx_word' id='word_1_184' title='bbox 759 2922 835 2959; x_wconf 88' lang='grc' dir='ltr'><em>κτλ.</em></span> 
     </span>
    </p>
   </div>
  </div>
 </body>
</html>
