2014 3334
6 2743 12 2752 0
0 2722 5 2727 ¹
0 2559 16 2712 &pruna-0⁶„
0 2537 7 2549 Δ

786 257 953 292 ΑΔΗΑΑ
979 257 1239 293 οΠοΤΕΡΑΣ
1711 254 1795 298 571
1856 228 1870 237 ,

965 391 1053 434 952

513 449 841 507 ἀσκορὸίνωτος

346 537 571 590 Hesychius
621 533 853 586 ἀσάλευτος,
891 535 944 588 μὴ
982 542 1107 577 κινῶν
1143 535 1190 576 τὰ
1226 534 1334 588 μέλη.
1396 535 1686 589 σκορδινᾶσθαι
1724 534 1800 590 γὰρ

228 595 410 652 λέγουσιν
439 595 483 637 τὸ
512 595 621 649 παρὰ
646 596 771 647 φύσιν
796 594 994 647 ἐκτείνειν,
1026 595 1120 648 ὅπερ
1145 596 1291 650 γίνεται
1314 595 1421 649 παρὰ
1439 599 1522 644 τοῖς
1540 594 1801 650 ἕγειρομένοις

228 655 268 706 ἐξ
309 655 443 697 ὕπνου
493 651 606 710 (περὶ
648 655 741 704 τοὺς
785 653 1056 709 ἐγειρομένους
1100 656 1224 696 Piers.
1264 657 1386 696 Moer.
1425 651 1549 709 343).
1613 656 1801 695 similiter

228 717 399 757 Bekker.
413 716 563 756 Anecd.
578 718 677 763 452,
699 718 766 756 25.
808 717 1060 756 scribendum
1080 716 1243 757 videtur
1264 714 1625 767 ἀσκορδίνητος.
1674 715 1800 756 Arist.

229 777 327 817 Ach.
355 778 424 817 30.
478 777 594 827 Vesp.
622 778 718 816 642.
769 777 868 816 Ran.
896 778 994 817 922.
1044 777 1093 816 cf.
1118 774 1416 828 ἀσκαρδαμυκτί
1443 775 1569 816 Arist.
1601 776 1674 827 Eq.
1703 777 1800 816 292.

967 917 1055 961 953

516 976 818 1033 ἀσπακοὲζομαι

343 1063 385 1105 τὸ
424 1063 658 1117 ἀσπάζομαι.
715 1061 983 1103 πέπαικται.
1033 1064 1270 1115 Hesychius.
1318 1064 1481 1104 videtur
1519 1064 1560 1102 in
1598 1063 1803 1103 comoedia

231 1126 364 1166 nescio
396 1125 486 1177 quis
516 1125 700 1175 pluribus
727 1124 859 1164 verbis
886 1137 981 1164 usus
1007 1136 1094 1163 esse
1121 1137 1222 1175 quae
1249 1125 1290 1163 in
1314 1125 1418 1172 καζω
1445 1124 1692 1163 desinerent:
1725 1136 1803 1174 quo

231 1187 338 1226 facto
370 1198 462 1225 eum
493 1184 669 1223 inridens
701 1185 804 1223 alter
835 1183 981 1223 dixisse
1013 1182 1288 1235 ἀσπακάζομαι
1316 1197 1388 1234 pro
1414 1181 1649 1235 ἀσπάζομαι.
1700 1196 1803 1234 quae

231 1245 339 1297 apud
382 1245 627 1297 Hesychium
671 1244 854 1296 sequitur
890 1244 1026 1295 glossa
1062 1242 1267 1292 ἀσπακῶς·
1305 1242 1561 1296 φιλοφρόνως
1606 1244 1681 1282 huc
1723 1255 1805 1281 non

232 1305 423 1357 pertinet,
461 1305 530 1344 sed
568 1305 716 1344 rectius
754 1304 904 1354 scripta
940 1306 1003 1343 est
1033 1303 1193 1343 Bekker
1223 1303 1371 1343 Anecd.
1399 1305 1498 1352 453,
1524 1304 1549 1343 5
1583 1301 1803 1350 ἀσπασίως·

228 1369 451 1418 προσηνῶς,
483 1362 752 1416 φιλοφρόνως.

895 1497 902 1504 .
968 1456 1056 1499 954

515 1516 806 1567 αὐτόὸειπνος

350 1604 575 1656 Hesychius
625 1602 719 1643 ὅταν
750 1617 807 1651 τις
837 1600 1075 1654 κεκλημένος
1105 1600 1232 1659 ἑαυτῷ
1263 1600 1366 1658 φέρῃ
1395 1601 1440 1642 τὰ
1467 1600 1530 1642 ἐπὶ
1554 1600 1596 1641 τὸ
1629 1601 1803 1641 δεῖπνον.

971 1743 1058 1787 955

517 1804 652 1858 βαλός

351 1890 524 1931 Cramer.
547 1891 694 1930 Anecd.
715 1889 785 1930 Ox.
806 1890 869 1929 III
895 1892 992 1939 295,
1020 1892 1075 1930 23
1104 1893 1144 1929 et
1159 1893 1286 1929 Draco
1315 1891 1382 1941 35,
1410 1892 1461 1928 21
1498 1888 1544 1928 τὰ
1570 1886 1621 1928 δι’
1652 1887 1804 1928 ἑαυτῶν

232 1945 724 2004 (μακροπαραληκτοῦντα)
750 1948 795 1989 τὰ
827 1955 999 1999 τοιαῦτα,
1029 1948 1160 2001 ψιλός,
1192 1949 1320 2002 χυλός,
1353 1948 1483 2000 δαλός,
1508 1948 1646 2001 βαλός·
1679 1948 1805 1997 οὕτως

231 2007 253 2050 ὅ
273 2007 431 2062 βαθμὸς
455 2008 522 2049 καὶ
548 2008 590 2050 ἐν
615 2015 660 2065 τῇ
686 2010 882 2067 τραγῳδίᾳ
901 2007 967 2049 καὶ
986 2008 1030 2049 ἐν
1049 2014 1093 2065 τῇ
1114 2009 1312 2066 κωμῳδίᾳ.
1351 2008 1470 2061 βαλός
1491 2007 1644 2060 Dindf.]
1670 2008 1803 2060 μαλός.

499 2210 502 2213 .
971 2149 1058 2192 956

517 2222 865 2279 βαμβακεύτριαι

350 2308 577 2359 Hesychius
621 2308 939 2362 μαγγανεύτριαι,
970 2308 1013 2348 οἷ
1041 2306 1082 2348 δὲ
1115 2308 1434 2361 φαρμακίστριαι,
1466 2308 1509 2348 οἱ
1537 2305 1579 2347 δὲ
1599 2305 1801 2360 (ἀσήμως)

231 2370 431 2408 λαλοῦσαι.
475 2368 643 2408 Bekke1·.
666 2369 812 2408 Anecd.
835 2370 903 2419 85,
925 2371 979 2407 27
1001 2367 1234 2421 βαμβάκους
1252 2367 1345 2416 τοὺς
1364 2366 1599 2419 φαρμακοὺς
1614 2367 1806 2415 Κίλικες

232 2429 434 2467 καλοῦσιν.
491 2428 670 2467 dubitari
707 2431 843 2468 tamen
874 2429 941 2468 vix
977 2430 1113 2479 potest
1152 2428 1249 2479 quin
1279 2441 1423 2467 nomen
1455 2441 1578 2478 supra
1610 2428 1804 2479 scriptum

234 2487 408 2526 comicae
439 2487 493 2526 sit
523 2487 691 2539 incudis,
723 2501 743 2527 e
771 2488 940 2527 Cilicum
972 2501 1067 2527 voce
1099 2488 1329 2527 formatum.

972 2628 1057 2670 957

518 2687 814 2743 βαμβαλύζειν

345 2773 516 2813 Bekker.
554 2774 703 2813 Anecd.
738 2776 812 2827 30,
853 2777 907 2815 25
965 2772 1008 2815 τὸ
1046 2771 1126 2813 ὑπὸ
1164 2772 1300 2827 ῥίγους
1347 2771 1499 2826 τρέμειν
1543 2771 1609 2812 καὶ
1645 2774 1805 2827 κρούειν

233 2831 326 2880 τοὺς
369 2832 578 2886 γομφίους.
627 2846 701 2873 vox
728 2846 752 2872 a
777 2835 938 2874 comicis
982 2835 1016 2873 si
1058 2847 1138 2873 non
1181 2834 1292 2880 ficta,
1336 2836 1380 2873 at
1413 2836 1520 2873 certe
1559 2834 1734 2884 primum
1764 2835 1805 2873 in

233 2893 439 2944 vulgarem
466 2892 793 2932 consuetudinem
819 2894 1059 2934 introducta.
1103 2892 1344 2946 βαμβακύζω
1372 2893 1590 2945 Hipponax·
1610 2906 1672 2946 ap.
1699 2894 1805 2934 Plut,

235 2951 334 2992 Mor.
365 2953 506 2992 1058e
539 2953 614 3007 (17
642 2950 817 3008 Bergk).·
