2014 3334
219 219 304 262 328
596 270 599 274 r
791 178 795 180 -
881 216 1108 252 ΒΑΤΩΝΟΣ

219 331 415 370 reficiunt.
466 333 507 369 et
538 330 836 381 coniunguntur
861 341 1161 380 nonnumquam
1192 327 1406 368 καθεύδειν
1432 330 1472 368 et
1497 326 1789 368 ἀναπαύεσθαι.

220 392 440 441 perfeetum
472 388 780 428 ἀναπεπαῦσθαι
813 389 961 438 optime
982 388 1030 427 de
1062 400 1107 427 eo
1140 388 1288 427 dicitur
1307 388 1375 439 qui
1403 388 1631 427 intermisso
1651 388 1789 428 labore

221 450 355 501 quiete
388 449 538 487 fruitur
569 449 620 487 ad
658 449 762 488 vires
794 443 1055 487 reficiendas’.
1104 461 1183 486 non
1214 447 1416 486 dubitabit
1446 447 1650 496 Bothium,
1676 448 1791 500 sequi

223 510 292 560 qui
324 508 616 558 comparaverit
647 507 769 546 Arist.
803 507 898 546 Rau.
927 509 1025 546 543.
1105 508 1144 546 4.
1175 507 1275 546 Poll.
1309 508 1347 556 6,
1381 509 1435 547 70
1479 505 1604 546 πολλὰ
1642 504 1692 546 ἂν
1731 506 1792 558 εἴη

221 573 299 607 τῶν
328 566 416 619 περὶ
447 565 519 617 τὴν
551 564 770 618 ’ἡδυντικὴν
803 567 1014 606 σκευασίαν
1040 564 1212 619 ἐξευρεῖν
1238 564 1282 605 ἐκ
1311 571 1389 605 τῶν
1415 563 1664 616 ὀψοποιικῶν
1697 577 1792 619 συγ-

221 626 457 680 γραμμάτων
489 624 785 673 Παντολέοντος
816 625 883 665 καὶ
914 625 1129 664 Μιθαίκου
1166 623 1233 665 καὶ
1272 625 1560 679 Ζωπυρίνου
1597 624 1664 665 καὶ
1699 625 1792 666 Σό-

222 701 381 736 φωνος
411 684 477 725 καὶ
500 682 752 739 εΗγησίππου
790 684 857 725 καὶ
888 685 1084 735 Παξάμου
1125 683 1191 724 καὶ
1217 681 1460 725 Ἐπαινέτου.
1506 688 1792 738 συναριθμοῖτο

223 742 259 784 δ’
300 743 350 784 ἂν
386 744 538 792 τούτοις
568 742 826 798 (Ηρακλείδης
863 759 901 784 τε
940 742 961 784 ὅ
999 743 1278 796 Συρακούσιος
1319 742 1386 784 καὶ
1430 744 1728 798 Τυνδάριχος
1772 742 1793 784 ὁ

222 804 494 852 Σικυώνιος
536 803 603 844 καὶ
638 804 1004 856 Σιμωνακτίδης
1042 801 1062 843 ὅ
1102 804 1222 852 Χῖος
1257 802 1322 843 καὶ
1354 806 1540 852 Γλαῦκος
1571 801 1592 843 ὅ
1624 802 1794 858 Λοκρός.

224 866 274 905 of.
307 865 509 916 Euphron.
546 867 583 916 1,
616 865 713 916 5sq.

826 951 1195 993 ΣΤΝΕΞΑΠΑΤΩΝ

993 1027 1021 1069 5

439 1112 720 1163 ἀπολώλεκας
749 1112 799 1154 τὸ
831 1110 1061 1168 μειράκιόν
1092 1126 1181 1165 μου
1211 1111 1495 1167 παραλαβών,

440 1183 677 1240 ἀκάθαρτε,
709 1181 783 1226 καὶ
814 1181 1022 1232 πέπεικας
1054 1181 1206 1225 ἐλθεῖν
1239 1183 1301 1232 εἰς
1331 1182 1433 1237 βίον

440 1254 674 1311 ἀλλότριον
705 1254 858 1308 αὐτοῦ,
889 1252 962 1296 καὶ
993 1254 1157 1303 πότους
1188 1251 1407 1303 ἑωθινοὺς

439 1328 557 1368 πίνει
590 1326 664 1368 διὰ
697 1323 745 1368 σὲ
775 1330 875 1380 νῦν,
908 1326 1126 1382 πρότερον
1159 1324 1240 1367 οὐκ
1272 1323 1538 1380 εἰθισμένος.

402 1409 422 1439 5
443 1400 492 1440 Β.
525 1393 602 1439 εἶτ’
638 1397 679 1439 εἰ
707 1396 947 1453 μεμάθηκε,
982 1395 1188 1451 δέσποτα,
1222 1398 1312 1451 ζῆν,
1346 1395 1562 1451 ἐγκαλεῖς;

441 1472 494 1521 A.
523 1471 598 1523 ζῆν
625 1467 664 1511 δ’
696 1466 787 1511 ἐστὶ
812 1469 861 1511 τὸ
889 1463 1080 1519 τοιοῦθ’;
1112 1470 1161 1509 Β.
1189 1467 1247 1518 ὡς
1273 1466 1458 1522 λέγουσί
1478 1465 1518 1522 γ’
1550 1468 1597 1510 οἱ
1619 1470 1764 1524 σοφοί.

442 1540 466 1583 ὁ
497 1546 610 1595 γοῦν
637 1536 896 1596 Ἐπίκουρός
927 1550 1066 1595 φησιν
1098 1538 1210 1582 εἶναι
1240 1538 1442 1593 τάγαθὸν

440 1611 522 1666 τὴν
552 1611 721 1667 ἡδονὴν
753 1613 1003 1666 δήπουθεν·
1035 1611 1118 1654 οὐκ
1148 1611 1269 1653 ἔστιν
1301 1608 1341 1652 δ’
1378 1611 1494 1665 ἔχειν

441 1683 606 1738 ταύτην
638 1681 871 1740 ἑτέρωθεν,
904 1681 952 1725 ἐκ
983 1680 1032 1725 δὲ
1063 1688 1143 1725 τοῦ
1177 1684 1254 1737 ζῆν
1284 1681 1519 1736 παγκάλως

381 1765 423 1797 10
444 1758 550 1805 ἴσως
581 1754 776 1805 ἅπαντας
806 1754 1007 1810 εὐτυχεῖν
1040 1754 1197 1805 δώσεις
1228 1752 1336 1809 ἐμοί.

443 1829 496 1868 Α.
529 1824 714 1883 ἑόρακας
745 1822 828 1869 οὗν
858 1827 1127 1882 φιλόσοφον,
1159 1823 1256 1868 εἰπέ
1284 1840 1374 1880 μοι,
1405 1825 1506 1867 τινὰ

443 1896 656 1954 μεθύοντ’
694 1896 763 1941 ε’πὶ
793 1898 968 1949 τούτοις
998 1896 1045 1940 θ’
1084 1892 1151 1948 οἷς
1181 1895 1323 1951 λέγεις
1355 1896 1646 1952 ζηλούμενον;

445 1972 495 2012 Β.
526 1970 738 2021 ἅπαντας·
771 1970 819 2012 οἱ
845 1975 957 2024 γοῦν
987 1970 1064 2020 τὰς
1095 1968 1239 2025 ὀφρῦς
1271 1967 1507 2025 ἐπηρκότες

444 2039 516 2083 καὶ
547 2041 622 2084 τὸν
654 2042 880 2097 φρόνιμον
913 2043 1143 2096 ζητοῦντες
1175 2039 1224 2082 ἐν
1254 2046 1347 2091 τοῖς
1377 2039 1633 2096 περιπάτοις

383 2122 424 2155 15
445 2111 519 2154 καὶ
549 2119 645 2163 ταῖς
677 2113 923 2170 διατριβαῖς
955 2112 1102 2168 ὥσπερ
1135 2110 1481 2168 ἀποδεδρακότα,

446 2183 599 2238 οὕτως,
631 2183 742 2226 ἐπὰν
773 2184 1038 2238 γλαυκίσκος
1070 2182 1221 2234 αὐτοῖς
1251 2186 1496 2240 παρατεθῇ,

447 2258 596 2298 ἴσασιν
628 2251 682 2298 οὗ
715 2256 787 2298 δεῖ
814 2262 992 2312 πρῶτον
1023 2256 1225 2307 ἅψασθαι
1255 2256 1395 2298 τόπου

446 2325 521 2369 καὶ
550 2327 633 2382 τὴν
663 2327 863 2383 κεφαλὴν
896 2330 1100 2383 ζητοῦσιν
1132 2328 1278 2384 ὥσπερ
1309 2327 1578 2384 πράγματος,

447 2394 549 2440 ὥστ’
585 2397 884 2455 ἐκπεπλῆχθαι
915 2400 1093 2451 πάντας.
1483 2388 1486 2390 ’

353 2485 586 2524 Athenaeus
614 2487 652 2537 3,
683 2487 797 2526 1030
827 2486 966 2526 Βάτων
997 2484 1040 2526 ἓν
1064 2485 1396 2542 Συνεξαπατῶντι
1428 2484 1807 2539 δυσχεραίνοντα

235 2543 444 2595 ποιήσας
493 2545 743 2596 μειρακίου
792 2544 991 2600 πατέρα,
1040 2543 1100 2593 ὡς
1150 2543 1510 2597 διαφθαρέντος
1557 2543 1674 2584 κατὰ
1721 2542 1808 2595 τὴν

237 2603 427 2642 δίαιταν
457 2602 548 2643 ὑπὸ
580 2604 914 2658 παιδαγωγοῦ,
945 2605 1070 2656 φησίν
1100 2607 1178 2652 κτλ,
1227 2605 1334 2643 idem
1357 2607 1391 2653 7,
1414 2607 1533 2645 279a
1563 2603 1700 2644 Βάτων
1729 2599 1808 2658 (sic

238 2662 421 2714 Casaub„
458 2662 628 2703 Πλάτων
659 2665 723 2704 hie
753 2667 801 2704 ut
829 2667 911 2704 103
932 2660 1021 2718 AO)
1065 2663 1109 2703 ἐν
1139 2663 1471 2711 Συνεξαπατῶντι
1503 2663 1809 2716 δυσχεραίνοντα

238 2721 406 2772 ποιήσας
442 2720 589 2774 πατέρα
625 2726 678 2779 τῷ
709 2729 780 2764 τοῦ
819 2724 912 2764 υἱοῦ
943 2724 1183 2779 παιδαγωγῷ
1213 2722 1279 2762 καὶ
1309 2721 1471 2776 λέγοντα
1501 2726 1579 2762 κτλ.
1661 2725 1698 2762 1.
1729 2737 1806 2774 μου

237 2779 279 2819 τὸ
314 2780 515 2833 μειράκιον
533 2782 602 2821 AO
637 2785 734 2823 103.
815 2786 852 2824 3.
883 2782 1029 2831 ποτοὺς
1054 2783 1092 2822 Α
1126 2785 1220 2822 279.
1306 2786 1345 2822 4.
1383 2780 1608 2835 εἰθισμένος
1632 2782 1669 2821 Α
1701 2780 1806 2831 279]

239 2838 464 2891 εἰθισμένον
499 2843 593 2881 103.
656 2843 693 2882 5.
727 2838 794 2882 εἶτ’
830 2843 865 2882 εἰ
893 2843 931 2882 Α
963 2842 1067 2893 279]
1101 2842 1141 2882 εἴ
1163 2857 1199 2881 τι
1233 2845 1328 2882 103.
1378 2843 1550 2882 fortasse
1588 2839 1703 2891 ὁτιὴ.
1766 2843 1804 2880 6.

240 2895 276 2938 δ’
306 2897 383 2938 ἐστὶ
400 2898 442 2939 τὸ
462 2905 641 2941 τοιοῦτον
662 2901 730 2941 AO
755 2903 985 2954 utrubique.
1035 2899 1077 2941 δὲ
1096 2900 1138 2941 τὸ
1157 2906 1337 2941 τοιοῦτον
1356 2902 1491 2942 Dindf.
1540 2899 1634 2952 (phy
1652 2899 1694 2940 τὸ
1726 2914 1806 2940 τοι-
