2014 3334
612 293 1020 328 HEPIKEIPOMENH
1071 293 1308 329 ΠΕΡΙΝΘΙΑ
1670 288 1754 332 113

918 428 1007 471 394

381 507 607 556 οὐπώποτ’
643 510 839 568 ἐζήλωσα
870 514 1090 567 πολυτελῆ
1123 513 1302 569 νεκρόν·

381 585 444 635 εἰς
474 585 555 627 τὸν
586 587 688 627 ἴσον
721 585 858 639 ὄγκον
888 589 949 642 τςό
983 579 1148 641 σφόδρ’
1184 580 1322 641 ἔρχετ’
1359 583 1537 627 εὐτελεῖ.

286 672 485 712 Stobaeus
511 672 651 712 Floril.
683 673 781 725 123,
808 674 831 711 2
868 666 978 727 (περὶ
1008 666 1159 727 ταφῆς)
1192 670 1441 723 Μενάνδρου
1474 671 1756 724 Περινθ[ε]ίας
1827 685 1836 694 ·

165 734 214 774 A.
266 735 303 774 1.
334 734 506 772 monost.
539 734 639 772 411.
703 734 740 771 2.
768 731 856 772 ἴσον
890 728 926 771 δ’
963 732 1130 772 codices.
1175 731 1231 779 εἰς
1263 730 1330 771 τὸν
1363 731 1451 771 ἴσον
1484 727 1596 772 οἶκον
1622 733 1757 773 Bentl.

166 795 209 834 at
241 793 361 845 Soph.
394 793 456 832 El.
492 795 606 832 1142
649 790 812 845 σμικρὸς
843 791 1056 845 προσήκεις
1093 789 1235 846 ὄγκος
1267 791 1309 831 ἐν
1342 795 1494 848 σμικρῷ
1525 792 1644 832 κύτει.
1707 794 1755 832 ef.

166 853 304 894 Cobet.
325 853 373 893 V.
406 848 452 893 1.2
481 855 578 894 195.
614 875 665 881 -—
702 853 855 892 seilicet
887 854 1095 893 cremando
1132 853 1198 893 vel
1229 854 1463 902 putescendo
1495 855 1666 904 uterque
1705 855 1754 892 ad

165 915 335 954 eandem
366 913 633 966 exiguitatem
664 913 877 966 redigitur.

922 1030 1011 1074 395

590 1173 606 1185 κ
745 1113 813 1158 ὅσ’
851 1116 944 1158 ἔστι
976 1115 1150 1171 μαλακὰ
1183 1116 1421 1171 συλλαβὼν

385 1187 433 1231 ἐκ
463 1193 540 1243 τῆς
571 1189 741 1238 πόλεως
771 1188 822 1230 τὸ
855 1187 1052 1231 σύνολον
1084 1187 1266 1244 ἐκπήδα,
1299 1190 1441 1243 φίλος.

286 1255 432 1315 Pollux
467 1277 636 1326 10‚11.
671 1277 725 1314 12
772 1273 944 1316 ἐκαλεῖτο
989 1272 1032 1315 δὲ
1072 1280 1197 1315 ταῦτα
1236 1271 1302 1328 (τὰ
1339 1272 1424 1314 κατ’
1467 1269 1580 1315 οἶκον
1618 1271 1759 1328 σκεύη)

128 1345 139 1349 “
168 1334 247 1375 ὑπὸ
284 1341 363 1375 τῶν
401 1333 605 1387 νεωτέρων
636 1333 703 1374 καὶ
735 1335 912 1387 μαλακά,
951 1331 1041 1376 οἷον
1073 1334 1409 1388 εὐμεταχείριστα,
1448 1333 1501 1383 ὡς
1532 1330 1616 1374 εἶπε
1648 1332 1759 1374 Μέν-

168 1397 316 1449 ανδρος
347 1394 390 1436 ἐν
421 1400 466 1451 τῇ
487 1395 690 1451 Περινθία
710 1393 788 1436 κτλ.
834 1392 894 1435 όσ’
930 1394 1011 1436 ε’στι
1041 1394 1200 1448 μαλακὰ
1219 1394 1370 1446 Bentl.]
1407 1394 1428 1434 ὅ
1460 1394 1539 1435 ἐστι
1570 1394 1760 1447 μαλακόν.

171 1460 206 1496 2.
241 1457 359 1507 φίλος
391 1455 436 1507 Ο,
468 1459 618 1496 θᾶττον
649 1456 692 1495 P.
729 1455 866 1496 Φίλων
896 1457 1018 1497 Mein.
1071 1456 1222 1507 Φίλων,
1251 1455 1256 1505 Ι
1284 1459 1435 1495 θᾶττον
1467 1456 1587 1495 WIein.
1623 1459 1659 1495 1.

899 1611 905 1618 .
926 1574 1014 1617 396

457 1656 528 1701 ἐπὶ
560 1665 650 1701 τῶν
683 1657 863 1715 ἁμαξῶν
895 1659 983 1701 εἰσι
1014 1659 1234 1715 πομπεῖαί
1259 1673 1377 1708 τινες

458 1731 637 1787 σφόδρα
668 1731 883 1789 λοίδοροι.

290 1818 599 1869 Harpocration.,
626 1819 809 1870 Photius,
841 1818 989 1858 Suidas
1015 1818 1214 1870 πομπείας
1239 1816 1306 1857 καὶ
1331 1817 1553 1870 πομπεύειν
1578 1815 1666 1856 ἀντὶ
1691 1822 1761 1857 τοῦ

170 1878 371 1931 λοιδορίας
402 1876 470 1918 καὶ
500 1878 699 1931 λοιδορεῖν
719 1908 728 1917 .
749 1910 756 1917 .
779 1909 788 1917 .
815 1876 1025 1931 μεταφέρει
1058 1876 1100 1918 δὲ
1132 1876 1211 1918 ἀπὸ
1242 1884 1322 1918 τῶν
1355 1877 1397 1917 ἒν
1428 1882 1513 1926 ταῖς
1544 1880 1761 1917 Διονυσια-

170 1942 258 1986 καῖς
288 1942 465 1991 πομπαῖς
497 1936 562 1978 ε’πὶ
591 1944 671 1978 τῶν
703 1936 867 1991 ἁμαξῶν
898 1937 1222 1992 λοιδορουμένων
1262 1937 1456 1990 ἀλλήλοις.
1518 1936 1762 1990 Μένανδρος

171 1999 375 2055 Περινθίᾳ
405 2002 484 2038 κτλ.
546 1995 572 2050 ἡ
606 1998 812 2051 μεταφορὰ
846 1997 888 2039 δὲ
915 2000 1031 2040 Phot.
1063 1996 1089 2050 ἡ
1122 1998 1329 2052 μεταφορὰ
1362 1999 1472 2038 Suid.
1500 2001 1541 2038 et
1568 1999 1603 2037 D
1625 1998 1760 2048 Harp..

170 2060 396 2111 περινθείαι
433 2059 519 2100 cod.
558 2060 674 2099 Phot.
713 2060 911 2110 περινθίω
952 2058 1024 2098 *V
1056 2059 1168 2100 Suid.
1244 2060 1292 2099 of.
1324 2059 1533 2099 Demosth.
1569 2060 1641 2110 18,
1678 2060 1760 2097 122

172 2133 263 2159 cum
296 2121 432 2169 schol„
464 2120 583 2159 Phot.
616 2119 727 2159 Suid.
761 2118 807 2159 τὰ
839 2118 883 2160 ἐκ
913 2125 992 2160 τῶν
1024 2118 1188 2172 ἁμαξῶν
1221 2119 1445 2172 σκώμματα.

929 2238 1014 2281 397

750 2321 966 2378 οὐδεμίαν
998 2322 1024 2377 ἡ
1058 2327 1202 2379 γραῦς
1234 2321 1348 2372 ὅλως

414 2394 573 2437 κύλικα
604 2400 815 2451 παρῆκεν,
849 2394 960 2437 ἀλλὰ
991 2396 1111 2437 πίνει
1141 2394 1224 2449 τὴν
1255 2393 1413 2451 κύκλῳ.

294 2482 527 2521 Athenaeus
563 2485 630 2534 11,
663 2484 789 2522 504a
820 2480 941 2521 ἔδωκε
975 2477 1090 2555 (⁷:th
1099 2476 1270 2535 φιάλην)
1306 2483 1360 2536 τῷ
1391 2477 1505 2519 παιδὶ
1536 2479 1763 2531 περισοβεῖν

175 2540 217 2581 έν
243 2540 375 2599 κύκλῳ
407 2541 608 2593 κελεύσας,
632 2540 675 2581 τὸ
701 2541 833 2598 κύκλῳ
858 2542 990 2582 πίνειν
1015 2538 1124 2582 τοῦτ’
1154 2536 1256 2581 εἶναι
1281 2538 1420 2593 λέγων,
1445 2537 1763 2591 παρατιθέμενος

177 2601 426 2654 Μενάνδρου
472 2600 516 2641 ἐκ
546 2602 770 2655 Περινθίας
806 2605 885 2643 κτλ.
945 2599 973 2654 ἡ
1011 2600 1154 2656 γραυς]
1193 2597 1353 2654 ἥγρευσ’
1390 2601 1439 2639 A
1497 2600 1762 2638 temulentam

177 2663 436 2702 obstetricem
469 2662 650 2702 Terentii
681 2662 807 2702 Andr.
842 2665 881 2715 1,
912 2664 939 2702 4
972 2665 1014 2702 et
1047 2664 1071 2702 5
1107 2661 1187 2701 diei
1220 2662 1356 2700 censet
1388 2659 1573 2699 Grauert

928 2779 1014 2822 398

391 2863 442 2906 τὸ
475 2863 656 2906 παιδίον
688 2863 727 2906 δ’
764 2865 977 2919 εἰσῆλθεν
1010 2861 1200 2917 ἑψητοὺς
1231 2859 1384 2917 φέρον.

298 2951 531 2990 Athenaeus
567 2953 603 3000 7,
639 2952 764 2991 3011>
810 2949 968 3003 ἑψητός.
1019 2947 1083 2989 ἐπὶ
1123 2953 1202 2988 τῶν
1245 2950 1396 2987 λεπτῶν
1440 2946 1637 2999 ἰχθυδίων
1670 2977 1678 2985 .
1712 2977 1720 2985 .
1755 2977 1761 2985 .

181 3008 425 3091 Μένανδρος
450 3009 656 3065 Περινθίᾳ
675 3014 752 3050 κτλ.
786 3008 822 3050 δ’
859 3025 936 3051 om.
958 3010 1005 3050 A.
1057 3010 1216 3048 Terent.
1239 3008 1364 3047 Andr.
1386 3009 1424 3059 2,
1446 3009 1484 3059 2,
1511 3010 1564 3046 31
1594 3009 1761 3056 puerum

252 3084 294 3110 Co
277 3084 355 3110 oicm
356 3084 459 3117 igme
519 3085 564 3111 ed.
586 3084 640 3111 Th.
660 3085 707 3110 Κο
710 3085 755 3111 ck
776 3084 834 3111 m
1452 3076 1473 3107 8
