2014 3334
563 244 1040 280 ΕΓΚΑΛΤΠΤΟΜΕΝΟΣ
1068 265 1112 272 -
1138 246 1403 281 ΚΕΡΑΤΝΟΣ
1689 243 1776 286 299

970 381 997 422 2

480 461 559 505 ἐάν
591 477 644 518 με
676 468 802 518 κινῇς
833 462 906 506 καὶ
938 465 1127 520 ποιήσῃς
1158 464 1239 519 τὴν
1270 464 1409 520 χολὴν

479 534 658 577 ἅπασαν
690 534 838 592 ὥσπερ
870 535 1184 591 καλλιωνύμου
1218 534 1351 590 ζέσαι,

479 607 580 659 ὄψει
613 605 870 664 διαφέροντ’
909 605 1016 651 οὐδὲ
1048 608 1098 650 ἓν
1131 607 1284 663 ξιφίου
1315 609 1461 659 κυνός.

310 693 505 733 Aelianus
536 694 589 734 H.
623 707 685 734 an.
721 696 788 746 13,
821 697 847 734 4
891 693 956 735 ἐπὶ
991 699 1062 735 τοῦ
1100 695 1225 747 λοβοῦ
1262 699 1334 735 τοῦ
1376 694 1509 744 δεξιοῦ
1540 694 1778 749 καθημένην

190 751 267 807 ἔχει
298 748 339 809 (ὁ
370 749 663 808 καλλιώνυμος)
696 753 817 807 χολὴν
848 754 1000 807 πολλήν
1023 786 1031 794 .
1053 786 1062 795 .
1084 786 1092 794 .
1116 753 1183 794 καὶ
1223 758 1418 808 μαρτυρεῖ
1441 755 1596 804 τούτοις
1618 788 1627 796 .
1648 787 1658 796 .
1678 789 1687 796 .
1711 755 1778 796 καὶ

185 810 427 863 Ἀνάξιππος
458 812 501 854 ἐν
528 810 865 872 Ἐπιδικαζομένῳ
884 818 962 855 κτλ.
1014 815 1063 855 of.
1084 816 1267 855 Menand.
1290 817 1358 856 31.
1404 816 1544 868 Polyb.
1567 818 1635 866 34,
1660 819 1698 866 2,
1721 818 1775 857 15

189 873 539 989 τοὺς4γοὸλςώτας,
569 872 654 929 ξοῦς
690 873 757 915 καὶ
783 876 960 927 ’ξιφίας
997 873 1224 930 λέγεσθαι
1262 873 1328 915 καὶ
1366 874 1518 924 κύνας
1563 871 1714 931 (Strab.
1751 879 1771 916 1

189 948 228 986 p.
264 937 288 974 2
387 966 395 975 .
419 964 429 975 .

848 1017 1113 1052 ΚΕΡΑΤΝΟΣ

311 1091 441 1131 Tituli
472 1092 578 1133 ratio
610 1093 826 1143 exponitur
856 1095 905 1133 fr.
940 1095 977 1134 3.
1028 1094 1076 1133 cf.
1108 1094 1228 1133 Mein.
1262 1093 1412 1139 1438.
1446 1095 1546 1134 469.
1581 1095 1647 1134 70.

967 1211 995 1254 3

599 1293 690 1350 ὁρῶ
721 1285 806 1351 γὰρ
839 1293 887 1338 ἐκ
917 1297 1190 1351 παλαίστρας
1220 1302 1310 1338 τῶν
1342 1299 1489 1351 φίλων

405 1366 651 1421 προσιόντα
682 1382 758 1422 μοι
789 1366 1046 1422 Δάμιππον.
1109 1369 1159 1410 Β.
1190 1363 1217 1421 ἧ
1249 1373 1411 1410 τοῦτον
1442 1366 1599 1422 λέγεις,

405 1437 485 1480 τὸν
515 1435 743 1495 πέτρινον;
775 1444 938 1482 τοῦτον
970 1439 1018 1482 οἱ
1045 1440 1170 1494 φίλοι
1201 1441 1392 1482 καλοῦσί
1420 1450 1492 1482 σοι

360 1539 365 1542 -
405 1508 511 1552 νυνὶ
544 1506 603 1552 δι’
638 1509 852 1568 ἀνδρείαν
883 1507 1131 1568 Κεραυνόν.
1193 1514 1247 1553 Α.
1285 1512 1477 1562 εἰκότως.

367 1592 387 1623 5
409 1580 601 1637 ἀβάτους
631 1590 779 1625 ποιεῖν
810 1583 895 1640 γὰρ
927 1584 1004 1634 τὰς
1034 1581 1248 1640 τραπέζας
1279 1587 1430 1639 οἴομαι

406 1653 557 1709 αὐτόν,
590 1656 954 1712 κατασκήπτοντά
985 1654 1026 1711 γ’
1064 1656 1220 1707 αὐταῖς
1250 1662 1303 1713 τῇ
1335 1656 1505 1715 γνάθῳ.

310 1741 545 1781 Athenaeus
580 1744 647 1791 10,
679 1744 794 1783 41‚6f
817 1739 1058 1792 Ἀνάξιππος
1090 1744 1285 1800 Κεραυνῷ
1310 1746 1389 1783 κτλ.
1439 1741 1482 1783 ἐν
1507 1742 1660 1790 τούτοις
1685 1741 1775 1794 ἐδή-

190 1803 315 1841 λωσεν
347 1798 368 1840 ὅ
400 1800 592 1853 κωμικός,
632 1799 683 1841 δι’
719 1802 741 1842 ὅ
765 1817 800 1842 τι
838 1801 904 1843 καὶ
942 1802 984 1844 τὸ
1017 1804 1149 1855 δρᾶμα
1179 1802 1391 1855 Κεραυνὸν
1423 1799 1492 1842 ἀπ’
1535 1801 1659 1842 αὐτοῦ
1692 1801 1774 1842 ἐπι-

189 1859 373 1915 γέγραφε.
451 1876 489 1902 v.
522 1863 648 1901 4—6
689 1863 878 1903 Eustath.
911 1866 1015 1914 862,
1053 1866 1077 1903 9
1131 1861 1258 1915 ἕτερος
1302 1863 1538 1917 πολυφάγος
1569 1861 1776 1917 Κεραυνὸς

191 1919 378 1972 ἐκαλεῖτο,
410 1919 494 1961 ἐπεὶ
523 1921 623 1961 κατά
653 1935 743 1962 τινα
766 1921 938 1975 ποιητὴν
973 1922 1147 1976 ἀβάτους
1178 1922 1303 1963 ἐποίει
1333 1922 1401 1971 τὰς
1437 1921 1628 1975 τραπέζας
1658 1937 1774 1962 κατα-

191 1980 377 2032 σκήπτων
409 1979 547 2029 αύταΐς
578 1986 623 2036 τῇ
648 1982 802 2038 γνάθῳ.
884 1986 922 2023 2.
954 1977 980 2035 ἦ
1010 1984 1098 2023 add.
1119 1983 1343 2035 Sohweigh.
1426 1985 1464 2022 3.
1497 1981 1565 2022 τὸν
1590 1980 1775 2034 πέτρινον

190 2045 332 2081 τοῦτον
357 2041 400 2081 οἱ
421 2041 529 2092 φίλοι
555 2042 725 2082 καλοῦσί
747 2053 810 2083 σοι
834 2041 928 2082 νυνὶ
946 2043 1028 2082 AO.
1065 2041 1154 2083 τὸν.
1176 2074 1183 2082 .
1206 2039 1274 2082 ,ὃν
1307 2042 1349 2082 οἰ
1376 2043 1486 2094 φίλοι
1517 2045 1595 2082 κτλ.
1634 2043 1774 2082 Elmsl.

191 2101 329 2151 Eurip.
362 2102 505 2141 Bacch.
541 2103 617 2154 10,
661 2102 850 2142 dubitans
895 2104 943 2143 de
989 2104 1168 2155 epitheto
1213 2100 1408 2155 πέτρινον.
1458 2101 1527 2142 τὸν
1570 2101 1773 2155 πτέρινον;

191 2162 236 2200 Β.
269 2155 346 2200 οἷδ’
381 2157 430 2200 ὃν
461 2161 580 2217 Mein.
613 2161 731 2202 Anal.
756 2163 852 2202 Ath.
883 2165 978 2215 184,
1009 2163 1080 2203 ubi
1113 2158 1204 2203 οἶδα
1234 2165 1327 2214 post
1358 2163 1716 2214 interrogationem
1748 2157 1774 2215 ἦ

191 2226 333 2261 τοῦτον
352 2218 474 2275 λέγεις
499 2235 579 2270 non
600 2225 740 2273 aptum
758 2224 930 2264 videtur.
980 2224 1152 2264 fortasse
1177 2221 1246 2263 τὸν
1271 2221 1321 2263 κέ
1329 2223 1352 2262 δ
1360 2238 1516 2275 ρινον;
1554 2222 1600 2262 Α.
1627 2221 1775 2262 αὐτὸν

191 2285 332 2321 τοῦτον
362 2278 410 2320 ὃν
442 2282 609 2322 καλοῦσί
636 2297 708 2323 τοι
739 2286 816 2324 κτλ.
868 2297 961 2323 nam
992 2283 1102 2334 φίλοι
1133 2297 1181 2323 ex
1206 2298 1241 2323 v.
1273 2286 1292 2322 1
1329 2287 1463 2323 ortum
1494 2283 1664 2323 videtur.
1706 2281 1774 2322 τὸν

191 2338 395 2393 κέδρινον,
431 2343 479 2381 ut
517 2341 780 2394 Chaerephon
818 2344 1048 2384 Socraticus
1087 2344 1371 2395 adpellabatur
1408 2341 1429 2382 ὅ
1467 2342 1660 2392 θάψινος.
1737 2346 1774 2382 6.

192 2396 228 2454 γ’
259 2414 336 2441 om.
361 2402 409 2440 A.
442 2399 580 2449 αὐταῖς
613 2401 642 2442 C
669 2406 710 2442 et
734 2402 870 2454 Eust]
904 2403 1002 2458 αὐτῇ
1023 2404 1072 2443 A.
1121 2402 1446 2455 κατασκήπτοντα
1476 2402 1635 2450 ταύταις
1655 2403 1772 2441 Mein.

192 2461 234 2498 in
264 2460 362 2500 Ath.
391 2461 530 2500 malim
561 2460 870 2514 κατασκήπτοντ’
907 2460 973 2503 ἐπ’
1010 2462 1166 2511 αὐτὰς.
1200 2486 1256 2490 —-
1283 2464 1333 2503 cf.
1366 2463 1643 2513 Aristophont.
1674 2464 1711 2502 3.

969 2581 996 2621 4

410 2664 544 2716 οἴμοι,
577 2665 852 2719 φιλοσοφεῖς.
885 2663 996 2706 ἀλλὰ
1026 2663 1131 2714 τούς
1162 2679 1211 2717 γε
1244 2664 1525 2718 φιλοσόφους

410 2732 460 2775 ἐν
490 2740 584 2784 τοῖς
615 2736 760 2790 λόγοις
792 2742 1075 2793 φρονοῦντας
1107 2734 1296 2790 εὑρίσκω
1329 2735 1485 2789 μόνον,

410 2803 459 2847 έν
489 2812 606 2848 τοῖσι
638 2804 679 2848 δ’
716 2808 863 2863 ἔργοις
895 2808 1025 2857 ὄντας
1057 2806 1276 2862 ἀνοήτους
1308 2805 1410 2861 ὁρῶ.

314 2889 549 2931 Athenaeus
585 2894 656 2943 13,
696 2894 809 2933 610f
848 2892 1051 2945 ἐμφανίζει
1095 2891 1208 2943 ὑμῶν
1245 2891 1287 2932 τὸ
1328 2890 1501 2944 ἀνόητον
1534 2888 1773 2940 Ἀνάξιππος

198 2946 219 2988 ὃ
250 2950 571 3006 κωμῳδιοποιός,
610 2950 652 2991 ἕν
685 2952 1005 3010 Κεραυνουμένῳ
1037 2950 1160 3006 λέγων
1201 2952 1328 3000 οὕτως
1358 2954 1436 2992 κτλ.
1519 2955 1555 2991 1.
1586 2967 1630 3006 γε
1662 2952 1773 2993 Grot.
