2014 3334
285 234 373 275 218
615 253 618 257 ›
929 237 1226 270 MENANAPOT

1032 368 1116 411 789

499 451 583 493 κάν
613 458 708 501 ταῖς
740 451 943 507 ἀπορίαις
974 449 1071 494 ἔσθ’
1107 451 1131 495 ὁ
1163 453 1350 508 χρηστὸς
1379 454 1603 509 χρήσιμος.

406 538 602 577 Stobaeus
634 538 773 577 Floril.
806 540 874 588 37,
911 541 961 578 12
995 544 1065 579 τοῦ
1097 537 1220 579 αὐτοῦ
1253 535 1521 591 (Μενάνδρου
1559 535 1632 593 11)
1665 540 1713 580 A.
1762 539 1854 593 χρή-

285 608 398 648 σιμος
432 593 538 648 AB2]
573 597 774 650 χρήσιμον.

1027 680 1111 721 790

498 762 547 804 τὸ
583 763 732 805 δοκεῖν
766 762 980 817 διαβολὴν
1012 763 1109 817 ἔσχε
1141 765 1269 818 μείζω
1301 769 1381 805 τοῦ
1413 770 1586 806 ποιεῖν’

405 849 602 888 stobaeus
628 849 767 888 Floril.
787 851 856 896 42,
877 851 900 888 5
935 853 1005 888 τοῦ
1037 847 1160 888 αὐτοῦ
1194 845 1462 902 (Μενάνδρου
1490 847 1535 904 4)
1569 850 1700 890 Trino.
1733 851 1856 890 etiam

290 908 339 960 A,
370 908 418 947 de
451 909 565 948 cuius
597 922 731 948 errore
763 909 812 948 ef.
844 910 942 948 576.
993 906 1212 960 μεταβολὴν
1244 908 1302 961 ἔχε
1335 911 1448 950 Voss.

500 1121 652 1163 κοινὸν
684 1119 859 1174 ἀγαθὸν
890 1117 1008 1162 τοῦτ’
1045 1120 1151 1175 ἐστί,
1183 1122 1370 1177 χρηστὸς
1402 1121 1612 1177 εὐτυχῶν.

407 1208 604 1246 Sbobaeus
636 1207 772 1246 Floril.
795 1209 864 1259 43,
897 1209 951 1246 23
985 1207 1233 1260 Μενάνδρου
1265 1208 1313 1247 Α.
1368 1210 1537 1248 monost.
1571 1210 1666 1248 681.
1698 1206 1859 1261 ἀγαθὸν

286 1263 391 1307 τοῦτ’
433 1266 523 1316 ἐστί,
548 1267 670 1306 Dobr.
706 1267 831 1306 Arist.
862 1267 968 1306 Eecl.
1003 1269 1059 1307 70
1089 1281 1128 1318 p.
1162 1266 1263 1318 142]
1308 1266 1465 1321 ἀγαθόν
1509 1266 1586 1307 ε’στι
1628 1272 1754 1307 τοῦτο.
1816 1265 1859 1307 δὲ

285 1326 408 1366 καλόν
448 1325 526 1366 ε’στι
557 1329 727 1366 monost.
765 1325 922 1380 ἀγαθὸν
954 1324 996 1366 δὲ
1026 1332 1141 1367 τοῦτο
1174 1327 1299 1367 Gaisf.
1338 1326 1412 1380 γὰρ
1444 1325 1602 1380 ἀγαθόν
1633 1325 1710 1367 ἐστι
1741 1327 1858 1368 Mein.

1031 1444 1116 1486 792

501 1526 582 1569 οὐκ
613 1528 704 1569 ἔστι
734 1528 897 1582 τόλμης
928 1525 1114 1581 ἐφόδιον
1146 1529 1294 1582 μεῖζον
1326 1529 1440 1582 βίου.

405 1614 601 1653 Sssobaeus
621 1614 758 1652 Floril.
780 1614 849 1664 51,
871 1616 926 1653 20
953 1612 1200 1666 Μενάνδρου
1221 1614 1269 1652 Α.
1319 1613 1393 1669 βίῳ
1415 1614 1584 1653 Salmas.
1607 1614 1853 1665 ap.G1·ot.—-

287 1674 408 1712 militi
439 1674 503 1714 vel
534 1674 711 1724 parasito
745 1675 840 1723 apta
871 1674 1081 1712 sententia.

1031 1802 1116 1844 793

501 1885 583 1927 οὐκ
614 1886 705 1927 ἔστι
736 1886 897 1941 τόλμης
929 1884 1249 1942 ἐπιφανεστέρα
1279 1886 1396 1936 θεός.

405 1973 600 2012 Sssobaeus
639 1972 775 2012 Floril.
809 1974 883 2022 51,
918 1974 970 2011 25
1013 1972 1263 2023 Μενάνδρου
1295 1972 1343 2012 Α.
1406 1969 1571 2012 ‘nullum
1607 1974 1855 2021 praesentius

287 2029 457 2074 numen'.
507 2032 646 2071 cleric.
687 2049 729 2059 ·—
768 2033 816 2071 cf.
850 2032 986 2072 Cobet.
1017 2033 1066 2072 N.
1099 2033 1124 2071 l.
1158 2034 1227 2073 26.

1032 2160 1116 2201 794

501 2243 707 2299 ἀγροῖκος
739 2239 852 2284 εἶναι
885 2250 1122 2299 προσποιεῖ
1149 2243 1343 2299 πονηρὸς
1374 2243 1448 2285 ὥν.

408 2330 602 2369 Stobaeus
623 2330 758 2369 Floril.
786 2331 854 2380 56,
888 2331 912 2368 9
946 2328 1193 2382 Μενάνδρου
1218 2329 1266 2368 Α.
1326 2333 1539 2382 προσποιεῖ
1559 2328 1610 2379 A]
1645 2335 1853 2384 προσποιῇ.

288 2394 348 2429 est
379 2403 482 2440 pers.
515 2392 553 2428 2.

1032 2469 1117 2511 795

502 2543 589 2597 ἔχει
619 2557 660 2583 τι
692 2542 740 2583 τὸ
772 2541 930 2597 πικρὸν
960 2546 1036 2595 τῆς
1066 2542 1282 2596 γεωργίας
1312 2524 1464 2594 γλυκύ.

406 2629 602 2668 Sbobaeus
634 2628 770 2667 Floril.
811 2629 879 2678 57,
914 2630 936 2667 9
981 2626 1229 2678 Μενάνδρου
1261 2627 1307 2666 Α.
1379 2641 1415 2666 τι
1456 2625 1498 2666 τὸ
1536 2626 1590 2678 A]
1635 2641 1668 2666 τι
1712 2625 1854 2680 πικρὸν

287 2686 328 2727 τὸ
359 2689 489 2727 Benffl.

1031 2767 1115 2809 796

502 2842 634 2882 λυπεῖ
661 2855 712 2895 με
745 2840 905 2889 δοῦλος
936 2840 1083 2894 μεῖζον
1115 2837 1288 2880 οἰκέτου
1319 2844 1513 2893 φρονῶν.

408 2926 604 2965 Stobaeus
624 2926 760 2965 Floril.
783 2927 850 2976 62,
871 2926 895 2965 5
930 2924 1176 2976 Μενάνδρου
1196 2925 1244 2963 Λ.
1286 2920 1371 2975 ‘qui
1397 2937 1517 2974 supra
1536 2936 1692 2964 servum
1719 2920 1851 2974 sapit'.
