2014 3334
306 249 391 290 720
820 249 1165 283 SUPPLEMENTA
1190 250 1295 284 VOL.
1323 250 1343 283 1

424 363 459 408 9,
495 363 531 399 2.
576 361 745 399 fortasse
777 361 821 398 B.
853 360 987 411 βούλει
1017 362 1095 399 κτλ.

423 422 476 459 23
503 416 708 471 Ἡράκλεις
738 420 786 458 Α.
817 419 971 458 Nauck.
1002 420 1206 470 Melanges
1239 419 1274 456 V
1309 421 1406 458 226.

423 481 489 529 31,
525 482 551 522 1
585 477 712 518 πολὺν
749 477 863 530 βιοὺς
900 477 1041 531 χρόνον
1079 481 1120 517 et
1152 480 1176 518 3
1211 474 1321 531 (cum
1351 479 1490 518 Tzetze
1521 480 1669 518 Anecd.
1701 479 1772 520 Ox.
1803 479 1866 519 HI

303 540 400 588 338,
434 534 508 590 31)
541 537 668 588 σοφὰς
699 537 915 593 τραγῳδίας
944 538 1164 588 Nauckius,
1198 538 1310 577 cuius
1343 539 1393 579 cf.
1417 539 1622 590 Melanges
1651 539 1736 578 ΠΠ
1769 541 1865 579 721.

422 658 476 696 36
510 657 697 695 Eustath.
730 659 827 707 968,
861 659 885 696 3
919 656 1008 695 add.
1039 657 1226 696 Kaehler.
1257 657 1393 696 Herm.
1423 657 1518 696 XXI
1551 659 1647 698 630.

424 719 478 756 70
509 713 535 754 ἃ
567 712 602 754 δ’
638 712 802 768 ἅναγν’
838 711 938 755 ἔσθ’
972 716 1126 755 Nauck.
1158 716 1269 755 Stud.
1301 717 1479 767 Euripid.
1505 717 1526 756 I
1559 719 1612 756 73
1645 730 1682 756 n.
1711 720 1733 756 1
1768 713 1812 768 (i.
1831 730 1864 758 e.

302 776 528 815 sacerdotes
554 776 700 814 debent
730 775 971 827 καθαρεύειν
1001 781 1080 815 τῶν
1105 773 1302 828 άνάγνων.
1351 776 1400 815 cf.
1420 776 1685 816 Lex.Vindob.
1707 771 1866 829 xxxw),

301 837 446 884 trayico
476 835 518 873 id
548 835 818 886 fragmentum
850 835 1077 887 adsignans.

419 893 478 933 Cf.
511 895 631 933 etiam
664 895 797 945 adesp.
833 896 958 935 1083.
995 896 1117 934 1333.

901 1009 1264 1044 ARISTOPHANES

419 1084 483 1122 Fr.
515 1087 550 1123 1.
594 1085 764 1123 formam
796 1083 1014 1136 ἀρτοκόπος
1045 1087 1086 1124 et
1116 1084 1335 1124 editoribus
1360 1085 1517 1134 placere
1549 1086 1591 1123 et
1616 1097 1640 1123 a
1663 1085 1864 1124 Lobeckio

298 1143 384 1193 ipso
431 1138 608 1196 (Phryn.
641 1138 752 1197 223)
797 1144 958 1183 defendi
995 1144 1088 1184 scio.
1156 1157 1277 1195 quam
1319 1157 1410 1183 cum
1445 1144 1684 1194 Blaydesius
1725 1146 1866 1183 tuetur

301 1199 526 1253 (Aristoph.
558 1204 606 1242 fr.
638 1217 675 1253 p.
707 1203 821 1255 406)
861 1204 1030 1243 conlatis
1068 1200 1332 1256 ὀρτυγοκόπος
1368 1205 1410 1242 et
1445 1206 1696 1255 κρεοκοπεῖν,
1739 1216 1787 1243 ea
1821 1216 1865 1242 re

299 1262 547 1301 demonstrat
579 1276 619 1302 se
651 1276 731 1302 non
762 1263 996 1315 intellegere
1028 1275 1130 1314 quae
1162 1276 1226 1302 res
1259 1264 1415 1314 agatur.

418 1323 456 1372 8,
490 1324 513 1360 2
548 1335 619 1361 scr.
653 1321 782 1374 ὥσπερ
815 1321 864 1361 ἐκ
893 1327 1036 1362 καινοῦ
1067 1321 1302 1374 λυχνούχου,
1333 1322 1433 1361 conl.
1466 1336 1503 1362 v.
1536 1324 1572 1362 3.

418 1383 484 1419 14.
527 1381 764 1433 λυχνειδίοιν
795 1382 982 1433 Blaydes.
1014 1394 1059 1421 ac
1092 1382 1147 1421 sic
1178 1383 1227 1421 fr.
1260 1383 1356 1430 281,
1391 1383 1414 1420 2
1448 1381 1682 1433 λυχνειδίου.

417 1442 484 1479 36.
529 1438 710 1492 ἀνακνῆν
740 1441 944 1481 Herwerd.
977 1442 1121 1480 Mnem.
1152 1455 1190 1480 n.
1222 1441 1342 1479 ΧΠΠ
1376 1442 1473 1481 166.

418 1501 487 1539 47.
531 1500 619 1539 add.
650 1500 832 1551 Append.
864 1514 975 1551 prov.
1008 1502 1046 1552 4,
1082 1502 1148 1540 12.

418 1559 490 1606 51,
524 1560 561 1598 3.
608 1559 786 1610 κάλαμον
826 1562 978 1609 viryam
1019 1562 1208 1599 viscatam
1249 1559 1540 1610 interpretatur
1584 1559 1630 1598 K.
1663 1560 1862 1599 Zacherus

298 1618 433 1658 Herm.
465 1617 623 1657 XVIIH
655 1621 739 1659 432
756 1632 813 1670 sq.
851 1614 920 1672 (cf.
953 1620 1074 1658 etiam
1107 1618 1150 1658 Ο.
1184 1618 1348 1658 Crusius
1379 1619 1517 1658 Herm.
1548 1619 1642 1658 XXI
1674 1620 1758 1658 487
1773 1615 1864 1671 sq.).

296 1686 363 1716 eas
395 1676 570 1729 ῥάβδους
601 1681 719 1718 vocat
744 1679 1034 1728 Aristophanes
1059 1678 1133 1718 Av.
1162 1681 1257 1718 527.
1309 1690 1403 1716 aves
1435 1691 1481 1717 eo
1513 1678 1629 1717 modo
1662 1679 1751 1728 capi
1781 1678 1863 1717 iam

296 1737 520 1788 antiquitus
547 1737 685 1776 solitas
712 1738 810 1777 scio:
843 1738 940 1776 item
965 1738 1084 1777 hodie
1109 1750 1268 1777 muscae
1295 1737 1402 1787 apud
1426 1737 1597 1777 rusticos
1623 1738 1729 1777 domi
1753 1738 1862 1777 intra

296 1796 468 1847 parietes
500 1796 559 1835 ita
591 1797 785 1836 delentur.
837 1798 907 1836 sed
938 1798 980 1836 in
1011 1799 1158 1846 campis
1189 1797 1339 1847 apertis
1371 1798 1525 1836 cicadas
1549 1797 1674 1848 virgis
1699 1797 1862 1837 viscatis

296 1868 485 1906 umquam
517 1868 601 1895 esse
634 1858 771 1906 captas
802 1869 932 1908 neque
962 1855 1483 1905 Zacherusldemonstravit
1513 1869 1641 1906 neque
1673 1869 1747 1907 ego
1778 1869 1860 1895 cre-

295 1915 387 1953 dam
417 1915 496 1954 nisi
530 1916 648 1955 certis
679 1916 919 1955 testimoniis
952 1916 1168 1956 convictus.

415 1975 466 2013 ad
496 1974 729 2024 Anayyrum
761 1976 894 2026 adesp.
930 1977 1014 2014 664
1046 1975 1248 2015 referebat
1278 1975 1520 2014 Dindorfius.

416 2036 484 2073 97.
528 2035 717 2085 exemplis
750 2035 837 2074 add.
870 2032 1089 2087 κέντρων.

418 2095 512 2141 107,
548 2096 568 2132 1
605 2094 720 2133 scrib.
751 2091 908 2141 ἄστεως.

417 2153 513 2203 108,
550 2156 569 2191 1
604 2151 670 2192 καὶ
700 2151 795 2206 γένη
828 2158 953 2204 συκῆς
983 2151 1143 2204 φυτεύω
1175 2151 1303 2191 πάντα
1335 2152 1585 2203 Blaydesius.

416 2213 511 2261 109,
545 2214 571 2250 4
609 2211 789 2265 ῥυπαρὸν
828 2213 973 2252 Naber.
1004 2213 1147 2251 Mnem.
1179 2225 1215 2250 n.
1249 2211 1360 2250 VIH.
1423 2210 1590 2264 φαγόντι
1627 2211 1763 2252 Bothii
1799 2214 1861 2268 cst

295 2271 531 2310 emendatio.

414 2333 510 2369 111.
556 2330 759 2370 Plutarch.
790 2331 887 2371 Mor.
922 2331 1043 2371 818d
1086 2331 1250 2382 Κίμων
1294 2328 1527 2380 ἐκόσμησε
1563 2328 1647 2381 τὴν
1678 2329 1860 2385 ἀγορὰν

293 2389 546 2429 πλατάνων
577 2390 799 2440 φυτείαις
829 2388 896 2429 καὶ
926 2390 1162 2442 περιπάτοις.

415 2451 510 2488 120.
561 2450 684 2489 etiam
722 2450 874 2490 scholia
910 2450 1092 2490 Ambros.
1112 2490 1115 2494 ,
1132 2448 1333 2490 Theocriti
1375 2461 1586 2499 perperam
1629 2447 1860 2501 μετόρχμιον

296 2503 484 2562 (Zieglcr.
514 2523 552 2559 p.
588 2504 673 2561 10).

415 2569 511 2607 136.
553 2566 696 2620 ὑδρίαν
728 2568 964 2616 διανίζειν
995 2569 1198 2608 Herwerd.
1229 2568 1374 2607 Mnem.
1404 2580 1442 2606 n.
1477 2567 1524 2606 X.
1561 2569 1628 2607 74.

414 2629 510 2678 150,
544 2629 581 2666 3.
618 2628 719 2666 nihil
756 2629 850 2668 novi
887 2628 1028 2667 attulit
1058 2628 1108 2666 H.
1139 2627 1343 2667 Luebkius
1376 2625 1541 2666 Obsorv.
1574 2626 1661 2666 crit.
1694 2628 1748 2666 58
1781 2627 1859 2666 nisi

292 2686 666 2736 interpretationem
711 2686 755 2727 O.
789 2687 985 2727 Kachlero
1030 2687 1188 2738 quidem
1231 2687 1459 2737 probatam,
1498 2685 1596 2724 mihi
1633 2686 1772 2726 multis
1809 2686 1859 2726 dc

294 2747 423 2785 causis
454 2746 740 2786 incredibilem.

415 2807 510 2845 156.
555 2805 795 2845 testimoniis
829 2805 917 2844 add.
949 2805 1099 2856 Diphil.
1132 2806 1198 2845 54.

415 2866 511 2904 165.
563 2865 747 2904 similiter
789 2865 950 2904 Lucian.
1019 2865 1163 2904 Toxar.
1205 2865 1256 2903 15
1308 2861 1447 2902 λύττα
1495 2857 1553 2914 ἦν
1602 2860 1768 2916 ἀκριβὴς
1815 2860 1857 2901 τὸ

293 2929 464 2975 πρᾶγμα.
