2014 3334
291 246 345 290 13
833 242 837 244 ’
919 242 1217 279 MENANAPOT

292 360 498 400 rettulisse
529 358 688 399 videtur
720 358 818 397 conl.
852 357 1011 396 Terent.
1044 357 1082 405 4,
1116 358 1153 404 5,
1188 357 1242 395 10
1273 359 1316 394 ut
1346 357 1510 404 quimus,
1542 358 1669 401 aiwil,
1701 355 1854 405 quando

291 424 334 459 ut
363 421 538 458 volumus
567 419 645 456 nen
675 419 769 456 licet.
818 418 865 455 cf.
897 419 1033 454 tamen
1064 415 1255 454 Dziatzko
1289 417 1386 453 242.

267 509 270 512 ⁴
409 479 621 516 Praeterea
651 476 913 515 Menandrum
945 475 1128 513 Donatus
1153 478 1435 514 commemorat
1464 478 1499 526 2,
1535 479 1570 525 1,
1605 478 1626 514 1
1662 470 1730 529 (cf.
1751 487 1852 526 quae

290 538 340 576 ad
365 539 530 576 titulum
555 530 864 588 adnotavimus).
898 537 935 584 4,
958 536 995 584 5,
1017 536 1054 584 6,
1087 538 1187 572 estne
1205 535 1265 573 hic
1285 534 1402 579 (Irim,
1427 536 1606 574 sobrinus
1627 529 1855 584 Chrysidis?

290 597 471 636 Donatus
498 598 644 635 sobrini
662 599 750 634 sunt
770 595 1081 634 consobrinorum
1099 594 1193 641 filii:
1223 606 1315 632 nam
1339 596 1396 633 sic
1414 596 1506 634 dicit
1523 595 1752 633 Menander.
1785 590 1853 645 (cf.

289 657 479 695 Dziatzko
514 658 609 695 240.
640 651 695 708 1).
730 656 766 704 5,
800 655 838 705 3,
871 655 926 692 20
953 654 1098 702 domm,
1129 654 1239 697 nacor,
1272 654 1382 693 liberi
1410 655 1556 693 inventi
1585 654 1703 694 invitc
1725 656 1854 703 patre.

289 715 471 754 Donatus
513 717 615 754 mira
655 716 846 763 yravitate
885 725 1018 752 sensns
1056 713 1179 751 elatus
1216 716 1288 751 cst:
1330 725 1398 752 nec
1433 714 1479 753 de
1509 714 1749 758 Menandro,
1788 713 1856 752 sed

282 777 489 824 proprium
522 775 699 813 Terentii.

409 834 517 880 Quae
545 832 756 872 Terentius
789 845 835 870 ex
867 830 1072 880 Euripidis
1103 831 1323 882 tragoediis
1355 832 1482 871 videri
1513 833 1641 882 possit
1671 831 1853 871 hausisse

291 896 313 932 2
339 888 417 946 (3),
439 896 477 944 5,
513 895 564 932 15
597 905 730 931 verum
759 892 858 930 iliud
882 892 1084 941 verbumst,
1116 891 1223 939 volyo
1254 893 1355 939 quod
1385 893 1464 931 dici
1491 893 1594 936 solet,
1626 893 1750 931 omnis
1779 892 1855 930 sibi

288 954 403 992 malle
438 952 575 991 ‘melius
612 963 690 991 esse
727 963 842 999 quain
873 951 986 989 dlteri
1022 947 1138 1001 (Eur.
1169 950 1271 989 Med.
1305 952 1372 990 85.
1407 947 1468 1004 6);
1507 953 1546 1002 4,
1580 953 1618 1002 1,
1652 952 1707 990 16
1748 952 1856 999 atqui

292 1013 432 1060 aliquis
452 1013 554 1051 dicat
579 1007 650 1050 ‘nil
662 1005 939 1059 promo'veris':
968 1010 1148 1048 multum:
1174 1011 1354 1050 molestus
1372 1011 1470 1050 ce'rte
1489 1012 1522 1050 ei
1539 1012 1652 1059 fuero
1672 1005 1854 1064 (Hippol.

296 1067 444 1123 1297),
478 1073 516 1121 5,
548 1073 587 1119 4,
622 1073 673 1109 17
707 1071 745 1108 si
771 1070 865 1108 mihi
895 1070 1019 1117 peryit
1056 1069 1157 1117 quae'
1182 1070 1260 1108 volt
1289 1071 1429 1122 dicere,
1468 1070 1513 1109 e'a
1544 1082 1642 1119 quae
1671 1082 1749 1108 non
1779 1070 1857 1108 volt

291 1132 418 1169 audiet
450 1125 618 1183 (Alcest.
642 1130 736 1168 704.
759 1125 817 1180 5),
849 1141 895 1166 ea
925 1141 1005 1166 non
1038 1141 1083 1166 ex
1114 1129 1307 1178 Euripide
1338 1130 1436 1180 ipso,
1469 1129 1539 1168 sed
1569 1142 1617 1168 ex
1635 1128 1854 1167 Menandro

289 1189 493 1239 Euripidis
525 1189 726 1228 imitatore
758 1188 798 1226 in
818 1188 1011 1226 Andriam
1043 1188 1244 1227 translata
1275 1201 1359 1227 esse
1379 1189 1600 1227 Meinekius
1633 1188 1857 1227 arbitratur

290 1249 449 1295 Quaest.
474 1248 676 1286 Menandr.
704 1249 756 1285 42
775 1259 830 1297 sq.
863 1269 918 1274 —
948 1247 1069 1285 etiam
1101 1248 1354 1296 proverbium
1388 1249 1495 1299 quod
1527 1249 1630 1298 apud
1652 1247 1855 1286 Millerum

289 1308 492 1358 Melanges
526 1305 629 1358 379)
661 1310 721 1346 est
752 1303 824 1357 ἅμ’
861 1305 970 1352 ἔπος
1001 1302 1075 1357 ἅμ’
1110 1305 1250 1359 ἔργον
1291 1302 1443 1361 (adesp.
1479 1309 1574 1347 747.
1631 1307 1790 1346 Terent.
1817 1308 1856 1358 2,

291 1370 335 1418 3,
369 1370 391 1406 7
432 1369 573 1406 dictum
611 1379 655 1405 ac
690 1361 854 1419 factum)
900 1366 951 1404 ad
986 1365 1195 1404 Menandri
1233 1367 1428 1405 Andriam
1470 1368 1595 1406 refert
1632 1365 1855 1405 Meinekius

289 1427 423 1465 Herm.
449 1426 510 1464 III
536 1428 634 1465 456.
660 1426 827 1476 denique
859 1425 907 1463 fr.
931 1427 1012 1464 797
1047 1425 1095 1463 ad
1129 1425 1295 1464 eandem
1325 1427 1526 1466 referebat
1546 1425 1723 1465 Clericus
1756 1426 1856 1464 conl.

291 1485 449 1524 Terent.
483 1487 520 1533 3,
554 1487 592 1536 3,
625 1487 692 1524 23.

804 1577 869 1610 AN
869 1576 1131 1610 ΔΡΟΓΤΝΟΣ
1157 1577 1193 1609 Η
1216 1577 1346 1609 ΚΡΗΣ

410 1651 474 1690 Sic
512 1652 657 1689 Athen.
692 1653 734 1699 6,
775 1652 898 1690 243b
937 1647 1005 1704 (fr.
1028 1648 1121 1704 56),
1163 1650 1275 1704 Κρής
1313 1651 1443 1691 Schol.
1481 1651 1606 1690 Arist.
1644 1651 1736 1702 Lys.
1771 1652 1855 1690 378

291 1706 357 1763 (fr.
390 1706 477 1763 57),
509 1712 741 1761 plerumque
769 1706 1033 1763 Ἀνδρόγυνος
1071 1711 1226 1750 dicitur.
1288 1710 1548 1760 Androyynos
1584 1711 1664 1749 fuit
1684 1710 1859 1750 'Caecilii

293 1769 423 1808 Statii.
444 1768 488 1808 Ο.
509 1770 696 1808 Ribbeck.
718 1769 824 1809 Com.
844 1770 957 1809 Rom.
981 1765 1048 1809 fr.²
1081 1772 1148 1810 37.
1182 1792 1236 1797 —
1269 1771 1372 1810 Plat.
1405 1770 1540 1821 Symp.
1565 1771 1645 1810 189
1662 1783 1682 1809 e
1714 1767 1857 1822 ἀνδρό-

294 1843 419 1881 γυνον
447 1860 454 1867 .
477 1860 484 1867 .
507 1860 514 1867 .
540 1827 606 1867 καὶ
636 1824 740 1875 εἶδος
771 1828 836 1868 καὶ
868 1827 994 1880 ὄνομα
1019 1829 1057 1877 ἐξ
1089 1828 1323 1881 ἀμφοτέρων
1355 1829 1492 1869 κοινὸν
1522 1834 1592 1869 τοῦ
1623 1843 1662 1868 τε
1693 1826 1859 1881 ἄρρενος

291 1886 357 1927 καὶ
383 1886 541 1938 θήλεος,
567 1893 643 1927 νῦν
671 1885 705 1926 δ’
736 1888 810 1927 οὐκ
835 1887 936 1927 ἔστιν
963 1885 1046 1928 ἀλλ’
1082 1886 1107 1940 ἢ
1139 1889 1188 1928 ἐν
1225 1886 1404 1929 ὀνείδει
1443 1887 1593 1940 ὄνομα
1623 1888 1856 1940 κείμενον.

293 1947 403 1986 Suid.
435 1945 697 1999 ἀνδρόγυνος·
731 1945 750 1986 ὁ
783 1979 791 1986 .
814 1979 850 1987 ..
882 1947 929 1986 τὰ
960 1946 1106 2000 ἀνδρὸς
1125 1954 1253 1988 ποιῶν
1278 1947 1344 1988 καὶ
1375 1947 1421 1987 τὰ
1452 1954 1653 2001 γυναικῶν
1683 1947 1856 2000 πάσχων.

292 2003 318 2056 ἢ
349 2004 546 2057 ἄνανδρος
576 2005 642 2045 καὶ
672 2005 968 2059 ἕρμαφρόδιτος.
1012 2009 1182 2047 Bekker.
1203 2009 1349 2048 Aneed.
1372 2011 1469 2058 393,
1492 2011 1543 2048 29
1578 2006 1857 2060 ἀνδρογύνων·

292 2064 496 2116 ἀσθενῶν,
533 2072 732 2118 γυναικῶν
773 2067 937 2118 καρδίας
975 2066 1153 2119 ἐχόντων.
1202 2071 1272 2119 11,
1306 2070 1359 2108 29
1394 2066 1644 2120 ἀνδρόγυνον
1675 2064 1857 2119 ἄθυρμα·

293 2124 329 2163 εἰ
357 2123 490 2172 θέλοις
520 2125 636 2178 γύνιν
661 2121 821 2179 (γύννιν
841 2127 965 2166 Arist.
987 2128 1145 2167 Thesm.
1169 2125 1272 2180 136)
1291 2126 1379 2167 τινὰ
1410 2133 1582 2179 σκῶψαι,
1612 2126 1775 2179 χρήσαιο
1794 2123 1857 2166 ἄν.

1045 2243 1099 2286 51

506 2311 559 2352 τὰ
589 2314 895 2366 προσπεσόντα
926 2315 1183 2370 προσδοκᾶν
1214 2314 1385 2357 ἅπαντα
1417 2314 1488 2356 δεῖ

508 2382 751 2438 ἄνθρωπον
784 2385 905 2426 ὄντα·
937 2385 1178 2441 παραμένει
1210 2386 1294 2442 γὰρ
1327 2383 1434 2428 οὐδὲ
1465 2385 1525 2428 ἕν.

414 2466 608 2506 Stobaeus
645 2469 780 2509 Floril.
816 2473 916 2521 108,
955 2473 1009 2510 38
1049 2471 1297 2524 Μενάνδρου
1330 2468 1598 2524 Ἀνδρογύνου
1630 2472 1678 2510 Α.
1740 2467 1858 2522 ‘quae

296 2527 416 2564 semel
454 2527 682 2566 acciderunt
713 2529 839 2568 denuo
870 2543 920 2568 ne
959 2531 1142 2570 accidant
1174 2532 1388 2571 verendum
1419 2526 1508 2570 est?
1569 2531 1618 2570 cf.
1650 2530 1742 2581 Syri
1772 2543 1860 2569 sen·-

294 2585 422 2624 tentia
455 2585 586 2625 Senec.
614 2587 727 2628 Cous.
753 2589 872 2629 Marc.
900 2592 937 2629 9.
986 2591 1045 2629 De
1076 2591 1280 2640 tranquill.
1306 2594 1353 2630 11
1388 2593 1511 2630 cuivis
1533 2594 1659 2639 potest
1689 2591 1860 2629 accidere

296 2646 396 2692 quod
426 2647 603 2693 cuiquem
624 2651 759 2695 potest.
823 2651 859 2688 2.
892 2650 940 2688 cf.
976 2651 1071 2700 128,
1106 2652 1142 2688 2.

1049 2765 1106 2806 52

509 2844 677 2897 πλήσας
707 2845 791 2901 γὰρ
823 2847 981 2902 ἔφερεν
1013 2845 1060 2888 ἐκ
1090 2844 1370 2902 παρατάξεώς
1400 2851 1545 2888 ποθεν

512 2914 587 2963 τὰς
618 2913 666 2956 ἐν
696 2917 845 2972 Λαμίᾳ
875 2917 1028 2967 πάσας.
