2014 3334
310 265 396 307 642
959 267 1220 301 ΑΔΕΣΠΟΤΑ

312 380 489 416 extrema
510 373 526 423 (
531 374 684 429 ἄκροισι
704 373 946 430 δακτύλοισι)
968 381 1062 416 sunt
1081 378 1287 428 Euripidis
1307 378 1449 420 Bacch.
1466 381 1564 430 709,
1584 392 1701 430 quem
1719 381 1877 430 poetam

311 438 484 475 comicus
517 437 664 488 aliquis
695 437 736 475 in
769 451 812 476 re
844 437 965 476 simili
996 437 1178 476 imitatus
1209 439 1283 478 est.

942 576 1244 619 1384—1387

429 673 522 724 [Dio
555 673 779 725 Chrysost]
813 674 878 714 Or.
913 676 966 714 63
1000 689 1036 725 p.
1070 676 1153 714 324
1188 675 1233 713 R.
1282 673 1391 726 ψυχὴ
1429 672 1635 727 γέγηθεν
1677 673 1766 714 ὑπὸ
1798 681 1878 728 τῆς

307 732 452 785 τύχης
486 729 582 787 (ὑπὸ
614 748 644 772 τ.
664 749 693 773 τ.
714 729 768 786 γ.)
801 732 1120 785 αἰωρουμένη.
1148 734 1153 781 Ι
1181 733 1223 773 εἰ
1251 730 1286 772 δ’
1317 732 1546 773 ἀπολίποι
1576 733 1687 786 τύχη,
1714 732 1721 787 Ι
1747 736 1877 787 περί-

307 804 430 832 εισιν
463 790 516 840 ὡς
549 789 751 846 (ὥσπερ)
784 791 833 832 ἐν
864 793 993 846 τάφῳ
1025 796 1084 849 τῷ
1116 793 1302 844 σώματι.

427 852 491 892 Or.
527 854 580 892 64
613 867 651 903 p.
684 854 769 892 328
802 851 881 899 τὰς
911 858 1028 905 γοῦν
1059 851 1268 904 ἀδήλους
1298 859 1387 892 τῶν
1421 852 1710 906 πραγμάτων
1741 867 1878 904 μετα-

306 910 452 963 βολὰς
486 911 542 965 (μ.
562 927 592 951 τ.
611 910 694 963 πρ.)
727 911 794 959 εἰς
824 911 999 963 ταύτην
1030 910 1362 964 ἀναφέρουσιν
1395 908 1584 966 (ἅπαντες
1602 910 1664 951 ἀν.
1683 911 1738 960 εἰς
1756 909 1876 965 τ....)

305 969 496 1018 ἀκούσαις
522 967 559 1010 δ’
588 969 639 1010 ἂν
665 970 960 1022 αἰτιωμένων
988 967 994 1025 Ι
1022 970 1192 1023 αὐτήν,
1224 970 1289 1010 καὶ
1312 977 1531 1024 γεωργῶν
1556 970 1634 1010 καὶ
1659 970 1877 1025 ἐμπόρων

305 1029 383 1069 καὶ
413 1031 668 1069 πλουσίων.

423 1105 460 1140 p.
494 1092 580 1129 330
612 1087 637 1140 ἡ
669 1089 782 1140 τύχη
819 1089 905 1142 γὰρ
944 1089 1095 1146 αὐτῷ.
1123 1121 1130 1129 .
1159 1089 1237 1129 ,τὸ
1269 1089 1466 1143 ἀγνοεῖν
1493 1084 1499 1142 Ι
1527 1089 1723 1141 ἔδωκεν,
1764 1089 1876 1142 ὅπερ

305 1148 474 1200 ὅμοιον
505 1144 563 1201 ἦν
595 1151 654 1206 τῷ
686 1147 744 1201 μὴ
777 1153 967 1189 παθεῖν.
1030 1150 1349 1199 Oedipumdioit.
1399 1163 1446 1188 ac
1469 1150 1654 1190 videniur
1673 1163 1720 1189 ex
1739 1150 1878 1190 eadem

306 1221 448 1248 scaena
485 1211 672 1259 excerpta
709 1222 796 1248 esse
834 1222 934 1260 quae
966 1224 1002 1260 p.
1037 1211 1121 1249 328
1162 1210 1311 1260 scripta
1349 1212 1442 1248 sunt
1478 1206 1557 1259 ’ἤδη
1590 1206 1633 1248 δέ
1663 1224 1749 1248 τινα
1786 1215 1876 1249 τῶν

305 1267 442 1308 ἰδίων
473 1272 642 1308 παθῶν
679 1274 724 1322 τῇ
761 1268 875 1324 τύχῃ
912 1266 1263 1320 προφέρουσιν,
1295 1266 1319 1319 ἡ
1356 1269 1360 1317 Ι
1395 1267 1589 1318 Μήδεια
1620 1263 1876 1321 (ἃᾶᾶψμὲν)

303 1326 385 1366 τὸν
417 1327 581 1379 ἔρωτα,
620 1326 640 1367 ὅ
672 1328 811 1375 Μίδας
848 1327 919 1379 τὴν
958 1327 1078 1380 εὐχήν
1111 1325 1202 1381 (τὴν
1234 1324 1270 1367 δ’
1305 1327 1383 1380 εὐχ.
1415 1323 1520 1380 Μ.),
1557 1324 1583 1377 ἡ
1619 1327 1775 1380 Φαίδρα
1805 1326 1876 1378 τὴν

304 1387 510 1439 διαβολήν,
542 1384 811 1438 δἈλκμέων
840 1383 845 1440 Ι
874 1387 943 1427 ὅτι
974 1386 1231 1438 ἐπλανᾶτο,
1263 1385 1284 1426 ὅ
1317 1384 1353 1426 δ’
1384 1383 1562 1439 Ὀρέστης
1601 1386 1657 1426 ὅτι
1689 1385 1875 1438 ἐμαίνετο.

305 1448 374 1485 sed
404 1449 503 1486 haec
534 1448 593 1486 ita
623 1448 825 1486 inmutata
856 1450 967 1498 sunt,
999 1452 1046 1486 ut
1076 1448 1204 1487 multo
1237 1447 1438 1486 difficilius
1471 1447 1524 1486 sit
1553 1446 1766 1496 pristinam
1796 1447 1875 1486 for-

305 1519 409 1545 mam
442 1520 689 1557 recuperare.

421 1580 458 1616 p.
492 1568 572 1605 331
609 1562 672 1615 (οί
698 1571 839 1604 ναῦται
869 1564 941 1616 τὴν
972 1560 1128 1618 ψυχὴν)
1168 1563 1256 1605 οὔτε
1289 1560 1743 1618 (οὐ)σχοινίοισ(ιν)
1775 1563 1876 1604 έπι-

302 1623 562 1676 τρέπουσιν
588 1623 677 1664 οὔτε
704 1621 834 1678 (οὐδὲ
861 1620 972 1679 μὴν)
1002 1626 1007 1674 Ι
1035 1624 1347 1676 τριδάκτυλον
1372 1623 1547 1671 αὐτοὺς
1572 1620 1708 1680 σῴζει
1733 1624 1876 1671 ξύλον

303 1684 537 1724 πεύκινον
570 1680 629 1738 (π.
656 1696 689 1723 σ.
717 1682 778 1735 ξ.).

1031 1788 1145 1830 1388

422 1875 497 1914 Dio
518 1874 723 1925 chrysost.
745 1874 811 1914 Or.
833 1876 886 1914 65
919 1888 958 1924 p.
980 1876 1059 1913 341
1096 1874 1142 1912 R.
1175 1872 1287 1913 ὅταν
1318 1872 1553 1928 καταλίπῃ
1583 1871 1689 1912 τινὰ
1720 1871 1875 1912 αὐτῶν

304 1930 396 1988 (τιν’
421 1933 504 1973 αὐτ.
525 1931 591 1988 m),
612 1934 818 1974 ἐπαινοῦσι
839 1929 1134 1987 (’παινοῦσι)
1154 1931 1232 1972 καὶ
1259 1931 1265 1984 Ι
1293 1927 1492 1987 φασὶ(ν)
1522 1932 1715 1972 δικαίαν
1741 1930 1875 1979 αὐτοῖς

301 1992 554 2047 γεγονέναι
586 1992 669 2045 τὴν
701 1992 983 2046 μεταβολήν.
1043 2007 1081 2043 Ρ.
1114 1995 1198 2032 342
1238 1991 1413 2039 ἀδίκως
1443 1991 1517 2045 γάρ
1548 2006 1616 2043 μοι
1646 1992 1874 2032 δοκοῦσιν

305 2053 347 2093 οἱ
373 2052 509 2093 πολλοὶ
540 2059 618 2092 τῶν
650 2052 880 2105 ἀνθρώπων
911 2058 992 2104 τῆς
1022 2052 1163 2104 τύχης
1194 2055 1488 2105 κατηγορεῖν.

950 2192 1074 2235 1389.
1109 2191 1224 2235 1390

418 2291 495 2330 Dio
529 2290 734 2341 Chrysost.
754 2289 820 2328 Or.
844 2291 896 2329 75
929 2304 967 2340 p.
988 2291 1072 2329 406
1107 2291 1152 2328 R.
1202 2286 1299 2328 ἔστι
1331 2285 1381 2326 δὲ
1413 2285 1434 2326 ὅ
1465 2286 1614 2338 νόμος
1645 2282 1686 2340 (ὃ
1707 2284 1748 2327 δὲ
1768 2303 1802 2327 ν.
1823 2283 1872 2340 ἐ.)

300 2355 383 2389 τοῦ
417 2350 525 2402 βίου
558 2348 641 2401 μὲν
671 2346 881 2402 ἡγεμών,
909 2344 914 2402 Ι
942 2354 1020 2388 τῶν
1044 2347 1197 2388 πόλεων
1223 2345 1264 2386 δὲ
1290 2346 1493 2397 ἐπιστάτης
1518 2345 1651 2394 κοινός
1682 2341 1872 2399 (fort-asse

301 2408 552 2460 ἐπιστάτης
578 2407 625 2448 δὲ
651 2405 859 2460 πόλεσι),
883 2414 973 2447 τῶν
999 2405 1047 2447 δὲ
1071 2406 1358 2460 πραγμάτων
1385 2402 1390 2457 Ι
1417 2403 1576 2445 κανὼν
1602 2402 1867 2459 δίκαιος...Ι

299 2468 426 2520 νόμου
465 2466 506 2507 δὲ
546 2467 661 2522 χωρὶς
699 2466 772 2508 οὐκ
810 2466 913 2506 ἔστιν
952 2463 1095 2521 (κούκ
1133 2465 1259 2506 ἔστιν
1301 2464 1449 2505 αὐτοῦ
1481 2462 1646 2518 χωρὶς)
1681 2463 1870 2516 οὐδεμίαν

299 2528 545 2568 οἰκεῖσθαι
574 2527 724 2568 πόλιν.
754 2522 759 2580 Ι
788 2525 842 2567 οὗ
869 2526 1018 2578 μόνον
1044 2524 1086 2565 δὲ
1114 2526 1120 2576 Ι
1148 2523 1383 2577 συμφέρει
1408 2527 1489 2571 τοῖς
1507 2528 1729 2576 θνητοῖς,
1755 2523 1870 2563 ἀλλὰ

299 2586 376 2626 καὶ
416 2591 496 2635 τοῖς
533 2591 669 2634 θεοῖς
707 2582 957 2640 (θνητοῖσιν,
988 2585 1025 2625 ἀ.
1051 2601 1084 2626 κ.
1117 2589 1248 2624 θεοῖσι
1278 2579 1357 2637 6.).
1385 2615 1393 2622 .
1420 2615 1428 2622 .
1472 2590 1479 2631 Ι
1512 2583 1630 2623 ὅθεν
1665 2579 1773 2634 οἶμαι
1803 2582 1870 2622 καὶ

299 2646 482 2698 βασιλεὺς
520 2642 712 2700 (fortasse
753 2642 1015 2698 τύραννος)
1055 2644 1247 2691 εἰκότως
1283 2641 1514 2696 ἀνθρώπων
1553 2641 1763 2695 (ἀνδρῶν
1799 2638 1869 2695 τε)

298 2705 376 2745 καὶ
403 2706 409 2756 Ι
437 2710 564 2745 θεῶν
594 2703 835 2756 κέκληται.
857 2735 865 2744 .
887 2704 1006 2760 ,ἰδία
1038 2701 1087 2743 δὲ
1125 2702 1203 2743 καὶ
1230 2703 1236 2753 Ι
1262 2707 1400 2757 κοινῇ
1432 2702 1580 2749 πάντας
1611 2694 1886 2753 (πολιτῶνγ

298 2764 408 2812 τοὺς
440 2762 700 2817 δεομένους
730 2762 941 2815 ὠφελῶν,

416 2838 452 2874 Ρ.
486 2826 571 2864 408
605 2819 720 2872 οὗτός
750 2822 853 2863 ἔστιν
885 2821 906 2862 ὅ
936 2821 1005 2862 τὸν
1035 2821 1194 2862 κότινον
1226 2817 1325 2874 (καὶ
1356 2820 1548 2860 κότινον
1580 2814 1743 2872 οὗτος)
1774 2848 1785 2858 .
1816 2848 1826 2857 .
1857 2848 1868 2858 .

298 2881 758 2935 τηλικαύτηςάξιον
792 2878 796 2936 Ι
833 2883 1046 2934 σπουδῆς
1086 2880 1345 2928 ἀποδείξας
1386 2879 1463 2919 καὶ
1501 2879 1548 2919 τὰ
1588 2877 1749 2918 σέλινα
1791 2876 1868 2919 καὶ

299 2940 372 2992 τὴν
402 2943 548 2982 πίτυν
577 2942 582 2992 Ι
610 2941 687 2982 καὶ
718 2942 786 2982 τὸν
817 2947 887 2981 τοῦ
920 2940 1025 2993 (τόν
1055 2936 1337 2995 γε)’θαλλοῦ
1369 2938 1616 2990 στέφανον.
