2014 3334
740 228 944 263 ΑΔΗΑΩΝ
969 230 1229 266 ΔΡΑΜΑΤῼΝ
1687 231 1770 274 261

928 361 1044 404 1062

482 421 726 464 σανδάλιον

311 506 362 548 οὐ
404 506 530 560 μόνον
574 505 817 562 Μένανδρος
860 507 990 560 εἴρηκε
1035 540 1042 547 .
1082 538 1091 548 .
1130 539 1139 549 .
1184 507 1281 549 ἀλλὰ
1312 509 1379 550 καὶ
1409 512 1606 563 Κρατῖνος
1632 507 1770 566 (131).

193 567 336 608 Pollux
364 570 401 620 7,
434 569 503 608 86.

926 649 1040 692 1063

478 709 712 764 σημαίνειν

309 795 492 836 Photius.
541 797 591 836 cf.
623 796 672 836 fr.
707 798 832 836 1011.

922 889 1036 932 1064

475 948 650 1005 σκάφας

309 1033 454 1088 ἔφερον
492 1035 534 1075 οἵ
570 1032 743 1086 μέτοικοι
781 1034 823 1075 ἐν
860 1040 906 1090 τῇ
944 1040 1082 1090 πομπῇ
1127 1040 1205 1075 τῶν
1245 1037 1573 1088 Παναθηναίων,
1617 1039 1659 1078 οἰ
1698 1037 1770 1091 μὲν

187 1098 351 1147 χαλκᾶς,
390 1095 433 1135 οἱ
468 1092 510 1135 δὲ
548 1093 742 1150 ἀργυρᾶς,
782 1095 932 1147 κηρίων
970 1093 1038 1135 καὶ
1073 1095 1269 1135 ποπάνων
1299 1096 1480 1149 πλήρεις,
1519 1097 1770 1147 ἐνδεδυκότες

186 1160 400 1206 φοινικοῦς
433 1161 609 1208 χιτῶνας.
672 1154 798 1203 οὕτως
830 1153 1084 1208 Μένανδρος.
1135 1156 1315 1196 Photius.
1367 1158 1416 1197 cf.
1452 1160 1548 1198 191.
1599 1159 1771 1201 Bekker.

185 1215 335 1255 Anecd.
370 1217 469 1266 304,
503 1218 571 1256 27.
620 1215 816 1267 Harpocr.
849 1214 1119 1268 σκαφηφόροι.

872 1384 880 1394 .
921 1344 1038 1388 1065

473 1405 615 1460 σκηνή

302 1485 329 1540 ἡ
364 1489 470 1530 οἰκία
507 1489 574 1530 καὶ
610 1490 828 1545 καταγωγή.
884 1489 939 1540 ᾡς
965 1487 1173 1545 Ἀσιαγενῆ
1211 1490 1283 1544 τὴν
1325 1491 1428 1542 λέξιν
1460 1488 1765 1549 (σημειοῦνται).

185 1548 312 1597 οὕτως
338 1547 593 1604 Μένανδρος.
646 1551 826 1591 photius.
871 1552 1044 1604 Hesyeh.
1078 1551 1243 1604 σκηνάς·
1285 1554 1528 1607 καταγωγάς,
1561 1554 1766 1606 οἰκήματα.

184 1611 225 1649 et
256 1609 401 1661 σκηνή·
438 1607 464 1662 ἡ
497 1608 575 1650 ἀπὸ
608 1610 737 1659 ξύλων
768 1609 794 1664 ἢ
825 1612 1091 1664 περιβολαίων
1122 1611 1239 1653 οἰκία.

919 1728 1032 1771 1066

469 1788 747 1843 στασιασμόν

302 1871 376 1924 τὴν
407 1872 555 1913 στάσιν.
606 1871 861 1926 Μένανδρος.
923 1875 1091 1916 Photius
1124 1878 1224 1927 535,
1257 1880 1292 1915 3.

916 2003 1030 2047 1067

470 2062 661 2117 στιγμήν

301 2145 354 2195 ὡς
384 2144 511 2199 ἡμεῖς,
542 2146 586 2188 τὸ
615 2147 828 2202 ἐλάχιστον.
881 2149 1008 2198 οὕτως
1039 2148 1296 2203 Μένανδρος.
1346 2152 1527 2192 Photius.
1554 2174 1600 2179 -—
1627 2152 1761 2203 στίλην

181 2208 308 2248 Arist·
332 2207 453 2258 Vesp.
486 2209 582 2248 213.

914 2291 1028 2334 1068

467 2349 704 2404 στλεγγίδα

301 2463 311 2473 .
344 2463 354 2473 .
387 2464 396 2473 .
428 2429 572 2489 (ἔστιν)
603 2432 630 2487 ἡ
663 2435 848 2488 συνήθης
878 2436 1036 2490 ξύστρα,
1068 2435 1208 2486 καθὼς
1238 2436 1307 2478 καὶ
1337 2436 1581 2490 Μένανδρος
1612 2436 1759 2490 μέμνη-

181 2508 255 2533 ται.
305 2494 485 2534 Erobian.
518 2497 617 2546 115,
650 2498 674 2535 3
708 2496 838 2537 Klein.

913 2601 1027 2644 1069

467 2662 748 2714 στραγγαλᾶν

302 2741 431 2796 εἴρηκέ
467 2758 546 2784 που
586 2743 840 2798 Μένανδρος.
898 2743 1085 2787 ‘fortasse
1117 2743 1404 2801 στραγγαλιᾶν.’
1437 2748 1556 2787 Mein.
1619 2760 1754 2802 στραγ-

182 2803 349 2857 γεύομαι
379 2804 502 2843 Arist.
535 2805 639 2844 Nub.
675 2808 770 2846 131.
825 2807 873 2846 cf.
907 2807 1092 2847 Pherecr.
1125 2810 1193 2846 21.
1250 2803 1315 2845 ‘de
1354 2820 1469 2847 servo
1506 2821 1679 2859 nequam
1717 2812 1758 2849 et

182 2865 486 2913 stranyulatione
517 2860 660 2915 diyno'.
710 2866 827 2906 Mein.
859 2867 1038 2918 Alciphr.
1071 2881 1108 2917 p.
1144 2869 1241 2906 176.
1291 2867 1430 2906 dubito
1466 2867 1514 2906 de
1553 2881 1601 2906 ea
1632 2869 1756 2919 signi—

184 2923 370 2963 ficatione
403 2924 511 2974 apud
543 2924 756 2975 scriptores
788 2926 858 2977 qui
889 2929 981 2965 ante
1014 2927 1187 2965 aetatem
1219 2926 1440 2965 Romanam
1472 2928 1646 2967 fuerunt.
