<?xml version="1.0" encoding="UTF-8"?>
<!DOCTYPE html PUBLIC "-//W3C//DTD XHTML 1.0 Transitional//EN"
    "http://www.w3.org/TR/xhtml1/DTD/xhtml1-transitional.dtd">
<html xmlns="http://www.w3.org/1999/xhtml" xml:lang="en" lang="en">
 <head>
  <title>
</title>
<meta http-equiv="Content-Type" content="text/html;charset=utf-8" />
  <meta name='ocr-system' content='tesseract 3.04.00' />
  <meta name='ocr-capabilities' content='ocr_page ocr_carea ocr_par ocr_line ocrx_word'/>
</head>
<body>
  <div class='ocr_page' id='page_1' title='image "./comicorumatticor03kockuoft_0257.png"; bbox 0 0 2014 3334; ppageno 0'>
   <div class='ocr_carea' id='block_1_1' title="bbox 0 0 214 218">
    <p class='ocr_par' dir='ltr' id='par_1_1' title="bbox 0 0 214 218">
     <span class='ocr_line' id='line_1_1' title="bbox 0 0 214 218; baseline 0 3116"><span class='ocrx_word' id='word_1_1' title='bbox 0 0 214 218; x_wconf 95' lang='lat' dir='ltr'><strong><em> </em></strong></span> 
     </span>
    </p>
   </div>
   <div class='ocr_carea' id='block_1_2' title="bbox 713 227 1746 271">
    <p class='ocr_par' dir='ltr' id='par_1_2' title="bbox 713 227 1746 271">
     <span class='ocr_line' id='line_1_2' title="bbox 713 227 1746 271; baseline -0.001 -7"><span class='ocrx_word' id='word_1_2' title='bbox 713 230 917 265; x_wconf 80' lang='grc' dir='ltr'><strong>ΑΔΗΛΩΝ</strong></span> <span class='ocrx_word' id='word_1_3' title='bbox 942 230 1204 265; x_wconf 74' lang='grc' dir='ltr'><strong><em>ΔΡΑΜΑΤΩΝ</em></strong></span> <span class='ocrx_word' id='word_1_4' title='bbox 1660 227 1746 271; x_wconf 79' lang='grc'><strong><em>237</em></strong></span> 
     </span>
    </p>
   </div>
   <div class='ocr_carea' id='block_1_3' title="bbox 163 337 1747 458">
    <p class='ocr_par' dir='ltr' id='par_1_3' title="bbox 163 337 1747 458">
     <span class='ocr_line' id='line_1_3' title="bbox 163 337 1747 399; baseline -0.003 -13"><span class='ocrx_word' id='word_1_5' title='bbox 163 339 311 399; x_wconf 84' lang='grc' dir='ltr'><strong><em>γάμοι.’</em></strong></span> <span class='ocrx_word' id='word_1_6' title='bbox 367 344 485 384; x_wconf 88' lang='lat' dir='ltr'>Mein.</span> <span class='ocrx_word' id='word_1_7' title='bbox 519 342 687 382; x_wconf 73' lang='lat' dir='ltr'>Photius</span> <span class='ocrx_word' id='word_1_8' title='bbox 727 339 1045 397; x_wconf 83' lang='grc' dir='ltr'><strong><em>ἠρτικροτοῦντο·</em></strong></span> <span class='ocrx_word' id='word_1_9' title='bbox 1085 341 1351 393; x_wconf 85' lang='grc' dir='ltr'><strong><em>συνεφώνουν</em></strong></span> <span class='ocrx_word' id='word_1_10' title='bbox 1384 337 1747 397; x_wconf 86' lang='grc' dir='ltr'><strong><em>(συνεφωνοῦντο).</em></strong></span> 
     </span>
     <span class='ocr_line' id='line_1_4' title="bbox 164 401 1443 458; baseline -0.003 -13"><span class='ocrx_word' id='word_1_11' title='bbox 164 405 339 458; x_wconf 79' lang='lat' dir='ltr'>Hesych.</span> <span class='ocrx_word' id='word_1_12' title='bbox 370 403 631 457; x_wconf 83' lang='grc' dir='ltr'><strong><em>ἀρτικροτεῖν·</em></strong></span> <span class='ocrx_word' id='word_1_13' title='bbox 663 406 909 455; x_wconf 84' lang='grc' dir='ltr'><strong><em>συμφωνεῖν.</em></strong></span> <span class='ocrx_word' id='word_1_14' title='bbox 971 401 1050 442; x_wconf 88' lang='grc' dir='ltr'><strong><em>ἀπὸ</em></strong></span> <span class='ocrx_word' id='word_1_15' title='bbox 1081 407 1161 442; x_wconf 85' lang='grc' dir='ltr'><strong><em>τῶν</em></strong></span> <span class='ocrx_word' id='word_1_16' title='bbox 1192 401 1443 455; x_wconf 81' lang='grc' dir='ltr'><strong><em>ἕρεσσόντων.</em></strong></span> 
     </span>
    </p>
   </div>
   <div class='ocr_carea' id='block_1_4' title="bbox 450 544 996 684">
    <p class='ocr_par' dir='ltr' id='par_1_4' title="bbox 450 544 996 684">
     <span class='ocr_line' id='line_1_5' title="bbox 907 544 996 587; baseline 0.011 -1"><span class='ocrx_word' id='word_1_17' title='bbox 907 544 996 587; x_wconf 84' lang='grc'><strong><em>905</em></strong></span> 
     </span>
     <span class='ocr_line' id='line_1_6' title="bbox 450 628 875 684; baseline -0.002 -13"><span class='ocrx_word' id='word_1_18' title='bbox 450 629 573 684; x_wconf 85' lang='grc' dir='ltr'><strong><em>κριὸς</em></strong></span> <span class='ocrx_word' id='word_1_19' title='bbox 603 628 656 670; x_wconf 84' lang='grc' dir='ltr'><strong><em>τὰ</em></strong></span> <span class='ocrx_word' id='word_1_20' title='bbox 688 635 875 684; x_wconf 78' lang='grc' dir='ltr'><strong><em>τροφεῖα</em></strong></span> 
     </span>
    </p>
   </div>
   <div class='ocr_carea' id='block_1_5' title="bbox 161 711 1746 1185">
    <p class='ocr_par' dir='ltr' id='par_1_5' title="bbox 161 711 1746 1185">
     <span class='ocr_line' id='line_1_7' title="bbox 283 711 1745 768; baseline -0.001 -14"><span class='ocrx_word' id='word_1_21' title='bbox 283 715 483 755; x_wconf 83' lang='lat' dir='ltr'>Zenobius</span> <span class='ocrx_word' id='word_1_22' title='bbox 517 718 561 766; x_wconf 88' lang='lat'><strong><em>4,</em></strong></span> <span class='ocrx_word' id='word_1_23' title='bbox 595 717 650 755; x_wconf 88' lang='grc'><strong><em>63</em></strong></span> <span class='ocrx_word' id='word_1_24' title='bbox 694 715 804 767; x_wconf 83' lang='grc' dir='ltr'><strong><em>κριὸς</em></strong></span> <span class='ocrx_word' id='word_1_25' title='bbox 846 718 992 768; x_wconf 88' lang='grc' dir='ltr'><strong><em>τροφεῖ</em></strong></span> <span class='ocrx_word' id='word_1_26' title='bbox 998 711 1008 728; x_wconf 88' lang='grc'><strong><em>’</em></strong></span> <span class='ocrx_word' id='word_1_27' title='bbox 1044 711 1245 754; x_wconf 80' lang='grc' dir='ltr'><strong><em>ἀπέτισεν·</em></strong></span> <span class='ocrx_word' id='word_1_28' title='bbox 1283 711 1309 766; x_wconf 78' lang='grc' dir='ltr'>ἡ</span> <span class='ocrx_word' id='word_1_29' title='bbox 1341 714 1534 768; x_wconf 83' lang='grc' dir='ltr'><strong><em>παροιμία</em></strong></span> <span class='ocrx_word' id='word_1_30' title='bbox 1572 712 1635 754; x_wconf 79' lang='grc' dir='ltr'><strong><em>ἐπὶ</em></strong></span> <span class='ocrx_word' id='word_1_31' title='bbox 1666 720 1745 754; x_wconf 86' lang='grc' dir='ltr'><strong><em>τῶν</em></strong></span> 
     </span>
     <span class='ocr_line' id='line_1_8' title="bbox 163 773 1746 829; baseline -0.001 -14"><span class='ocrx_word' id='word_1_32' title='bbox 163 773 396 829; x_wconf 81' lang='grc' dir='ltr'><strong><em>ἀχαρίστων,</em></strong></span> <span class='ocrx_word' id='word_1_33' title='bbox 427 773 511 815; x_wconf 76' lang='grc' dir='ltr'><strong><em>ἐπεὶ</em></strong></span> <span class='ocrx_word' id='word_1_34' title='bbox 541 773 610 823; x_wconf 81' lang='grc' dir='ltr'><strong><em>τὰς</em></strong></span> <span class='ocrx_word' id='word_1_35' title='bbox 640 774 794 826; x_wconf 80' lang='grc' dir='ltr'><strong><em>φάτνας</em></strong></span> <span class='ocrx_word' id='word_1_36' title='bbox 817 773 1055 826; x_wconf 78' lang='grc' dir='ltr'><strong><em>πλήττουσιν</em></strong></span> <span class='ocrx_word' id='word_1_37' title='bbox 1087 774 1130 814; x_wconf 86' lang='grc' dir='ltr'><strong><em>οῖ</em></strong></span> <span class='ocrx_word' id='word_1_38' title='bbox 1156 774 1263 828; x_wconf 83' lang='grc' dir='ltr'><strong><em>κριοί</em></strong></span> <span class='ocrx_word' id='word_1_39' title='bbox 1298 805 1306 814; x_wconf 98' lang='grc'><strong><em>.</em></strong></span> <span class='ocrx_word' id='word_1_40' title='bbox 1346 807 1354 815; x_wconf 94' lang='grc'><strong><em>.</em></strong></span> <span class='ocrx_word' id='word_1_41' title='bbox 1393 805 1403 813; x_wconf 93' lang='grc'><strong><em>.</em></strong></span> <span class='ocrx_word' id='word_1_42' title='bbox 1441 773 1550 828; x_wconf 84' lang='grc' dir='ltr'><strong><em>κριὸς</em></strong></span> <span class='ocrx_word' id='word_1_43' title='bbox 1580 773 1627 813; x_wconf 81' lang='grc' dir='ltr'><strong><em>τὰ</em></strong></span> <span class='ocrx_word' id='word_1_44' title='bbox 1657 789 1746 826; x_wconf 89' lang='grc' dir='ltr'><strong><em>τρο-</em></strong></span> 
     </span>
     <span class='ocr_line' id='line_1_9' title="bbox 163 830 1745 889; baseline -0.001 -15"><span class='ocrx_word' id='word_1_45' title='bbox 163 838 258 887; x_wconf 88' lang='grc' dir='ltr'><strong><em>φεῖα</em></strong></span> <span class='ocrx_word' id='word_1_46' title='bbox 285 866 294 876; x_wconf 92' lang='grc'><strong><em>.</em></strong></span> <span class='ocrx_word' id='word_1_47' title='bbox 319 865 330 874; x_wconf 91' lang='grc'><strong><em>.</em></strong></span> <span class='ocrx_word' id='word_1_48' title='bbox 354 866 364 876; x_wconf 96' lang='grc'><strong><em>.</em></strong></span> <span class='ocrx_word' id='word_1_49' title='bbox 391 833 582 887; x_wconf 84' lang='grc' dir='ltr'><strong><em>μέμνηται</em></strong></span> <span class='ocrx_word' id='word_1_50' title='bbox 614 833 735 887; x_wconf 78' lang='grc' dir='ltr'><strong><em>αὐτῆς</em></strong></span> <span class='ocrx_word' id='word_1_51' title='bbox 762 832 1017 889; x_wconf 83' lang='grc' dir='ltr'><strong><em>Μένανδρος.</em></strong></span> <span class='ocrx_word' id='word_1_52' title='bbox 1079 835 1278 874; x_wconf 87' lang='lat' dir='ltr'>Zenobius</span> <span class='ocrx_word' id='word_1_53' title='bbox 1305 835 1452 874; x_wconf 85' lang='lat' dir='ltr'>Milleri</span> <span class='ocrx_word' id='word_1_54' title='bbox 1483 837 1521 885; x_wconf 83' lang='lat'><strong><em>2,</em></strong></span> <span class='ocrx_word' id='word_1_55' title='bbox 1554 836 1606 874; x_wconf 90' lang='lat'><strong><em>31</em></strong></span> <span class='ocrx_word' id='word_1_56' title='bbox 1643 830 1745 887; x_wconf 72' lang='lat' dir='ltr'>(Mo-</span> 
     </span>
     <span class='ocr_line' id='line_1_10' title="bbox 163 891 1745 949; baseline -0.001 -14"><span class='ocrx_word' id='word_1_57' title='bbox 163 895 303 946; x_wconf 79' lang='lat' dir='ltr'>langes</span> <span class='ocrx_word' id='word_1_58' title='bbox 325 892 431 947; x_wconf 88' lang='grc'>361)</span> <span class='ocrx_word' id='word_1_59' title='bbox 449 894 559 949; x_wconf 83' lang='grc' dir='ltr'><strong><em>κριὸς</em></strong></span> <span class='ocrx_word' id='word_1_60' title='bbox 589 893 636 934; x_wconf 81' lang='grc' dir='ltr'><strong><em>τὰ</em></strong></span> <span class='ocrx_word' id='word_1_61' title='bbox 654 896 839 949; x_wconf 88' lang='grc' dir='ltr'><strong><em>τροφεῖα·</em></strong></span> <span class='ocrx_word' id='word_1_62' title='bbox 871 893 935 934; x_wconf 76' lang='grc' dir='ltr'><strong><em>ἐπὶ</em></strong></span> <span class='ocrx_word' id='word_1_63' title='bbox 959 901 1038 934; x_wconf 86' lang='grc' dir='ltr'><strong><em>τῶν</em></strong></span> <span class='ocrx_word' id='word_1_64' title='bbox 1069 893 1289 948; x_wconf 84' lang='grc' dir='ltr'><strong><em>ἀχαρίστων</em></strong></span> <span class='ocrx_word' id='word_1_65' title='bbox 1314 891 1341 946; x_wconf 79' lang='grc' dir='ltr'>ἡ</span> <span class='ocrx_word' id='word_1_66' title='bbox 1361 894 1554 948; x_wconf 83' lang='grc' dir='ltr'><strong><em>παροιμία</em></strong></span> <span class='ocrx_word' id='word_1_67' title='bbox 1584 893 1745 947; x_wconf 86' lang='grc' dir='ltr'><strong><em>εἴρηται.</em></strong></span> 
     </span>
     <span class='ocr_line' id='line_1_11' title="bbox 163 952 1745 1009; baseline -0.001 -15"><span class='ocrx_word' id='word_1_68' title='bbox 163 954 207 994; x_wconf 81' lang='grc' dir='ltr'><strong><em>οἱ</em></strong></span> <span class='ocrx_word' id='word_1_69' title='bbox 231 953 307 1008; x_wconf 79' lang='grc' dir='ltr'><strong><em>γὰρ</em></strong></span> <span class='ocrx_word' id='word_1_70' title='bbox 337 953 442 1009; x_wconf 83' lang='grc' dir='ltr'><strong><em>κριοὶ</em></strong></span> <span class='ocrx_word' id='word_1_71' title='bbox 471 954 565 1003; x_wconf 86' lang='grc' dir='ltr'><strong><em>τοὺς</em></strong></span> <span class='ocrx_word' id='word_1_72' title='bbox 595 953 829 1007; x_wconf 81' lang='grc' dir='ltr'><strong><em>θρέψαντας</em></strong></span> <span class='ocrx_word' id='word_1_73' title='bbox 863 955 1117 1007; x_wconf 84' lang='grc' dir='ltr'><strong><em>κορύπτουσι.</em></strong></span> <span class='ocrx_word' id='word_1_74' title='bbox 1179 952 1371 1006; x_wconf 84' lang='grc' dir='ltr'><strong><em>μέμνηται</em></strong></span> <span class='ocrx_word' id='word_1_75' title='bbox 1403 952 1446 993; x_wconf 79' lang='grc' dir='ltr'><strong><em>δὲ</em></strong></span> <span class='ocrx_word' id='word_1_76' title='bbox 1477 953 1600 1006; x_wconf 80' lang='grc' dir='ltr'><strong><em>αὐτῆς</em></strong></span> <span class='ocrx_word' id='word_1_77' title='bbox 1630 952 1745 993; x_wconf 83' lang='grc' dir='ltr'><strong><em>Μέν-</em></strong></span> 
     </span>
     <span class='ocr_line' id='line_1_12' title="bbox 163 1014 1744 1069; baseline -0.001 -15"><span class='ocrx_word' id='word_1_78' title='bbox 163 1014 322 1069; x_wconf 83' lang='grc' dir='ltr'><strong><em>ανδρος.</em></strong></span> <span class='ocrx_word' id='word_1_79' title='bbox 383 1016 519 1066; x_wconf 76' lang='lat' dir='ltr'>itaque</span> <span class='ocrx_word' id='word_1_80' title='bbox 563 1016 782 1054; x_wconf 82' lang='lat' dir='ltr'>Menander</span> <span class='ocrx_word' id='word_1_81' title='bbox 825 1015 927 1054; x_wconf 89' lang='lat' dir='ltr'>nihil</span> <span class='ocrx_word' id='word_1_82' title='bbox 970 1015 1048 1054; x_wconf 87' lang='lat' dir='ltr'>nisi</span> <span class='ocrx_word' id='word_1_83' title='bbox 1091 1016 1215 1055; x_wconf 87' lang='lat' dir='ltr'>verba</span> <span class='ocrx_word' id='word_1_84' title='bbox 1259 1027 1382 1065; x_wconf 88' lang='lat' dir='ltr'>supra</span> <span class='ocrx_word' id='word_1_85' title='bbox 1422 1015 1633 1065; x_wconf 76' lang='lat' dir='ltr'>exscripta.</span> <span class='ocrx_word' id='word_1_86' title='bbox 1695 1015 1744 1053; x_wconf 86' lang='lat' dir='ltr'><strong><em>ef.</em></strong></span> 
     </span>
     <span class='ocr_line' id='line_1_13' title="bbox 161 1071 1744 1127; baseline -0.001 -14"><span class='ocrx_word' id='word_1_87' title='bbox 161 1074 398 1127; x_wconf 85' lang='lat' dir='ltr'>Diogenian.</span> <span class='ocrx_word' id='word_1_88' title='bbox 420 1077 458 1127; x_wconf 86' lang='lat'><strong><em>5,</em></strong></span> <span class='ocrx_word' id='word_1_89' title='bbox 481 1077 547 1115; x_wconf 83' lang='lat'><strong><em>62.</em></strong></span> <span class='ocrx_word' id='word_1_90' title='bbox 580 1075 761 1126; x_wconf 76' lang='lat' dir='ltr'>Photius,</span> <span class='ocrx_word' id='word_1_91' title='bbox 788 1075 1026 1127; x_wconf 81' lang='lat' dir='ltr'>Hesychius,</span> <span class='ocrx_word' id='word_1_92' title='bbox 1058 1075 1201 1114; x_wconf 88' lang='lat' dir='ltr'>Suidas</span> <span class='ocrx_word' id='word_1_93' title='bbox 1234 1073 1342 1126; x_wconf 82' lang='grc' dir='ltr'><strong><em>κριὸς</em></strong></span> <span class='ocrx_word' id='word_1_94' title='bbox 1367 1078 1532 1127; x_wconf 87' lang='grc' dir='ltr'><strong><em>τροφεῖα</em></strong></span> <span class='ocrx_word' id='word_1_95' title='bbox 1563 1071 1744 1113; x_wconf 82' lang='grc' dir='ltr'><strong><em>ἀπέτισεν</em></strong></span> 
     </span>
     <span class='ocr_line' id='line_1_14' title="bbox 162 1135 481 1185; baseline 0 -11"><span class='ocrx_word' id='word_1_96' title='bbox 162 1136 204 1174; x_wconf 79' lang='lat' dir='ltr'><strong><em>et</em></strong></span> <span class='ocrx_word' id='word_1_97' title='bbox 235 1135 378 1185; x_wconf 86' lang='lat' dir='ltr'>Eupol.</span> <span class='ocrx_word' id='word_1_98' title='bbox 412 1137 481 1175; x_wconf 88' lang='lat'><strong><em>99.</em></strong></span> 
     </span>
    </p>
   </div>
   <div class='ocr_carea' id='block_1_6' title="bbox 450 1227 1062 1368">
    <p class='ocr_par' dir='ltr' id='par_1_6' title="bbox 450 1227 1062 1368">
     <span class='ocr_line' id='line_1_15' title="bbox 905 1227 991 1270; baseline 0 -1"><span class='ocrx_word' id='word_1_99' title='bbox 905 1227 991 1270; x_wconf 83' lang='grc'><strong><em>906</em></strong></span> 
     </span>
     <span class='ocr_line' id='line_1_16' title="bbox 450 1307 1062 1368; baseline -0.002 -14"><span class='ocrx_word' id='word_1_100' title='bbox 450 1312 571 1354; x_wconf 84' lang='grc' dir='ltr'><strong><em>ἔστιν</em></strong></span> <span class='ocrx_word' id='word_1_101' title='bbox 603 1307 643 1353; x_wconf 79' lang='grc' dir='ltr'><strong><em>δ’</em></strong></span> <span class='ocrx_word' id='word_1_102' title='bbox 679 1310 792 1367; x_wconf 87' lang='grc' dir='ltr'><strong><em>ὅμοῦ</em></strong></span> <span class='ocrx_word' id='word_1_103' title='bbox 823 1311 873 1353; x_wconf 86' lang='grc' dir='ltr'><strong><em>τὸ</em></strong></span> <span class='ocrx_word' id='word_1_104' title='bbox 905 1316 1062 1368; x_wconf 81' lang='grc' dir='ltr'><strong><em>χρῆμα.</em></strong></span> 
     </span>
    </p>
   </div>
   <div class='ocr_carea' id='block_1_7' title="bbox 164 1394 1745 1512">
    <p class='ocr_par' dir='ltr' id='par_1_7' title="bbox 164 1394 1745 1512">
     <span class='ocr_line' id='line_1_17' title="bbox 284 1394 1745 1450; baseline 0 -13"><span class='ocrx_word' id='word_1_105' title='bbox 284 1398 414 1438; x_wconf 81' lang='lat' dir='ltr'>Sohol.</span> <span class='ocrx_word' id='word_1_106' title='bbox 447 1399 652 1448; x_wconf 71' lang='lat' dir='ltr'>Aristoph.</span> <span class='ocrx_word' id='word_1_107' title='bbox 675 1399 833 1437; x_wconf 85' lang='lat' dir='ltr'>Thesm.</span> <span class='ocrx_word' id='word_1_108' title='bbox 867 1400 952 1438; x_wconf 84' lang='lat'><strong><em>572</em></strong></span> <span class='ocrx_word' id='word_1_109' title='bbox 987 1401 1028 1436; x_wconf 76' lang='lat' dir='ltr'><strong><em>et</em></strong></span> <span class='ocrx_word' id='word_1_110' title='bbox 1061 1397 1205 1436; x_wconf 84' lang='lat' dir='ltr'>Suidas</span> <span class='ocrx_word' id='word_1_111' title='bbox 1237 1394 1357 1448; x_wconf 82' lang='grc' dir='ltr'><strong><em>ὁμοῦ·</em></strong></span> <span class='ocrx_word' id='word_1_112' title='bbox 1395 1395 1481 1436; x_wconf 82' lang='grc' dir='ltr'><strong><em>ἀντὶ</em></strong></span> <span class='ocrx_word' id='word_1_113' title='bbox 1520 1402 1590 1436; x_wconf 85' lang='grc' dir='ltr'><strong><em>τοῦ</em></strong></span> <span class='ocrx_word' id='word_1_114' title='bbox 1629 1395 1745 1450; x_wconf 84' lang='grc' dir='ltr'><strong><em>ε’γγύς</em></strong></span> 
     </span>
     <span class='ocr_line' id='line_1_18' title="bbox 164 1454 1458 1512; baseline -0.002 -15"><span class='ocrx_word' id='word_1_115' title='bbox 164 1456 272 1512; x_wconf 79' lang='grc' dir='ltr'><strong><em>παρὰ</em></strong></span> <span class='ocrx_word' id='word_1_116' title='bbox 302 1461 384 1506; x_wconf 84' lang='grc' dir='ltr'><strong><em>τοῖς</em></strong></span> <span class='ocrx_word' id='word_1_117' title='bbox 410 1454 615 1506; x_wconf 80' lang='grc' dir='ltr'><strong><em>Ἀττικοῖς·</em></strong></span> <span class='ocrx_word' id='word_1_118' title='bbox 646 1456 714 1498; x_wconf 78' lang='grc' dir='ltr'><strong><em>καὶ</em></strong></span> <span class='ocrx_word' id='word_1_119' title='bbox 746 1455 989 1510; x_wconf 80' lang='grc' dir='ltr'><strong><em>Μένανδρος</em></strong></span> <span class='ocrx_word' id='word_1_120' title='bbox 1019 1460 1098 1496; x_wconf 80' lang='grc' dir='ltr'><strong><em>κτλ.</em></strong></span> <span class='ocrx_word' id='word_1_121' title='bbox 1160 1455 1239 1496; x_wconf 72' lang='grc' dir='ltr'><strong><em>ἔστι</em></strong></span> <span class='ocrx_word' id='word_1_122' title='bbox 1272 1454 1314 1495; x_wconf 78' lang='grc' dir='ltr'><strong><em>δὲ</em></strong></span> <span class='ocrx_word' id='word_1_123' title='bbox 1347 1456 1458 1495; x_wconf 85' lang='lat' dir='ltr'>Suid.</span> 
     </span>
    </p>
   </div>
   <div class='ocr_carea' id='block_1_8' title="bbox 455 1599 996 1740">
    <p class='ocr_par' dir='ltr' id='par_1_8' title="bbox 455 1599 996 1740">
     <span class='ocr_line' id='line_1_19' title="bbox 911 1599 996 1641; baseline 0 0"><span class='ocrx_word' id='word_1_124' title='bbox 911 1599 996 1641; x_wconf 84' lang='lat'><strong><em>907</em></strong></span> 
     </span>
     <span class='ocr_line' id='line_1_20' title="bbox 455 1684 993 1740; baseline 0.004 -16"><span class='ocrx_word' id='word_1_125' title='bbox 455 1684 726 1740; x_wconf 83' lang='grc' dir='ltr'><strong><em>Τρικορυσία</em></strong></span> <span class='ocrx_word' id='word_1_126' title='bbox 755 1684 993 1738; x_wconf 83' lang='grc' dir='ltr'><strong><em>βασίλιννα</em></strong></span> 
     </span>
    </p>
   </div>
   <div class='ocr_carea' id='block_1_9' title="bbox 163 1765 1744 2302">
    <p class='ocr_par' dir='ltr' id='par_1_9' title="bbox 163 1765 1744 2302">
     <span class='ocr_line' id='line_1_21' title="bbox 281 1765 1741 1824; baseline -0.001 -16"><span class='ocrx_word' id='word_1_127' title='bbox 281 1769 476 1809; x_wconf 88' lang='lat' dir='ltr'>Aelianus</span> <span class='ocrx_word' id='word_1_128' title='bbox 501 1782 563 1820; x_wconf 87' lang='lat' dir='ltr'><strong><em>ap.</em></strong></span> <span class='ocrx_word' id='word_1_129' title='bbox 585 1770 694 1810; x_wconf 84' lang='lat' dir='ltr'>Suid.</span> <span class='ocrx_word' id='word_1_130' title='bbox 726 1770 931 1821; x_wconf 88' lang='grc' dir='ltr'><strong><em>παίσωμεν</em></strong></span> <span class='ocrx_word' id='word_1_131' title='bbox 963 1772 1004 1808; x_wconf 69' lang='lat' dir='ltr'><strong><em>ef.</em></strong></span> <span class='ocrx_word' id='word_1_132' title='bbox 1040 1768 1295 1822; x_wconf 85' lang='grc' dir='ltr'><strong><em>Τρικορυσία·</em></strong></span> <span class='ocrx_word' id='word_1_133' title='bbox 1327 1766 1393 1808; x_wconf 82' lang='grc' dir='ltr'><strong><em>καὶ</em></strong></span> <span class='ocrx_word' id='word_1_134' title='bbox 1424 1765 1521 1807; x_wconf 75' lang='grc' dir='ltr'><strong><em>ἕδνα</em></strong></span> <span class='ocrx_word' id='word_1_135' title='bbox 1551 1765 1648 1824; x_wconf 81' lang='grc' dir='ltr'><strong><em>ᾔτει,</em></strong></span> <span class='ocrx_word' id='word_1_136' title='bbox 1679 1783 1741 1821; x_wconf 86' lang='grc' dir='ltr'><strong><em>γε-</em></strong></span> 
     </span>
     <span class='ocr_line' id='line_1_22' title="bbox 163 1827 1743 1882; baseline -0.002 -12"><span class='ocrx_word' id='word_1_137' title='bbox 163 1828 307 1870; x_wconf 80' lang='grc' dir='ltr'><strong><em>νέσθαι</em></strong></span> <span class='ocrx_word' id='word_1_138' title='bbox 338 1829 503 1882; x_wconf 82' lang='grc' dir='ltr'><strong><em>βασιλίς,</em></strong></span> <span class='ocrx_word' id='word_1_139' title='bbox 534 1828 577 1869; x_wconf 90' lang='grc' dir='ltr'><strong><em>τὸ</em></strong></span> <span class='ocrx_word' id='word_1_140' title='bbox 608 1835 679 1870; x_wconf 84' lang='grc' dir='ltr'><strong><em>τοῦ</em></strong></span> <span class='ocrx_word' id='word_1_141' title='bbox 705 1829 971 1882; x_wconf 80' lang='grc' dir='ltr'><strong><em>Μενάνδρου,</em></strong></span> <span class='ocrx_word' id='word_1_142' title='bbox 1003 1828 1070 1868; x_wconf 78' lang='grc' dir='ltr'><strong><em>ἵνα</em></strong></span> <span class='ocrx_word' id='word_1_143' title='bbox 1100 1843 1135 1868; x_wconf 85' lang='grc' dir='ltr'><strong><em>τι</em></strong></span> <span class='ocrx_word' id='word_1_144' title='bbox 1166 1827 1234 1868; x_wconf 85' lang='grc' dir='ltr'><strong><em>καὶ</em></strong></span> <span class='ocrx_word' id='word_1_145' title='bbox 1263 1828 1393 1867; x_wconf 90' lang='grc' dir='ltr'><strong><em>παίσω</em></strong></span> <span class='ocrx_word' id='word_1_146' title='bbox 1419 1831 1507 1879; x_wconf 81' lang='grc' dir='ltr'><strong><em>κτλ.,</em></strong></span> <span class='ocrx_word' id='word_1_147' title='bbox 1545 1827 1612 1867; x_wconf 85' lang='grc' dir='ltr'><strong><em>καὶ</em></strong></span> <span class='ocrx_word' id='word_1_148' title='bbox 1643 1828 1743 1880; x_wconf 72' lang='grc' dir='ltr'><strong><em>αὕτη</em></strong></span> 
     </span>
     <span class='ocr_line' id='line_1_23' title="bbox 165 1884 1743 1941; baseline -0.002 -11"><span class='ocrx_word' id='word_1_149' title='bbox 165 1888 354 1930; x_wconf 81' lang='grc' dir='ltr'><strong><em>δέσποινα</em></strong></span> <span class='ocrx_word' id='word_1_150' title='bbox 372 1884 475 1929; x_wconf 83' lang='grc' dir='ltr'><strong><em>εἶναι</em></strong></span> <span class='ocrx_word' id='word_1_151' title='bbox 496 1894 568 1929; x_wconf 82' lang='grc' dir='ltr'><strong><em>τοῦ</em></strong></span> <span class='ocrx_word' id='word_1_152' title='bbox 587 1889 750 1930; x_wconf 91' lang='grc' dir='ltr'><strong><em>Πόντου</em></strong></span> <span class='ocrx_word' id='word_1_153' title='bbox 772 1887 978 1930; x_wconf 79' lang='grc' dir='ltr'><strong><em>ἐθέλουσα.</em></strong></span> <span class='ocrx_word' id='word_1_154' title='bbox 1028 1889 1235 1941; x_wconf 80' lang='grc' dir='ltr'><strong><em>βασίλισσα</em></strong></span> <span class='ocrx_word' id='word_1_155' title='bbox 1257 1888 1367 1927; x_wconf 83' lang='lat' dir='ltr'>Suid.</span> <span class='ocrx_word' id='word_1_156' title='bbox 1391 1890 1544 1941; x_wconf 86' lang='grc' dir='ltr'><strong><em>Τρικορ.</em></strong></span> <span class='ocrx_word' id='word_1_157' title='bbox 1595 1888 1743 1927; x_wconf 83' lang='lat' dir='ltr'>Eusta-</span> 
     </span>
     <span class='ocr_line' id='line_1_24' title="bbox 163 1946 1743 2002; baseline -0.002 -13"><span class='ocrx_word' id='word_1_158' title='bbox 163 1951 275 1990; x_wconf 81' lang='lat' dir='ltr'>thius</span> <span class='ocrx_word' id='word_1_159' title='bbox 311 1952 443 2000; x_wconf 82' lang='lat'>1425,</span> <span class='ocrx_word' id='word_1_160' title='bbox 482 1951 539 1988; x_wconf 89' lang='grc'><strong><em>40</em></strong></span> <span class='ocrx_word' id='word_1_161' title='bbox 577 1950 783 2002; x_wconf 88' lang='grc' dir='ltr'><strong><em>βασίλισσα</em></strong></span> <span class='ocrx_word' id='word_1_162' title='bbox 820 1948 919 1989; x_wconf 82' lang='grc' dir='ltr'><strong><em>κατὰ</em></strong></span> <span class='ocrx_word' id='word_1_163' title='bbox 961 1948 1102 1989; x_wconf 85' lang='grc' dir='ltr'><strong><em>Αἴλιον</em></strong></span> <span class='ocrx_word' id='word_1_164' title='bbox 1139 1948 1359 1988; x_wconf 80' lang='grc' dir='ltr'><strong><em>Διονύσιον</em></strong></span> <span class='ocrx_word' id='word_1_165' title='bbox 1396 1946 1567 1995; x_wconf 80' lang='grc' dir='ltr'><strong><em>ἀττικῶς.</em></strong></span> <span class='ocrx_word' id='word_1_166' title='bbox 1630 1948 1743 2000; x_wconf 89' lang='grc' dir='ltr'><strong><em>βασί-</em></strong></span> 
     </span>
     <span class='ocr_line' id='line_1_25' title="bbox 164 2007 1744 2063; baseline -0.002 -14"><span class='ocrx_word' id='word_1_167' title='bbox 164 2013 305 2049; x_wconf 87' lang='grc' dir='ltr'><strong><em>λινναν</em></strong></span> <span class='ocrx_word' id='word_1_168' title='bbox 337 2007 393 2060; x_wconf 85' lang='grc' dir='ltr'><strong><em>δέ,</em></strong></span> <span class='ocrx_word' id='word_1_169' title='bbox 425 2008 537 2060; x_wconf 90' lang='grc' dir='ltr'><strong><em>φησί,</em></strong></span> <span class='ocrx_word' id='word_1_170' title='bbox 564 2008 807 2063; x_wconf 81' lang='grc' dir='ltr'><strong><em>Μένανδρος</em></strong></span> <span class='ocrx_word' id='word_1_171' title='bbox 838 2007 950 2063; x_wconf 80' lang='grc' dir='ltr'><strong><em>λέγει.</em></strong></span> <span class='ocrx_word' id='word_1_172' title='bbox 1007 2010 1137 2048; x_wconf 85' lang='lat' dir='ltr'>dicere</span> <span class='ocrx_word' id='word_1_173' title='bbox 1163 2009 1324 2048; x_wconf 74' lang='lat' dir='ltr'>videtur</span> <span class='ocrx_word' id='word_1_174' title='bbox 1354 2008 1564 2046; x_wconf 83' lang='lat' dir='ltr'>mulierem</span> <span class='ocrx_word' id='word_1_175' title='bbox 1596 2008 1744 2047; x_wconf 78' lang='lat' dir='ltr'>aeriter</span> 
     </span>
     <span class='ocr_line' id='line_1_26' title="bbox 165 2068 1740 2122; baseline -0.001 -14"><span class='ocrx_word' id='word_1_176' title='bbox 165 2070 352 2121; x_wconf 81' lang='lat' dir='ltr'>dicacem,</span> <span class='ocrx_word' id='word_1_177' title='bbox 373 2069 573 2120; x_wconf 84' lang='lat' dir='ltr'>siquidem</span> <span class='ocrx_word' id='word_1_178' title='bbox 592 2070 860 2122; x_wconf 75' lang='lat' dir='ltr'>Tricorythus</span> <span class='ocrx_word' id='word_1_179' title='bbox 879 2069 1074 2110; x_wconf 76' lang='lat' dir='ltr'>culicibus</span> <span class='ocrx_word' id='word_1_180' title='bbox 1094 2069 1337 2109; x_wconf 73' lang='lat' dir='ltr'>abundabat.</span> <span class='ocrx_word' id='word_1_181' title='bbox 1375 2068 1500 2107; x_wconf 66' lang='lat' dir='ltr'>Arist.</span> <span class='ocrx_word' id='word_1_182' title='bbox 1515 2068 1608 2118; x_wconf 84' lang='lat' dir='ltr'>Lys.</span> <span class='ocrx_word' id='word_1_183' title='bbox 1626 2069 1740 2107; x_wconf 83' lang='lat'>1032</span> 
     </span>
     <span class='ocr_line' id='line_1_27' title="bbox 165 2122 1744 2183; baseline -0.002 -14"><span class='ocrx_word' id='word_1_184' title='bbox 165 2128 279 2182; x_wconf 82' lang='grc' dir='ltr'><strong><em>ε’μπὶς</em></strong></span> <span class='ocrx_word' id='word_1_185' title='bbox 320 2130 576 2181; x_wconf 83' lang='grc' dir='ltr'><strong><em>Τρικορυσία,</em></strong></span> <span class='ocrx_word' id='word_1_186' title='bbox 616 2131 688 2170; x_wconf 91' lang='lat' dir='ltr'><strong><em>ubi</em></strong></span> <span class='ocrx_word' id='word_1_187' title='bbox 725 2131 850 2170; x_wconf 84' lang='lat' dir='ltr'>schol.</span> <span class='ocrx_word' id='word_1_188' title='bbox 888 2128 967 2169; x_wconf 69' lang='grc' dir='ltr'><strong><em>ἔστι</em></strong></span> <span class='ocrx_word' id='word_1_189' title='bbox 1009 2128 1084 2183; x_wconf 82' lang='grc' dir='ltr'><strong><em>γὰρ</em></strong></span> <span class='ocrx_word' id='word_1_190' title='bbox 1122 2122 1413 2183; x_wconf 83' lang='grc' dir='ltr'><strong><em>(Τρικόρυθος)</em></strong></span> <span class='ocrx_word' id='word_1_191' title='bbox 1450 2125 1634 2178; x_wconf 81' lang='grc' dir='ltr'><strong><em>ἀλσώδης</em></strong></span> <span class='ocrx_word' id='word_1_192' title='bbox 1677 2125 1744 2166; x_wconf 84' lang='grc' dir='ltr'><strong><em>καὶ</em></strong></span> 
     </span>
     <span class='ocr_line' id='line_1_28' title="bbox 163 2187 1742 2244; baseline -0.003 -14"><span class='ocrx_word' id='word_1_193' title='bbox 163 2189 381 2244; x_wconf 80' lang='grc' dir='ltr'><strong><em>κάθυγρος.</em></strong></span> <span class='ocrx_word' id='word_1_194' title='bbox 430 2187 457 2241; x_wconf 76' lang='grc' dir='ltr'><strong>ἢ</strong></span> <span class='ocrx_word' id='word_1_195' title='bbox 483 2187 567 2229; x_wconf 83' lang='grc' dir='ltr'><strong><em>ἐπεὶ</em></strong></span> <span class='ocrx_word' id='word_1_196' title='bbox 596 2190 771 2244; x_wconf 90' lang='grc' dir='ltr'><strong><em>πονηροί</em></strong></span> <span class='ocrx_word' id='word_1_197' title='bbox 798 2189 898 2230; x_wconf 85' lang='grc' dir='ltr'><strong><em>εἰσιν</em></strong></span> <span class='ocrx_word' id='word_1_198' title='bbox 930 2189 972 2230; x_wconf 80' lang='grc' dir='ltr'><strong><em>οἱ</em></strong></span> <span class='ocrx_word' id='word_1_199' title='bbox 1003 2189 1263 2244; x_wconf 86' lang='grc' dir='ltr'><strong><em>Τρικορύσιοι.</em></strong></span> <span class='ocrx_word' id='word_1_200' title='bbox 1315 2188 1363 2227; x_wconf 85' lang='lat' dir='ltr'><strong><em>cf.</em></strong></span> <span class='ocrx_word' id='word_1_201' title='bbox 1383 2188 1569 2226; x_wconf 83' lang='lat' dir='ltr'><strong>Bursian.</strong></span> <span class='ocrx_word' id='word_1_202' title='bbox 1597 2187 1742 2239; x_wconf 85' lang='lat' dir='ltr'>Geogr.</span> 
     </span>
     <span class='ocr_line' id='line_1_29' title="bbox 165 2251 477 2302; baseline -0.003 -13"><span class='ocrx_word' id='word_1_203' title='bbox 165 2264 224 2302; x_wconf 87' lang='lat' dir='ltr'><strong><em>gr.</em></strong></span> <span class='ocrx_word' id='word_1_204' title='bbox 256 2251 276 2289; x_wconf 94' lang='lat' dir='ltr'>I</span> <span class='ocrx_word' id='word_1_205' title='bbox 308 2252 406 2298; x_wconf 76' lang='lat'>340.</span> <span class='ocrx_word' id='word_1_206' title='bbox 442 2251 477 2288; x_wconf 93' lang='lat'><strong><em>1.</em></strong></span> 
     </span>
    </p>
   </div>
   <div class='ocr_carea' id='block_1_10' title="bbox 911 2342 998 2385">
    <p class='ocr_par' dir='ltr' id='par_1_10' title="bbox 911 2342 998 2385">
     <span class='ocr_line' id='line_1_30' title="bbox 911 2342 998 2385; baseline 0.011 -1"><span class='ocrx_word' id='word_1_207' title='bbox 911 2342 998 2385; x_wconf 86' lang='lat'><strong><em>908</em></strong></span> 
     </span>
    </p>
   </div>
   <div class='ocr_carea' id='block_1_11' title="bbox 167 2424 1743 2661">
    <p class='ocr_par' dir='ltr' id='par_1_11' title="bbox 167 2424 1743 2661">
     <span class='ocr_line' id='line_1_31' title="bbox 285 2424 1743 2482; baseline -0.004 -12"><span class='ocrx_word' id='word_1_208' title='bbox 285 2429 582 2482; x_wconf 75' lang='lat' dir='ltr'>Harpocration</span> <span class='ocrx_word' id='word_1_209' title='bbox 605 2432 658 2468; x_wconf 91' lang='grc'><strong><em>14</em></strong></span> <span class='ocrx_word' id='word_1_210' title='bbox 680 2430 764 2469; x_wconf 79' lang='lat' dir='ltr'>cod.</span> <span class='ocrx_word' id='word_1_211' title='bbox 787 2430 907 2468; x_wconf 83' lang='lat' dir='ltr'>Maro.</span> <span class='ocrx_word' id='word_1_212' title='bbox 939 2427 1205 2481; x_wconf 84' lang='grc' dir='ltr'><strong><em>ἀμβλυώττειν</em></strong></span> <span class='ocrx_word' id='word_1_213' title='bbox 1231 2426 1392 2473; x_wconf 78' lang='grc' dir='ltr'><strong><em>ἀττικῶς</em></strong></span> <span class='ocrx_word' id='word_1_214' title='bbox 1423 2424 1465 2465; x_wconf 87' lang='grc' dir='ltr'><strong><em>τὸ</em></strong></span> <span class='ocrx_word' id='word_1_215' title='bbox 1497 2424 1550 2477; x_wconf 81' lang='grc' dir='ltr'><strong><em>μὴ</em></strong></span> <span class='ocrx_word' id='word_1_216' title='bbox 1585 2425 1743 2478; x_wconf 80' lang='grc' dir='ltr'><strong><em>σφόδρα</em></strong></span> 
     </span>
     <span class='ocr_line' id='line_1_32' title="bbox 167 2484 1743 2544; baseline -0.004 -13"><span class='ocrx_word' id='word_1_217' title='bbox 167 2488 282 2543; x_wconf 84' lang='grc' dir='ltr'><strong><em>ὁρᾶν·</em></strong></span> <span class='ocrx_word' id='word_1_218' title='bbox 326 2490 517 2544; x_wconf 77' lang='grc' dir='ltr'><strong><em>γράφεται</em></strong></span> <span class='ocrx_word' id='word_1_219' title='bbox 560 2487 602 2529; x_wconf 80' lang='grc' dir='ltr'><strong><em>δὲ</em></strong></span> <span class='ocrx_word' id='word_1_220' title='bbox 641 2494 787 2537; x_wconf 82' lang='grc' dir='ltr'><strong><em>κοινῶς</em></strong></span> <span class='ocrx_word' id='word_1_221' title='bbox 830 2487 1107 2541; x_wconf 80' lang='grc' dir='ltr'><strong><em>ἀμβλυωπεῖν,</em></strong></span> <span class='ocrx_word' id='word_1_222' title='bbox 1150 2485 1202 2535; x_wconf 83' lang='grc' dir='ltr'><strong><em>ὡς</em></strong></span> <span class='ocrx_word' id='word_1_223' title='bbox 1241 2485 1484 2539; x_wconf 81' lang='grc' dir='ltr'><strong><em>Μένανδρος</em></strong></span> <span class='ocrx_word' id='word_1_224' title='bbox 1527 2484 1743 2538; x_wconf 82' lang='grc' dir='ltr'><strong><em>ἀμβλυω-</em></strong></span> 
     </span>
     <span class='ocr_line' id='line_1_33' title="bbox 167 2546 1742 2602; baseline -0.004 -12"><span class='ocrx_word' id='word_1_225' title='bbox 167 2550 388 2590; x_wconf 82' lang='grc' dir='ltr'><strong><em>πούντων</em></strong></span> <span class='ocrx_word' id='word_1_226' title='bbox 419 2548 624 2602; x_wconf 79' lang='grc' dir='ltr'><strong><em>ἀνδρῶν.</em></strong></span> <span class='ocrx_word' id='word_1_227' title='bbox 685 2562 758 2589; x_wconf 82' lang='lat' dir='ltr'>sor.</span> <span class='ocrx_word' id='word_1_228' title='bbox 790 2573 887 2590; x_wconf 66' lang='grc' dir='ltr'><strong><em>υ-υ</em></strong></span> <span class='ocrx_word' id='word_1_229' title='bbox 917 2546 1076 2602; x_wconf 80' lang='grc' dir='ltr'><strong><em>ἀνδρῶν</em></strong></span> <span class='ocrx_word' id='word_1_230' title='bbox 1109 2546 1461 2600; x_wconf 83' lang='grc' dir='ltr'><strong><em>ἀμβλυωπούντων</em></strong></span> <span class='ocrx_word' id='word_1_231' title='bbox 1493 2570 1567 2587; x_wconf 65' lang='grc' dir='ltr'><strong><em>υ,.</em></strong></span> <span class='ocrx_word' id='word_1_232' title='bbox 1632 2559 1742 2585; x_wconf 87' lang='lat' dir='ltr'>mou-</span> 
     </span>
     <span class='ocr_line' id='line_1_34' title="bbox 169 2602 1658 2661; baseline -0.005 -11"><span class='ocrx_word' id='word_1_233' title='bbox 169 2613 273 2650; x_wconf 72' lang='lat' dir='ltr'>strat</span> <span class='ocrx_word' id='word_1_234' title='bbox 304 2610 599 2661; x_wconf 69' lang='lat' dir='ltr'>Harpocration</span> <span class='ocrx_word' id='word_1_235' title='bbox 630 2609 828 2661; x_wconf 88' lang='lat' dir='ltr'>quomodo</span> <span class='ocrx_word' id='word_1_236' title='bbox 860 2608 1070 2648; x_wconf 82' lang='lat' dir='ltr'>Menandri</span> <span class='ocrx_word' id='word_1_237' title='bbox 1102 2610 1236 2647; x_wconf 76' lang='lat' dir='ltr'>aetate</span> <span class='ocrx_word' id='word_1_238' title='bbox 1268 2610 1357 2646; x_wconf 78' lang='lat' dir='ltr'>orta</span> <span class='ocrx_word' id='word_1_239' title='bbox 1388 2607 1442 2644; x_wconf 81' lang='lat' dir='ltr'><strong><em>sit</em></strong></span> <span class='ocrx_word' id='word_1_240' title='bbox 1473 2602 1498 2656; x_wconf 75' lang='grc' dir='ltr'><em>ἡ</em></span> <span class='ocrx_word' id='word_1_241' title='bbox 1530 2605 1658 2656; x_wconf 85' lang='grc' dir='ltr'><strong><em>κοινή.</em></strong></span> 
     </span>
    </p>
   </div>
   <div class='ocr_carea' id='block_1_12' title="bbox 913 2749 1000 2792">
    <p class='ocr_par' dir='ltr' id='par_1_12' title="bbox 913 2749 1000 2792">
     <span class='ocr_line' id='line_1_35' title="bbox 913 2749 1000 2792; baseline -0.011 0"><span class='ocrx_word' id='word_1_242' title='bbox 913 2749 1000 2792; x_wconf 89' lang='lat'><strong><em>909</em></strong></span> 
     </span>
    </p>
   </div>
   <div class='ocr_carea' id='block_1_13' title="bbox 171 2830 1743 2954">
    <p class='ocr_par' dir='ltr' id='par_1_13' title="bbox 171 2830 1743 2954">
     <span class='ocr_line' id='line_1_36' title="bbox 291 2830 1743 2887; baseline -0.003 -10"><span class='ocrx_word' id='word_1_243' title='bbox 291 2837 466 2877; x_wconf 80' lang='lat' dir='ltr'>Cramer.</span> <span class='ocrx_word' id='word_1_244' title='bbox 486 2837 637 2876; x_wconf 85' lang='lat' dir='ltr'>Anecd.</span> <span class='ocrx_word' id='word_1_245' title='bbox 657 2836 728 2876; x_wconf 86' lang='lat' dir='ltr'><strong><em>Ox.</em></strong></span> <span class='ocrx_word' id='word_1_246' title='bbox 747 2835 831 2876; x_wconf 93' lang='lat' dir='ltr'>IIII</span> <span class='ocrx_word' id='word_1_247' title='bbox 857 2837 956 2887; x_wconf 86' lang='grc'>412,</span> <span class='ocrx_word' id='word_1_248' title='bbox 983 2836 1037 2874; x_wconf 89' lang='grc'><strong><em>25</em></strong></span> <span class='ocrx_word' id='word_1_249' title='bbox 1071 2831 1182 2872; x_wconf 71' lang='grc' dir='ltr'><strong><em>ἑστιῶ</em></strong></span> <span class='ocrx_word' id='word_1_250' title='bbox 1209 2832 1391 2884; x_wconf 84' lang='grc' dir='ltr'><strong><em>σημαίνει</em></strong></span> <span class='ocrx_word' id='word_1_251' title='bbox 1421 2830 1464 2871; x_wconf 85' lang='grc' dir='ltr'><strong><em>τὸ</em></strong></span> <span class='ocrx_word' id='word_1_252' title='bbox 1490 2830 1743 2884; x_wconf 80' lang='grc' dir='ltr'><strong><em>ἀριστοποιῶ,</em></strong></span> 
     </span>
     <span class='ocr_line' id='line_1_37' title="bbox 171 2891 1550 2954; baseline -0.005 -17"><span class='ocrx_word' id='word_1_253' title='bbox 171 2896 225 2946; x_wconf 81' lang='grc' dir='ltr'><strong><em>ὡς</em></strong></span> <span class='ocrx_word' id='word_1_254' title='bbox 256 2896 363 2952; x_wconf 80' lang='grc' dir='ltr'><strong><em>παρὰ</em></strong></span> <span class='ocrx_word' id='word_1_255' title='bbox 396 2896 628 2954; x_wconf 75' lang='grc' dir='ltr'><strong><em>Μενάνδρῳ</em></strong></span> <span class='ocrx_word' id='word_1_256' title='bbox 659 2894 819 2936; x_wconf 75' lang='grc' dir='ltr'><strong><em>ἑστιᾶν</em></strong></span> <span class='ocrx_word' id='word_1_257' title='bbox 850 2894 963 2942; x_wconf 85' lang='grc' dir='ltr'><strong><em>τοὺς</em></strong></span> <span class='ocrx_word' id='word_1_258' title='bbox 994 2894 1175 2946; x_wconf 88' lang='grc' dir='ltr'><strong><em>φίλους.</em></strong></span> <span class='ocrx_word' id='word_1_259' title='bbox 1237 2891 1400 2931; x_wconf 77' lang='grc' dir='ltr'><strong><em>ἑστιάσω</em></strong></span> <span class='ocrx_word' id='word_1_260' title='bbox 1430 2892 1550 2931; x_wconf 89' lang='lat' dir='ltr'>Mein.</span> 
     </span>
    </p>
   </div>
  </div>
 </body>
</html>
