2014 3334
882 220 982 254 ΤΗΣ
1007 218 1135 254 mm
1709 215 1796 258 427

221 331 476 386 πανταχόθεν
505 329 571 372 καὶ
608 330 700 380 σύες
730 330 796 371 καὶ
824 326 949 388 λαγῴ,
984 330 1052 372 καὶ
1091 330 1164 371 ὅσα
1199 330 1350 383 πτηνά,
1387 328 1515 383 ὄρνεις
1546 328 1589 370 ἐκ
1623 329 1799 377 Φάσιδος

222 391 291 433 καὶ
321 390 422 441 ταὼς
452 390 492 441 ἐξ
518 387 661 440 Ἰνδίας
691 390 760 431 καὶ
788 389 1012 445 ἀλεκτρυὼν
1043 389 1064 431 6
1091 390 1334 444 Νομαδικός.
1386 391 1492 430 inter
1516 391 1614 430 haec
1638 393 1687 430 ut.
1711 403 1797 440 per-

223 453 354 493 multa
378 452 602 493 comoediae
628 452 800 503 speciem
824 454 973 492 referre
1002 452 1228 502 concedam,
1259 452 1318 490 ita
1348 451 1483 491 omnia
1514 450 1604 489 inde
1637 450 1799 489 fluxisse

222 512 333 553 haud
370 512 684 562 adfirmaverim,
726 511 924 563 siquidem
966 512 1009 551 in
1051 511 1158 552 haud
1197 511 1336 562 paucis
1374 511 1588 550 manifesta
1631 509 1799 561 elegiaci

224 573 344 613 metri
373 573 548 625 vestigia
578 572 786 623 adparent.
823 593 872 600 —
908 572 957 612 de
986 574 1139 621 ficubus
1170 572 1392 611 chelidonias*
1423 571 1471 610 cf.
1504 583 1605 622 quae
1638 569 1799 609 adnota-

223 632 356 673 vimus
393 632 444 673 ad
479 632 647 684 Epigen.
681 633 718 671 1.
767 632 911 672 Pollux
945 634 991 684 6,
1024 633 1076 672 81
1118 630 1273 684 ἰσχάδες
1309 629 1518 683 χελιδόνιοι
1555 629 1601 669 αἱ
1622 625 1800 668 Ἀττικαί.

226 691 376 734 Athen.
410 694 476 743 14,
510 692 623 732 652f
649 691 886 744 χελιδονίας.
906 690 995 740 ,τὰς
1025 690 1363 744 ἐρυθρομελαίνας
1389 689 1563 742 ἰσχάδας.
1603 688 1802 728 Athenaei

225 754 266 792 et
302 751 480 792 Pollucis
524 752 728 805 anguillae
770 752 926 792 πλωταί
964 752 1236 792 inlustrantur
1266 750 1461 790 Varronis
1499 750 1587 789 loco
1626 749 1801 788 Macrob.

225 811 308 852 Sat.
329 814 367 864 2,
389 814 441 852 12
468 813 512 852 in
529 811 664 852 Sicilia
683 824 806 852 manu
829 814 919 862 capi
936 824 1148 852 muraenas
1165 813 1336 861 flutas,
1362 811 1462 860 quod
1486 810 1558 849 hae
1581 811 1625 849 in
1648 821 1802 849 summa

225 885 330 922 aqua
351 885 456 922 prae
477 873 715 923 pinyuedine
738 873 930 923 flabant.
988 873 1036 912 cf.
1070 870 1222 912 Colum.
1253 871 1300 910 R.
1331 884 1362 910 r.
1397 872 1435 921 8,
1469 872 1537 919 17,
1570 871 1607 910 8.

969 1024 1056 1068 112

345 1123 588 1164 Themistius
615 1123 680 1164 Or.
703 1126 771 1176 21,
793 1125 907 1164 2620
939 1119 1004 1164 οἷα
1036 1121 1078 1163 δὲ
1109 1121 1211 1178 λέγει
1242 1121 1263 1163 6
1295 1123 1479 1196 μάγειρος
1511 1121 1532 1163 6
1558 1123 1805 1177 κωμῳδικός,

228 1181 324 1224 ουδε
356 1182 486 1224 ἐκεῖνα
516 1183 624 1224 πάνυ
651 1181 855 1224 ἐλυσιτέλει
878 1181 1191 1241 πυνθανομένω,
1222 1180 1306 1223 ἀλλ’
1342 1181 1515 1236 ἐπέτριβε
1547 1182 1640 1230 τοὺς
1671 1183 1804 1222 δαιτυ-

227 1242 352 1296 μόνας
370 1242 609 1292 ἐξαλλάττων
628 1242 674 1283 τὰ
698 1241 918 1295 ἡδύσματα.
967 1240 1052 1284 ἀλλ’
1082 1242 1157 1284 οὐκ
1182 1242 1359 1283 ἐνταῦθα
1377 1244 1588 1294 Καρίωνος
1613 1241 1655 1283 τὸ
1681 1241 1805 1282 κακὸν

226 1302 268 1344 τὸ
288 1301 398 1357 μέγα,
429 1302 487 1343 ὅτι
509 1302 703 1377 μοχθηρὰ
733 1301 759 1355 ἡ
782 1301 896 1356 τέχνη
923 1302 1047 1344 αὑτοῦ
1073 1302 1140 1343 καὶ
1165 1302 1388 1355 ἀλλόκοτος,
1421 1300 1504 1343 ἀλλ’
1541 1302 1599 1342 ότι
1624 1301 1805 1356 πονηρὸν

225 1361 464 1416 ἀνθρώπιον
500 1356 555 1416 ἦν
591 1361 659 1403 καὶ
689 1362 764 1404 οὐκ
801 1362 865 1403 ἐπὶ
901 1365 955 1420 τῷ
992 1362 1092 1421 ἔργῳ
1124 1359 1207 1417 (ἐπὶ
1238 1362 1312 1403 οὐκ
1347 1362 1447 1420 ἔργῳ
1479 1364 1540 1403 ed.
1572 1357 1718 1416 Paris.)
1750 1362 1806 1410 εἰς

224 1422 293 1471 τὰς
323 1422 450 1471 οἰκίας
479 1422 797 1498 παρερχόμενον,
818 1419 1005 1463 ἀλλ’ἵνα
1029 1423 1178 1480 λαλήσῃ
1210 1422 1277 1463 καὶ
1307 1423 1508 1479 ψιθυρίσῃ
1536 1421 1603 1462 καὶ
1629 1422 1806 1495 διαβάλῃ

225 1481 292 1523 καὶ
323 1481 504 1539 ἐξενέγκῃ
536 1482 609 1536 οὐχ
640 1482 713 1523 ὅσα
744 1483 932 1556 μάγειρον
963 1482 1067 1531 εἰκὸς
1097 1483 1318 1537 μαστιγίαν,
1350 1480 1395 1531 ὃς
1426 1483 1589 1530 δικαίως
1621 1480 1806 1535 ἐκρέματο

225 1559 277 1583 αν
309 1542 411 1584 οὕτω
442 1542 554 1599 τύχῃ,
585 1541 652 1583 διὰ
690 1558 764 1594 την
795 1541 966 1596 χρηστὴν
1003 1543 1286 1595 φιλομάθειαν,
1318 1541 1362 1583 ἐν
1393 1548 1438 1598 τῇ
1471 1542 1644 1595 σπυρίδι.
1707 1541 1806 1582 ἀλλὰ

226 1601 293 1642 καὶ
322 1601 369 1642 τὰ
400 1601 602 1656 ἀπόρρητα
633 1608 701 1655 τῆς
732 1603 873 1654 οἰκίας,
908 1599 996 1644 οὐδ’
1032 1602 1105 1643 ὅσα
1136 1602 1282 1655 ἀκήκοε
1313 1602 1458 1655 μόνον,
1490 1601 1589 1642 ἀλλὰ
1620 1601 1745 1654 πολλὴ
1778 1599 1804 1653 ἡ

225 1661 438 1716 προσθήκη
475 1661 541 1702 καὶ
578 1659 604 1714 ἡ
644 1668 724 1703 τῶν
765 1668 901 1703 κακῶν
944 1662 1258 1715 έποικοδόμήσις.
1320 1659 1405 1702 ἀλλ’
1448 1657 1479 1702 ὦ
1517 1660 1695 1716 μοχθηρὲ
1738 1660 1805 1702 καὶ

226 1721 452 1773 ἀπόπληκτε
481 1723 660 1776 Καρίων,
690 1721 866 1775 ἀκήκοας
891 1722 948 1762 ὅτι
973 1721 995 1763 6
1021 1723 1134 1763 δεῖνα
1165 1724 1397 1776 λιβανωτοῖς
1421 1726 1503 1770 τοῖς
1527 1726 1640 1770 θεοῖς
1666 1721 1804 1762 ἔθυσε·

227 1780 312 1836 λέγε
344 1776 419 1823 οὖν
445 1781 503 1822 ’ὅτι
533 1783 768 1835 λιβανωτοῦ.
817 1782 943 1835 μόνον
973 1782 1048 1836 γὰρ
1077 1788 1191 1823 τοῦτο
1217 1781 1409 1834 ἀκήκοας·
1441 1781 1507 1822 καὶ
1538 1781 1591 1834 μὴ
1620 1782 1678 1822 ὅτι
1701 1796 1808 1834 παμ-

227 1841 398 1894 μέλανας
428 1842 611 1895 ταύρους,
643 1840 744 1895 μηδὲ
770 1842 828 1882 ὅτι
858 1842 996 1895 κριοὺς
1028 1841 1218 1894 ἐκτομίας.
1275 1842 1324 1883 σὺ
1351 1840 1394 1882 δὲ
1425 1841 1492 1882 καὶ
1516 1842 1659 1882 εἴδωλα
1689 1856 1805 1882 κατα-

228 1900 370 1955 λέγεις,
408 1901 480 1942 ὅσα
517 1901 672 1954 ἐκίνησε
708 1901 777 1942 τὸν
815 1902 1039 1943 Πλούτωνα
1076 1898 1310 1976 (Πλάτωνα
1337 1903 1398 1942 ed.
1430 1897 1540 1956 Par.)
1577 1901 1810 1956 γοητεύσας·

227 1960 404 2002 ἔπειτα
391 1977 442 2001 αν
473 1959 546 2014 μὲν
576 1960 734 2015 ἀγαθὸν
765 1962 894 2018 πύθῃ,
925 1961 1111 2016 στεγανὸς
1142 1958 1181 2003 εἶ
1207 1961 1275 2002 καὶ
1299 1958 1580 2016 Ἀρεοπαγίτου
1613 1961 1808 2014 σιωπηλό-

227 2031 354 2074 τερος·
385 2020 456 2061 ἐὰν
488 2020 531 2062 δέ
557 2036 663 2070 τινος
693 2027 820 2062 κακοῦ
851 2002 1034 2079 έπιλάβῃ,
1048 2019 1196 2062 Ἰλιάδα
1222 2021 1262 2071 ἐξ
1287 2021 1412 2063 αὐτοῦ
1437 2026 1564 2070 ποιεῖς
1588 2021 1655 2062 καὶ
1669 2018 1809 2062 Ὀδύσ-

229 2093 354 2133 σειαν,
384 2080 510 2123 πολλὰ
535 2078 618 2122 οὔτ’
655 2080 773 2130 αὐτὸς
804 2080 980 2131 ἀκούσας
1004 2080 1094 2123 ούτε
1118 2081 1391 2135 παρακούσας,
1423 2078 1507 2122 ἀλλ’
1542 2080 1661 2130 αὐτὸς
1686 2080 1809 2122 τεκὼν

228 2139 295 2181 καὶ
326 2139 444 2189 αὐτὸς
474 2140 646 2194 ὑφήνας.
707 2140 839 2182 ἔπειτα
869 2139 987 2196 άχθει
1018 2143 1147 2195 δῆθεν
1177 2141 1277 2197 πρὸς
1307 2140 1376 2182 τὸν
1408 2141 1589 2193 εἰπόντα,
1620 2142 1809 2182 κακοδαί-

228 2201 332 2253 μονά
373 2216 413 2241 τε
457 2199 524 2253 καὶ
566 2205 679 2250 θεοῖς
722 2200 868 2254 ἐχθρὸν
911 2199 1119 2255 ὀνομάζων
1163 2201 1228 2242 καὶ
1273 2201 1452 2242 ἀπιστεῖν
1495 2206 1711 2255 προσποιεῖ
1743 2200 1810 2241 καὶ

228 2259 459 2315 ἀγανακτεῖς
503 2259 572 2301 καὶ
618 2261 856 2314 σχετλιάζεις.
925 2262 1031 2314 ὅμως
1073 2260 1116 2302 δὲ
1155 2261 1203 2302 τὰ
1243 2260 1316 2314 μὲν
1361 2259 1505 2302 ἄπιστα
1554 2261 1620 2302 καὶ
1661 2260 1811 2314 σχέτλια

228 2318 296 2360 καὶ
337 2317 458 2374 ὀργῆς
506 2318 597 2369 άξια
638 2319 760 2375 λέγεις
802 2336 841 2362 τε
884 2321 951 2362 καὶ
993 2321 1248 2397 ἐκτραγῳδεῖς
1294 2320 1362 2362 καὶ
1404 2320 1627 2374 ε’μπίμπλης
1678 2320 1810 2362 αὐτῶν

229 2379 450 2432 μονονουχὶ
484 2379 578 2429 τοὺς
613 2381 918 2434 νευρορράφους
954 2381 1020 2422 καὶ
1057 2381 1150 2430 τοὺς
1180 2379 1393 2435 βαλανέας·
1434 2381 1503 2422 τὸν
1542 2379 1585 2422 δὲ
1622 2381 1810 2421 κακοδαί-

230 2455 333 2492 μονα
358 2438 511 2480 ἐκεῖνον
535 2439 603 2480 καὶ
625 2445 738 2490 θεοῖς
763 2440 920 2494 ἐχθρόν,
947 2434 979 2499 ᾧ
1003 2442 1111 2482 πάνυ
1137 2442 1410 2515 χαλεπαίνεις
1407 2440 1472 2481 καὶ
1498 2441 1597 2494 πρὸς
1628 2438 1676 2481 ὃν
1701 2441 1810 2481 πάνυ

230 2498 480 2553 ἀγανακτεῖς,
523 2499 594 2540 ἐάν
630 2515 687 2550 τις
729 2501 986 2554 πυνθάνηται
1027 2501 1095 2542 καὶ
1131 2501 1340 2556 ἕκλιπαρῇ,
1384 2496 1502 2552 ἧττον
1539 2500 1589 2541 ἂν
1630 2501 1686 2549 εἰς
1723 2507 1811 2552 φῶς

230 2557 382 2634 ἀνάγῃς
412 2557 439 2612 ἢ
469 2557 542 2611 τὴν
579 2558 725 2614 μητέρα
763 2561 971 2614 Πριάμου,
1016 2561 1072 2602 ὅτι
1114 2557 1224 2613 οἶμαι
1268 2559 1386 2609 αὐτὸς
1424 2560 1573 2610 ἐκεῖνος
1610 2560 1810 2613 ὑπάρχεις,

230 2617 349 2667 αὐτὸς
386 2616 407 2658 6
443 2618 610 2671 ποιητὴς
647 2619 714 2661 καὶ
755 2619 970 2674 ὑποκριτὴς
1006 2627 1085 2662 τῶν
1129 2621 1350 2674 δραμάτων.
1416 2623 1536 2661 verba
1580 2622 1811 2673 λιβανωτοῖς

231 2682 313 2727 τοῖς
342 2681 456 2727 θεοῖς
487 2682 678 2730 corrupta
708 2681 906 2722 videntur.
958 2679 1076 2729 αὑτός
1106 2696 1146 2721 τε
1175 2679 1299 2721 τεκὼν
1330 2680 1473 2729 καύτὸς
1504 2680 1666 2732 ὑφήνας
1697 2677 1808 2733 (fort.

231 2737 351 2787 αὐτὸς
380 2736 536 2790 πλέξας,
567 2737 686 2788 αὐτὸς
715 2737 898 2795 ὑφήνας)
931 2754 978 2781 ex
1010 2744 1131 2792 poeta
1162 2742 1296 2793 aliquo
1328 2741 1490 2781 fluxisse
1525 2741 1682 2780 monuit
1713 2741 1809 2780 Mei-

230 2799 385 2839 nekius.
447 2812 575 2851 neque
607 2800 738 2840 minus
770 2800 987 2853 μονονουχὶ
1022 2800 1115 2849 τοὺς
1152 2800 1456 2854 νευρορράφους
1484 2800 1490 2851 l
1518 2799 1584 2839 καὶ
1614 2799 1707 2848 τοὺς
1738 2801 1811 2853 βα-

232 2855 422 2907 λανέας..
443 2853 581 2910 ,ἧττον
609 2874 660 2898 αν
687 2860 694 2910 Ι
721 2859 777 2908 εἰς
801 2866 889 2912 φῶς
920 2859 1084 2914 ἀνάγοις
1115 2859 1166 2900 ἂν
1191 2858 1218 2913 ἢ
1243 2860 1430 2914 Πριάμου
1468 2858 1541 2911 τὴν
1573 2858 1750 2914 μητέρα.

233 2915 351 2966 αὐτὸς
374 2889 542 2971 ποιητὴς
566 2917 803 2973 χυποκριτὴς
827 2926 905 2960 τῶν
925 2920 1136 2975 δραμάτων
1156 2934 1204 2960 ex
1223 2921 1429 2961 comoedia
1447 2923 1646 2972 excerpta,
1675 2922 1812 2961 cetera
