2014 3334
773 253 938 287 AAHAA
965 253 1227 287 οΠοΤΕΡΛΣ
1406 237 1409 243 “
1704 254 1788 296 481

958 398 1046 442 385

423 481 508 538 ἐγὼ
541 480 582 524 δ’
620 481 670 525 ἐν
701 481 984 538 ἀνθρώποισι
1017 481 1145 539 μέχρι
1176 483 1340 526 τούτου
1373 484 1490 527 δοκῶ

420 553 629 611 πράττειν
661 557 818 608 καλῶς,
850 553 978 611 μέχρι
1010 553 1065 597 ἂν
1097 557 1382 611 φθονεῖσθαί
1407 571 1483 611 μοι
1515 556 1645 599 δοκῶ.

325 627 524 682 Stobae‘us
543 642 680 681 Floril.
702 643 771 693 38,
793 643 817 681 5
847 642 931 681 sine
951 642 1153 682 lemmate.
1190 642 1384 682 indicavit
1409 646 1450 682 et
1475 643 1628 682 emend.
1649 643 1789 684 Cobet.

205 701 351 741 Mnem.
365 701 487 741 VIIII
510 704 606 742 121.
671 704 708 740 1.
739 700 850 754 μέχρι
880 706 951 742 τοῦ
984 697 1073 756 (του
1098 697 1246 756 vind.).
1311 704 1349 742 2.
1380 696 1425 742 εὖ
1450 703 1634 756 πράττειν
1659 702 1790 757 μέχρις

203 758 268 802 ἂν.
299 756 419 815 (δοκῆ
447 758 585 814 Vind.)
615 760 798 814 πράττειν
830 764 959 810 καλῶς
991 762 1115 802 etiam
1148 763 1395 802 Heimsoeth.
1421 763 1506 803 Ind.
1533 764 1658 804 Bonn.
1690 766 1788 805 aest.

191 822 321 883 Ι1867
354 835 391 861 v.

949 914 1037 958 386

414 1005 554 1042 κεῖται
586 997 626 1042 δ’
664 998 688 1042 ὁ
719 1000 898 1055 τλήμων
930 999 979 1041 τὸ
1013 1000 1152 1055 στόμα
1183 999 1589 1057 παρεστραμμένος,

415 1070 439 1113 ὃ
470 1072 550 1114 τὸν
582 1071 808 1128 δίμορφον
840 1071 1088 1128 Σωκράτην
1119 1071 1328 1115 ἀπώλετο.

321 1169 520 1210 Zenobius
539 1170 688 1209 Milleri
709 1172 747 1218 2,
769 1172 824 1209 48
861 1166 1086 1224 (Melanges
1113 1165 1233 1225 363).
1298 1173 1336 1211 2.
1366 1184 1579 1223 perperam
1610 1171 1784 1224 δύσμορ-

199 1243 282 1278 φον
311 1229 457 1269 Miller.
497 1252 553 1258 ——
591 1231 708 1269 facile
740 1234 803 1270 est
827 1231 1001 1270 scribere
1032 1228 1247 1282 ἀπώλεσεν,
1281 1232 1350 1272 sed
1374 1232 1478 1270 nihil
1503 1232 1602 1271 facit
1627 1232 1678 1271 ad
1704 1233 1783 1272 fra-

198 1291 408 1340 gmentum
428 1285 758 1330 obscurissimum
781 1288 1112 1342 intellegendum.
1150 1291 1256 1331 ictus
1276 1291 1496 1331 inusitatus
1515 1305 1552 1331 v.
1577 1296 1597 1331 1
1622 1287 1784 1346 (στομά)

197 1350 494 1400 transponendo
526 1350 729 1390 emendari
754 1352 889 1401 potest
919 1354 1043 1390 κεῖται
1073 1349 1421 1404 παρεστραμμένος
1446 1349 1467 1391 ὅ
1492 1354 1546 1391 τλ.
1577 1350 1620 1391 τὸ
1646 1351 1781 1403 στόμα.

198 1411 375 1448 ceterum
413 1411 461 1449 ef.
488 1410 659 1449 Meinek.
678 1410 814 1450 Herm.
835 1410 899 1449 III
919 1412 1018 1451 456.
1050 1414 1217 1462 propter
1246 1412 1418 1451 formam
1442 1411 1664 1466 Σωκράτην
1684 1413 1781 1451 Din-

198 1468 298 1508 dorf.
309 1469 455 1508 Annal.
466 1470 661 1510 Fleckeis.
672 1469 824 1509 XCVII
835 1472 918 1511 401
940 1484 1068 1511 novae
1088 1471 1318 1512 comoediae
1332 1473 1601 1524 fragmentum
1623 1473 1782 1512 tribuit.

197 1529 246 1567 cf.
273 1529 396 1568 etiam
420 1530 575 1569 Nauck.
601 1530 749 1570 Bullet.
776 1530 978 1581 Petropol.
1005 1531 1104 1570 XIII
1133 1533 1218 1571 374
1246 1526 1460 1586 (Σωκράτη
1490 1527 1708 1587 διώλεσεν).

941 1671 1027 1715 387

416 1754 563 1798 Λυδοὶ
594 1757 802 1812 πονηροί,
834 1755 1035 1811 δεύτεροι
1067 1754 1108 1798 δ’
1145 1756 1399 1812 Αἰγύπτιοι,

410 1829 552 1883 τρίτοι
585 1825 634 1870 δὲ
664 1827 846 1870 πάντων
878 1829 1025 1884 Κᾶρες
1056 1826 1352 1879 ἐξωλέστατοι.

314 1914 551 1967 Diogenian.
585 1917 624 1966 6,
658 1917 726 1954 24.
777 1915 958 1966 Apostol.
982 1917 1169 1966 10,100.
1200 1916 1460 1966 proverbium
1492 1930 1542 1955 ex
1573 1918 1779 1962 comoedia

198 1973 364 2014 ductum
395 1974 565 2015 videtur.

944 2069 1030 2112 388

406 2156 590 2194 τοιαῦτα
621 2150 774 2207 μέντοι
804 2147 930 2194 πόλλ’
968 2151 1218 2207 ἀναγκαίως
1249 2153 1337 2209 ἔχει

406 2223 605 2279 πάσχειν,
638 2223 746 2266 ὅταν
779 2223 948 2279 λάγνην
979 2224 1059 2267 τὸν
1092 2224 1333 2280 ὀφθαλμὸν
1364 2230 1519 2282 φορῇς.

310 2310 477 2350 Ρὶιοὶἰηε
508 2309 672 2363 λάγνης·
705 2309 754 2349 οὐ
785 2310 929 2364 λάγνος
960 2309 1040 2350 ὑπὸ
1065 2317 1144 2350 τῶν
1165 2307 1349 2351 Ἀττικῶν
1375 2310 1523 2364 λέγεται
1541 2316 1617 2352 κτλ.
1663 2293 1771 2353 recte

190 2369 380 2408 Photium
411 2371 460 2409 de
493 2370 720 2410 accusativo
759 2370 933 2424 λάγνητα
965 2371 1231 2411 somniantem
1264 2369 1489 2424 (tamquam
1521 2373 1644 2412 etiam
1675 2371 1773 2413 ἀδο-

191 2426 354 2481 λέσχητα
380 2430 459 2469 diei
483 2425 631 2484 possit)
669 2431 928 2481 reprehendit
959 2430 1096 2471 Cobet.
1122 2432 1268 2470 Mnem.
1283 2432 1381 2471 VIII
1410 2434 1477 2472 28.
1509 2433 1654 2472 Mnem.
1681 2446 1770 2474 nov.

189 2488 250 2527 III
277 2490 376 2528 383.
439 2491 478 2529 2.
509 2493 723 2543 παρασχεῖν
754 2490 837 2530 eod.

935 2571 1021 2614 389

404 2652 454 2695 τὸ
485 2656 631 2708 γνῶθι
663 2654 829 2697 σαυτὸν
861 2653 910 2697 ἐν
941 2656 1092 2709 λόγοις
1124 2653 1260 2698 οὐδὲν
1290 2654 1415 2711 μέγα,

405 2724 519 2782 ἔργῳ
552 2721 602 2767 δὲ
632 2730 765 2768 τοῦτο
797 2727 935 2781 μόνος
965 2725 1192 2769 ἐπίσταται
1223 2729 1343 2777 θεός.

308 2822 439 2863 Schol.
460 2822 563 2862 Plat.
585 2823 779 2862 Alcibiad.
806 2825 826 2863 I
853 2826 939 2864 390
965 2825 1091 2864 Bekk.
1123 2822 1264 2881 ῥᾴδιον
1287 2857 1295 2865 .
1329 2857 1337 2864 .
1361 2825 1403 2866 τὸ
1434 2825 1536 2880 λόγῳ
1568 2825 1766 2879 διεξιέναι,

187 2881 440 2935 παγχάλεπον
479 2879 522 2921 δὲ
558 2881 600 2922 τὸ
632 2881 732 2938 ἔργῳ
771 2882 989 2936 ἐπιχειρεῖν.
1038 2883 1104 2923 καὶ
1135 2883 1209 2938 γὰρ
1240 2883 1388 2939 λέγεται
1418 2888 1497 2926 κτλ.
1579 2889 1616 2926 2.
1648 2893 1763 2927 τοῦτο

188 2939 310 2992 μόνος
340 2942 459 2981 Mein.
492 2941 583 2981 Cur.
615 2943 703 2981 crit.
736 2942 810 2994 34]
844 2943 966 2995 μόνος
996 2941 1115 2984 τοῦτ’.
1166 2946 1236 2984 alii
1267 2944 1389 2997 μόνος
1421 2943 1463 2985 δὲ
1494 2943 1614 2986 τοῦτ’.

259 3025 373 3052 Comici
394 3027 506 3060 graeci,
525 3027 571 3054 ed.
591 3028 643 3055 Th.
664 3028 760 3054 Kook.
780 3028 838 3055 111.
1432 3028 1471 3058 3¹
