2014 3334
247 241 302 283 76
640 213 642 216 ¹
813 246 817 248 ·
878 238 1174 272 ΜΕΝΑΝΔΡΟΤ

985 347 1068 388 261

458 432 594 473 αὑτὸν
624 431 708 486 γὰρ
741 427 888 479 οὐδεὶς
921 425 1013 471 οἶδε
1044 434 1124 470 τοῦ
1155 426 1252 470 ποτ’
1289 426 1475 482 ἐγένετο,

458 500 552 544 ἀλλ’
589 501 870 555 ὑπονοοῦμεν
901 499 1059 550 πάντες
1090 498 1117 554 ἢ
1149 499 1424 553 πιστεύομεν.

362 589 600 627 Eustathius
642 589 773 636 1412,
815 588 867 625 14
913 585 969 624 ὅτι
1006 583 1048 623 δὲ
1085 590 1129 639 τῇ
1168 583 1283 636 μητρὶ
1313 582 1513 623 ἀνάκειται
1552 579 1577 633 ἡ
1609 581 1698 633 περὶ
1732 587 1811 621 τῶν

247 650 401 688 παίδων
433 645 601 699 ἀκριβὴς
632 646 779 696 εἴδησις
805 645 924 696 δηλοῖ
949 675 958 684 .
984 642 1303 695 ..Μένανδρος
1322 646 1399 682 κτλ.
1451 643 1582 681 Schol.
1602 642 1716 680 Hom.
1739 641 1810 681 Od.

248 712 291 758 1,
330 710 412 747 215
457 706 524 746 καὶ
561 704 802 786 Μένανδρος
838 707 914 743 κτλ.
976 718 1011 743 v.
1052 707 1073 743 1
1123 704 1316 742 Stobaeus
1357 704 1523 750 76,11
1571 699 1812 752 Μένανδρος

245 790 558 846 Καρχηδονίῳ
591 757 752 842 (καρχη)
778 788 825 826 A.
874 790 908 826 1.
937 785 1053 833 αὐτὸς
1080 784 1366 832 81301).ουθεὶς
1390 785 1462 823 ΑΒ
1477 785 1586 824 Stob.
1625 788 1696 823 τοῦ
1721 780 1809 823 ποτ’

247 849 378 900 Eust]
399 855 482 897 πῶς
503 850 614 888 Stob.
645 854 728 894 πῶς
753 844 839 886 ποτ’
865 847 1077 885 EMSchol.
1097 846 1211 885 Hom
1251 840 1327 884 οἶδ’
1358 843 1449 883 ότου
1470 843 1607 882 Cobet.
1629 844 1677 882 N.
1698 844 1723 882 1.
1746 844 1814 883 54.

990 962 1076 1003 262

846 1046 978 1100 ἔργον
1010 1043 1056 1086 ἐκ
1087 1046 1256 1086 πολλοῦ
1286 1044 1452 1099 χρόνου

530 1119 688 1160 ἄνοιαν
719 1114 859 1172 ἡμέρᾳ
890 1120 1155 1170 μεταστῆσαι
1187 1120 1275 1171 μιᾷ.

365 1206 559 1244 Stobaeus
593 1205 676 1242 Eol.
710 1206 748 1253 2,
782 1203 924 1251 31,19
958 1201 1160 1239 Waehsm.
1192 1205 1262 1239 τοῦ
1295 1198 1417 1239 αὑτοῦ
1445 1195 1709 1253 (Μενάνδρου
1739 1196 1812 1252 18)

247 1264 508 1320 Καρχηδονίῳ
541 1258 764 1316 (καρχηδν).
817 1262 864 1300 ef.
887 1262 984 1300 504.
1007 1261 1102 1299 726.
1165 1261 1324 1308 difficile
1355 1263 1408 1298 est
1438 1262 1689 1299 inveteratam
1720 1261 1808 1298 stul-

246 1327 371 1363 titiam
406 1336 482 1362 uno
514 1325 574 1362 die
604 1325 807 1361 inmutare
869 1320 1027 1358 fallitur
1058 1319 1210 1358 Iaeobs.
1236 1319 1344 1358 Leet.
1369 1319 1477 1358 Stob.
1508 1320 1603 1358 149.
1666 1318 1812 1358 Catull.

251 1385 397 1435 76,13
431 1384 590 1494 difficgle
621 1386 676 1421 est
706 1383 860 1430 lonyum
890 1381 1013 1418 subito
1045 1380 1230 1427 deponere
1261 1390 1430 1418 amorem
1462 1373 1584 1432 (Ellis
1610 1379 1635 1416 J
1639 1392 1751 1417 ourn
1774 1378 1818 1418 of

246 1415 386 1494 philol.
417 1442 453 1480 X
488 1444 539 1481 18
564 1473 572 1482 .

992 1519 1077 1560 263

531 1606 654 1660 χρεία
687 1603 898 1657 διδάσκει,
929 1601 1013 1644 κᾶν
1045 1602 1239 1656 ἄμουσος
1270 1594 1312 1656 ἦ,
1347 1601 1490 1656 σοφὸν

531 1675 852 1731 Καρχηδόνιον.

367 1763 509 1801 Suidas
551 1762 668 1814 χρεία.
729 1759 795 1799 καὶ
841 1759 1031 1811 παροιμία
1067 1761 1145 1798 κτλ.
1214 1757 1508 1812 Καρχηδόνιον]
1553 1758 1814 1813 Καρχηδονίῳ

249 1823 512 1873 probabiliter
539 1823 663 1871 Toup.
683 1843 741 1847 ——-
767 1833 907 1859 rursus
932 1820 980 1858 ab
1002 1818 1193 1868 Euripide
1213 1819 1292 1858 levi
1312 1818 1536 1857 mutatione
1555 1819 1663 1857 facta
1681 1820 1814 1856 mutu-

250 1884 340 1921 atus
372 1884 433 1920 est
463 1895 634 1921 versum.
697 1881 745 1919 cf.
779 1880 915 1930 Eurip.
947 1879 996 1918 fr.
1030 1880 1126 1917 666.
1162 1879 1243 1917 709
1278 1877 1328 1916 N.

985 2007 1074 2048 264

533 2091 698 2149 ᾄδοντα
730 2089 964 2147 λιτυέρσην
997 2087 1068 2131 ἀπ’
1106 2088 1290 2145 ἀρίστου
1319 2087 1428 2139 τέως

368 2179 535 2218 Photius
578 2176 813 2229 Λιτυέρσης
858 2172 962 2223 εἶδος
994 2171 1112 2231 ᾠδῆς.
1174 2173 1416 2228 Μένανδρος
1447 2173 1708 2249 Καρχηδονίῳ
1740 2169 1817 2228 (sic

249 2239 473 2277 Hemsterh.
515 2252 587 2288 pro
626 2231 906 2292 Χαλκηδονίῳ)
947 2238 1023 2274 κτλ.
1139 2235 1323 2275 ,Μίδου
1369 2232 1411 2274 δὲ
1448 2250 1500 2287 ην
1538 2232 1558 2274 ὅ
1595 2231 1816 2286 Λιτυέρσης

250 2297 375 2344 νόθος
405 2296 510 2347 υἱός,
541 2302 733 2337 κατοικῶν
766 2294 808 2335 δὲ
840 2295 883 2335 ἐν
914 2297 1125 2341 Κελαιναῖς
1162 2294 1254 2342 τοὺς
1284 2294 1497 2347 παριόντας
1527 2292 1815 2345 υποδεχόμενος

250 2355 443 2410 ’ἠνάγκαζε
475 2353 564 2407 μεθ’
601 2356 723 2396 αὑτοῦ
755 2357 937 2410 θερίζειν,
969 2350 1048 2394 εἶτα
1080 2353 1316 2394 ἀποκόπτων
1347 2353 1414 2402 τὰς
1444 2352 1618 2405 κεφαλὰς
1649 2351 1690 2392 τὸ
1722 2350 1815 2392 αλλο

228 2422 361 2467 -σῶμα
393 2416 559 2455 συνείλει
590 2415 632 2455 ἐν
657 2420 737 2463 τοῖς
770 2416 998 2468 δράγμασιν.
1060 2412 1262 2453 ἀπέθανεν
1295 2411 1337 2453 δὲ
1367 2412 1446 2453 ὑπὸ
1468 2410 1743 2467 Ἡρακλέους.

251 2474 522 2529 θεριστικὸς
583 2475 708 2526 ὕμνος
758 2473 821 2514 ἐπ’
870 2474 974 2531 αυτῷ
1024 2471 1228 2524 συνετέθη.
1307 2474 1392 2512 fere
1435 2474 1573 2512 eadem
1617 2473 1731 2511 Phot.
1770 2442 1817 2511 'ei

252 2536 392 2574 Suidas
424 2533 658 2587 Λιτυέρσαν.
690 2536 869 2586 Apostol.
894 2537 960 2585 10,
983 2535 1048 2573 74.
1089 2534 1215 2572 Schol.
1250 2533 1416 2573 Theocr.
1439 2536 1505 2585 10,
1537 2535 1590 2572 41
1619 2528 1816 2583 “Ηρακλῆς

253 2592 294 2633 δὲ
325 2599 464 2634 τοῦτον
497 2593 729 2642 ἀποκτείνας
760 2593 921 2647 ε’ρριψεν
953 2593 1007 2640 εἰς
1046 2591 1114 2632 τὸν
1146 2592 1400 2646 Μαίανδρον
1420 2591 1608 2644 ποταμόν.
1669 2591 1814 2630 Athen.

255 2656 326 2700 10,
366 2656 449 2693 415
465 2656 502 2694 b.
555 2657 625 2705 14,
666 2656 748 2694 619
765 2668 797 2693 a.
850 2654 1004 2693 Aelian.
1036 2652 1086 2691 V.
1123 2652 1160 2691 h.
1196 2654 1238 2700 1,
1273 2654 1340 2691 27.
1389 2653 1534 2692 Sosith.
1573 2654 1676 2702 trag.
1708 2651 1813 2689 fr.2

254 2726 343 2752 cum
375 2714 430 2752 eis
462 2727 562 2764 quae
595 2714 794 2766 congessit
823 2714 976 2752 Nauck.
1027 2711 1190 2750 Prellef.
1223 2712 1350 2762 Myth.
1382 2706 1460 2763 gr.2
1489 2712 1532 2751 H
1565 2713 1660 2751 230.

988 2827 1074 2870 265

465 2912 514 2954 τὸ
545 2915 687 2962 καλῶς
719 2913 820 2967 ἔχον
850 2925 938 2954 που
970 2910 1170 2967 κρεῖττόν
1203 2909 1293 2952 ἐστι
1324 2908 1397 2952 καὶ
1428 2891 1581 2965 νόμου.
