2014 3334
258 237 347 279 244
589 266 592 270 ,
893 238 1192 272 ΜΕΝΑΝΔΡΟΤ

1004 371 1092 413 944

378 457 568 496 Philostr.
595 457 721 507 Epist.
751 458 805 496 38
839 452 896 510 (p.
930 458 1014 496 245
1048 459 1146 496 extr.
1177 451 1364 511 Kayser.)
1402 457 1591 495 meretrix
1627 457 1828 496 meretrici

261 518 359 556 haec
390 517 602 567 praecipit:
643 514 710 555 τὸν
742 513 813 567 μὲν
844 514 1008 569 γέροντα
1038 516 1202 567 τίμησον
1233 546 1243 555 .
1275 546 1284 555 .
1316 546 1326 555 .
1357 514 1425 555 τὸν
1455 514 1548 555 νέον
1581 515 1744 564 δίδαξον
1774 513 1827 563 ὡς

260 573 346 627 ἄρτι
377 575 609 628 ἀρχόμενον,
640 574 708 615 τὸν
740 573 853 623 ξένον
884 574 935 614 ἂν
967 575 1118 630 σπεύδῃ
1148 575 1323 627 κατάσχε.
1383 580 1503 614 ταῦτα
1534 573 1601 614 καὶ
1629 574 1828 629 Τιμαγόρα

259 634 324 675 καὶ
355 636 462 683 Λαῒς
492 634 558 674 καὶ
584 632 836 688 Ἀρισταγόρα
876 634 941 674 καὶ
973 634 1014 675 τὸ
1047 635 1294 687 Μενάνδρου
1325 633 1597 687 Γλυκέριον.
1659 636 1708 674 cf.
1742 637 1824 674 329

259 698 299 734 eh
326 697 424 735 569.
475 696 561 735 veri
593 695 719 734 simile
753 698 813 734 est
843 696 1105 734 Menandrum
1135 696 1267 746 ipsum
1298 695 1399 734 talia
1429 696 1477 734 de
1511 694 1683 746 Glycera
1712 707 1826 745 prae·
1880 727 1882 729 .

260 755 425 796 dicasse.

1003 847 1091 889 945

378 934 608 972 Athenaeus
640 935 702 982 13,
722 935 820 989 7594
832 933 858 970 d
901 931 958 971 ὅτι
988 930 1230 984 Μένανδρος
1268 931 1288 972 ὅ
1319 931 1484 983 ποιητὴς
1519 930 1598 984 ἤρα
1628 930 1828 986 Πυκέρας

257 992 407 1033 κοινόν.
461 991 683 1044 ἐνεμεσήθη
714 990 768 1031 δέ.
821 991 1047 1043 Φιλήμονος
1077 991 1151 1045 γὰρ
1183 991 1335 1045 ἑταίρας
1365 990 1602 1044 ἐρασθέντος
1637 990 1704 1031 καὶ
1735 1007 1827 1044 χρη-
1876 1009 1878 1011 ·

259 1051 355 1103 στὴν
370 1048 576 1106 (Χρήστην
590 1049 728 1104 Mein.)
748 1051 894 1102 ταύτην
914 1049 1183 1103 ὀνομάσαντος
1203 1050 1269 1091 διὰ
1287 1058 1357 1092 τοῦ
1379 1051 1588 1104 δράματος,
1607 1050 1827 1105 ἀντέγραψε

260 1111 506 1164 Μένανδρος
539 1110 598 1159 ὣς
629 1111 862 1163 οὐδεμιᾶς
893 1109 1040 1162 οὔσης
1071 1117 1286 1164 χρηστῆς.

1003 1252 1090 1295 946

380 1339 554 1378 Galenus
580 1339 640 1378 De
671 1339 844 1378 natural.
869 1339 1009 1377 facult.
1037 1341 1074 1388 1,
1109 1340 1160 1378 17
1196 1334 1255 1390 (II
1282 1340 1336 1378 67
1363 1335 1538 1391 Kuehn.)
1571 1336 1716 1389 ὅμοίως
1745 1341 1828 1385 τοῖς

260 1397 338 1438 ὑπὸ
369 1403 439 1438 τοῦ
471 1399 669 1450 βελτίστου
695 1398 943 1449 Μενάνδρου
974 1396 1072 1436 κατὰ
1103 1396 1171 1444 τὰς
1195 1398 1402 1454 κωμῳδίας
1434 1395 1700 1450 εἰσαγομένοις
1727 1395 1829 1437 οἰκέ-

258 1474 358 1509 ταις,
403 1458 550 1505 Δάοις
593 1456 632 1497 τέ
668 1469 743 1497 τισι
779 1456 844 1497 καὶ
882 1455 1066 1507 Γέταις,
1113 1455 1232 1496 οὐδὲν
1277 1455 1514 1510 ’ἡγουμένοις
1560 1457 1670 1507 σφίσι
1710 1452 1833 1511 (φησί

260 1514 434 1572 Kuehn.)
465 1522 693 1570 πεπρᾶχθαι
723 1519 923 1570 γενναῖον,
955 1517 991 1556 εἰ
1014 1515 1066 1568 μὴ
1099 1515 1179 1568 τρὶς
1211 1516 1493 1568 ἐξαπατήσειαν
1523 1516 1591 1556 τὸν
1624 1516 1828 1567 δεσπότην.

259 1578 450 1618 Philostr.
481 1579 606 1629 Imag.
642 1580 666 1616 3
705 1580 804 1616 extr.
843 1572 912 1631 (τῇ
951 1573 1148 1629 ἀλώπεκι)
1192 1581 1328 1628 χρῆται
1365 1574 1385 1614 ὅ
1424 1576 1613 1624 Αἴσωπος
1656 1575 1828 1632 διακόνῳ

258 1643 337 1677 τῶν
377 1636 568 1677 πλείστων
610 1635 860 1687 ὑποθέσεων,
897 1634 1027 1688 ὥσπερ
1071 1633 1097 1687 ἡ
1129 1636 1316 1691 κωμῳδία
1359 1638 1411 1691 τῷ
1455 1635 1574 1691 Δάῳ.
1637 1636 1768 1675 Strab.
1803 1638 1826 1674 7

257 1712 296 1748 p.
309 1699 393 1737 304
414 1695 575 1744 Δακοὺς
593 1695 685 1744 τοὺς
703 1727 712 1736 .
727 1727 736 1735 .
757 1694 854 1748 πρὸς
884 1693 957 1746 τὴν
976 1695 1199 1747 Γερμανίαν
1230 1694 1296 1734 καὶ
1326 1694 1394 1743 τὰς
1424 1701 1494 1735 τοῦ
1515 1692 1668 1747 Ἴστρου
1699 1693 1830 1748 πηγὰς

259 1752 369 1808 οἶμαι
399 1756 536 1804 Δάους
566 1759 775 1796 καλεῖσθαι
811 1754 853 1794 τὸ
885 1754 1066 1794 παλαιόν.
1115 1751 1186 1805 ἀφ’
1223 1750 1270 1794 οὗ
1301 1753 1369 1794 καὶ
1400 1754 1507 1807 παρὰ
1537 1757 1618 1802 τοῖς
1644 1751 1830 1801 Ἀττικοῖς

259 1815 472 1856 ἐπεπόλασε
503 1815 549 1855 τὰ
581 1821 658 1855 τῶν
697 1816 858 1855 οἰκετῶν
892 1812 1065 1865 ὀνόματα
1095 1813 1210 1854 Γέται
1240 1813 1313 1864 ἱκαὶ
1344 1816 1459 1855 Δᾶοι.
1514 1819 1628 1854 τοῦτο
1659 1813 1733 1867 γὰρ
1764 1828 1845 1853 πι-·

259 1876 489 1930 θανώτερον
532 1873 558 1927 ἢ
599 1874 677 1914 ἀπὸ
721 1881 799 1914 τῶν
842 1877 1042 1925 Σκυθῶν,
1086 1872 1157 1921 οὓς
1199 1877 1364 1913 καλοῦσι
1406 1874 1534 1921 Δάας·
1578 1873 1712 1926 πόρρω
1753 1872 1828 1926 γὰρ

258 1934 402 1975 ἐκεῖνοι
431 1934 520 1988 περὶ
550 1933 622 1985 τὴν
653 1932 874 1987 Ὑρκανίαν.
936 1935 1106 1974 fortasse
1137 1935 1234 1973 haec
1264 1935 1469 1985 perbinent
1501 1933 1550 1973 ad
1582 1932 1655 1980 Δὶς
1686 1932 1828 1981 ἐξαπα-

257 2001 394 2035 τῶντα.
445 1997 494 2034 cf.
527 1994 642 2035 Ovid.
674 1997 810 2035 Amor.
845 1997 882 2046 1,
917 1996 983 2042 15,
1020 1997 1085 2034 17.

935 2138 938 2140 ·
1003 2122 1088 2164 947

379 2210 510 2249 Sehol.
542 2209 746 2259 Aristoph.
779 2209 937 2247 Thesm.
970 2209 1054 2247 506
1098 2205 1146 2246 οὐ
1177 2206 1277 2259 γάλα
1307 2206 1497 2259 πρότερον
1527 2210 1608 2254 τοῖς
1639 2205 1849 2258 βρέφεσιν,

260 2269 456 2320 ἐδίδοσαν,
489 2267 586 2308 ἀλλὰ
614 2266 699 2319 μέλι
730 2266 960 2319 ἀπολείχειν.
1023 2264 1266 2318 Μένανδρος
1297 2264 1340 2305 δὲ
1371 2265 1445 2306 οὐκ
1482 2264 1616 2319 ὀρθῶς
1641 2261 1691 2320 (1)
1723 2269 1834 2306 ποιεῖ

258 2329 303 2368 τὰ
335 2328 515 2382 ἀρτίτοκα
540 2328 731 2380 γάλακτος
763 2326 939 2378 δεόμενα.
996 2322 1114 2377 ‘quae
1147 2329 1328 2377 spectare
1359 2329 1529 2377 possunt
1561 2327 1610 2364 ad
1629 2325 1827 2365 Andriam

257 2391 322 2429 vel
358 2389 565 2438 Adelphos,
605 2388 748 2438 quibus
786 2388 828 2425 in
864 2386 1011 2426 fabulis
1047 2386 1206 2436 puellae
1243 2388 1335 2436 post
1367 2399 1550 2425 scaenam
1587 2382 1827 2436 pariebant'.

257 2450 449 2488 Fritzseh.

996 2538 1083 2581 948

377 2627 556 2665 Iustinus
590 2627 706 2665 Mart.
737 2625 854 2675 Apol.
889 2626 976 2664 55e
1009 2620 1084 2673 (54
1105 2618 1221 2676 Otto)
1252 2626 1306 2679 τῷ
1337 2621 1380 2662 δὲ
1410 2622 1476 2663 καὶ
1507 2622 1566 2675 μὴ
1599 2624 1699 2664 δεῖν
1730 2637 1826 2676 χει·

259 2691 352 2737 ρῶν
383 2685 540 2739 ἔργοις
571 2684 864 2736 ἀνθρώπους
901 2686 1194 2736 προσκυνεῖν
1227 2683 1456 2739 Μενάνδρῳ
1488 2686 1541 2738 τῷ
1571 2685 1730 2739 κωμικῷ
1761 2681 1826 2722 καὶ

258 2748 339 2792 τοῖς
364 2744 409 2783 τὰ
434 2750 595 2784 τοιαῦτα
626 2744 775 2796 φήσασι
805 2742 926 2783 ταύτὰ
958 2743 1174 2796 φράζομεν·
1206 2743 1364 2794 μείζονα
1389 2742 1463 2796 γὰρ
1488 2741 1555 2781 τὸν
1582 2741 1826 2795 δημιουργὸν

258 2810 328 2843 τοῦ
361 2803 650 2855 σκευαζομένου
682 2803 952 2855 ἀπεφήναντο.
1001 2807 1140 2854 χειρῶν
1172 2801 1299 2855 ἔργοις
1330 2801 1574 2856 ἀνθρώπους
1598 2803 1647 2840 H.
1669 2800 1824 2852 Steph]

258 2870 396 2915 χειρῶν
427 2863 659 2917 ἀνθρώποις
691 2859 798 2918 (Sic).

1306 2955 1314 2975 ἱ
