2014 3334
1041 216 1050 240 1

854 266 952 299 ΤΗΣ
978 265 1107 300 ΝΕΑΣ
1683 259 1772 302 443

313 378 497 419 Clemens
528 377 642 418 Alex.
674 378 795 418 Paed.
828 380 867 430 2,
903 380 939 429 1,
973 380 996 417 2
1039 377 1085 417 αἱ
1111 374 1183 429 μὲν
1214 371 1290 417 οὖν
1320 375 1542 423 πολυειδεῖς
1573 373 1773 426 ποιότητες

192 436 471 492 ἀποπτυστέαι,
501 452 542 478 π.
573 436 818 479 ἐντίκτουσαι
849 439 923 491 βλ.,
954 453 1039 491 καχ.
1070 448 1183 489 σωμ.,
1212 435 1278 477 ἄν.
1311 447 1365 476 στ.

944 555 1030 600 180

553 672 564 682 .
624 638 952 696 ἀσφαλέστερος
982 632 1246 682 καθίσταται

407 710 546 767 γάμος
577 710 626 754 ἐκ
655 712 806 754 πόθου
836 712 918 767 τὴν
948 713 1176 768 πρόφασιν
1208 709 1401 767 ἐξευρών
1425 725 1558 759 τινος.

313 799 593 839 Aristaenetus
612 799 685 849 Ep.
708 801 745 847 2,
768 801 806 839 8.
857 797 1144 851 ἀσφαλέστερος
1171 796 1335 849 Hercu]
1369 794 1670 849 ἀσφαλέστερον.
1735 797 1773 834 2.

194 857 238 900 ἐκ
267 873 308 899 π.
328 857 445 907 τινὸς
474 873 506 898 τ.
537 873 602 911 πρ.
634 857 862 912 εὐτυχήσας.

938 965 1021 1008 181

554 1081 562 1089 .
624 1055 718 1099 τοῖς
747 1053 941 1105 παροῦσι
974 1044 1014 1091 δ’
1051 1048 1134 1091 οὐκ
1165 1047 1439 1104 ἀρκούμενος

406 1120 682 1174 Αἰγυπτίους
713 1136 759 1164 τε
790 1119 863 1164 καὶ
895 1121 1077 1177 Σύρους
1109 1121 1384 1176 φαντάζεται.

311 1207 506 1246 Aelianus
537 1208 668 1258 Epist.
704 1210 757 1248 18
792 1205 886 1248 οὐδὲ
918 1206 1005 1261 ἀρκ.
1025 1221 1055 1248 τ.
1074 1221 1167 1260 παρ.
1211 1207 1302 1262 Αἰγ.
1334 1206 1401 1247 καὶ
1431 1209 1479 1246 Σ.
1500 1222 1543 1257 φ.
1576 1229 1634 1233 -
1667 1206 1773 1258 agri-

191 1267 281 1306 cola
312 1267 574 1319 significatur,
607 1268 676 1319 qui
708 1269 839 1320 agello
871 1269 1013 1308 relicsso
1051 1270 1251 1308 mercator
1281 1269 1413 1308 factus
1445 1270 1518 1307 est.
1580 1280 1625 1305 ac
1656 1267 1775 1318 plura

191 1327 234 1366 in
263 1327 336 1366 illa
368 1327 544 1378 epistula
575 1341 622 1367 ex
654 1329 860 1368 comoedia
891 1329 1080 1369 videntur
1109 1329 1283 1368 fluxisse.

939 1458 1023 1501 182

342 1587 365 1605 ἡ,
549 1574 558 1584 .
626 1541 727 1585 οὔτε
760 1542 975 1598 στρεβλὸν
1006 1541 1225 1599 ὀρθοῦται
1257 1541 1392 1594 ξύλον

408 1612 511 1655 οὔτε
542 1613 826 1671 γεράνδρυον
857 1611 1099 1670 μετατεθὲν
1130 1614 1404 1671 μοσχεύεται.

312 1699 489 1739 Galenus
510 1700 611 1739 VIII
633 1702 717 1741 656
739 1702 896 1741 Kuehn.
946 1700 988 1741 τὸ
1020 1707 1091 1742 τοῦ
1122 1706 1301 1753 κωμικοῦ
1333 1698 1386 1749 ὡς
1410 1704 1487 1741 κτλ.
1538 1700 1776 1751 Diogenian.

194 1761 239 1810 6,
272 1762 339 1799 92.
401 1760 597 1800 indicavit}
633 1761 822 1801 Leutsch.
872 1763 922 1802 cf.
959 1762 1115 1802 Nauck.
1154 1762 1299 1801 Philol.
1331 1761 1423 1800 IIII·
1455 1762 1553 1801 360.
1634 1762 1672 1799 2.
1712 1774 1775 1812 γε·

194 1817 384 1872 ρανδριὸν
404 1819 561 1859 Kuehn.
609 1820 858 1874 γεράνδρυον
890 1818 980 1861 οὔτε
1001 1823 1156 1861 Nauck.
1190 1817 1366 1862 ‘videbur
1385 1820 1562 1860 Galenus
1594 1820 1776 1860 nonnihil

193 1878 386 1931 omisisse,
416 1881 464 1919 ut
494 1882 651 1920 numeri
682 1882 844 1921 restitui
875 1895 955 1922 non
975 1877 1172 1933 „possinb'.
1224 1880 1361 1922 cobet.
1387 1882 1533 1920 Mnem.
1553 1879 1775 1919 nov.VIIII

194 1941 294 1978 399.
357 1939 501 1980 Zenob.
535 1945 579 1992 3,
623 1943 643 1979 1
691 1940 938 1994 γεράνδρυον
982 1941 1281 1994 μεταφυτεύειν·
1340 1939 1404 1981 ε’πὶ
1446 1945 1516 1981 τοῦ
1560 1938 1775 1979 ἀδυνάτου.

195 2001 398 2054 παρεγγυᾷ
431 1996 474 2038 δὲ
500 1998 558 2039 ὅτι
583 1998 637 2051 μὴ
665 2000 731 2040 δεῖ
749 2000 842 2049 τοὺς
871 2001 1152 2054 παρηβηκότας
1177 2001 1368 2055 προάγειν
1394 2001 1450 2049 εἰς
1475 1999 1522 2040 τὰ
1547 2005 1624 2040 τῶν
1650 1998 1777 2051 ἄκμα-

194 2057 340 2106 ζόντων
361 2057 465 2112 ἔργα.
504 2060 552 2099 cf.
573 2060 808 2112 Diogenian.
832 2064 871 2113 3,
894 2064 962 2102 77.
1002 2062 1119 2114 Greg.
1141 2062 1261 2114 Cypr.
1280 2063 1408 2114 Mosq.
1429 2064 1467 2112 2,
1491 2063 1558 2101 76.
1593 2060 1775 2111 Aposssol.

195 2120 233 2171 5,
266 2120 334 2159 32.
383 2119 567 2160 Menand.
603 2122 700 2160 711.

940 2250 1026 2294 183

481 2366 490 2374 .
553 2365 562 2375 .
624 2334 755 2376 πενία
787 2336 1030 2391 μαχόμενοι
1062 2335 1341 2391 πεπαύμεθα,

409 2404 754 2463 δυσνουθετήτςο
788 2408 935 2464 θηρίῳ
967 2404 1041 2449 καὶ
1075 2407 1290 2466 δυσκόλῳ.

315 2491 640 2543 Theophylactus
679 2492 824 2532 Simon.
856 2493 930 2544 Ep.
964 2495 1018 2534 29
1052 2507 1143 2533 πεπ.
1174 2508 1258 2534 πεν.
1291 2510 1329 2546 μ.
1392 2494 1587 2534 indicavit
1623 2494 1777 2533 Nauck.

196 2551 341 2591 Philol.
364 2551 396 2589 V
430 2552 515 2591 558
549 2552 650 2591 conl.
683 2552 823 2592 Isidor.
855 2553 987 2593 Pelus.
1015 2555 1052 2602 4,
1086 2555 1140 2594 89
1174 2569 1213 2605 p.
1234 2554 1354 2594 46οᾶ
1385 2556 1438 2610 τῷ
1471 2552 1777 2606 δυσνουθετήτῳ

195 2610 327 2667 θηρίῳ
358 2609 572 2662 μαχόμενοι
602 2617 646 2666 τῇ
678 2611 807 2651 πενία.
846 2613 894 2653 cf.
914 2614 1098 2653 Menand.
1121 2615 1218 2654 932.
1265 2617 1490 2666 sequuntur
1522 2614 1630 2665 apud
1650 2614 1776 2653 Theo-

196 2672 432 2722 phylactum
463 2668 645 2723 11396ιῆ
680 2670 797 2723 δίκην
828 2670 967 2721 ελκους
997 2671 1266 2727 περιπλέκεται
1296 2672 1364 2713 καὶ
1395 2671 1668 2724 φιλοσύνηθές
1699 2671 1778 2713 ἔστι

195 2729 333 2782 κακόν,
365 2728 661 2786 ραθυμοποιόν,
685 2730 873 2784 κατηφές,
904 2732 1003 2785 πρὸς
1028 2733 1160 2785 λύπην
1185 2732 1503 2787 ἀπαρηγόρητον,
1534 2732 1633 2785 πρὸς
1658 2731 1778 2773 ἀνίαν
1811 2756 1813 2760 ·

195 2788 438 2843 ὀξύρροπον,
469 2804 697 2843 αγρυπνον,
734 2790 1034 2845 φιλομὲριμνον,
1073 2792 1313 2846 ἐπίμοχθον,
1344 2798 1480 2833 κακῶν
1512 2792 1777 2845 ἐφευρετικόν,

196 2847 356 2902 ἄδοξον,
388 2848 752 2902 ευκαταφρόνητον,
783 2850 1179 2904 ἀνεπίφθονον·οὐ
1210 2853 1285 2907 γάρ
1316 2867 1373 2901 τις
1404 2851 1532 2893 ἐθέλει
1563 2853 1778 2911 τηλικούτῳ

196 2912 305 2966 κακῷ
337 2915 552 2961 συναντᾶν,
584 2906 673 2950 οὐδ’
708 2908 748 2950 εἰ
774 2927 848 2963 την
869 2909 1049 2981 Ὀρέστου
1082 2913 1230 2965 μανίαν
1260 2913 1517 2966 κατακριθείη
1549 2916 1694 2954 νοσεῖν.
1736 2915 1777 2953 in

198 2970 344 3021 quibus
375 2970 550 3023 vestigia
580 2983 770 3011 versuum
801 2974 978 3023 reperire
1010 2974 1170 3013 facilius
1203 2976 1266 3013 est
1296 2987 1418 3024 quam
1448 2986 1590 3014 versus
1621 2974 1740 3025 ipsos.
