<?xml version="1.0" encoding="UTF-8"?>
<!DOCTYPE html PUBLIC "-//W3C//DTD XHTML 1.0 Transitional//EN"
    "http://www.w3.org/TR/xhtml1/DTD/xhtml1-transitional.dtd">
<html xmlns="http://www.w3.org/1999/xhtml" xml:lang="en" lang="en">
 <head>
  <title>
</title>
<meta http-equiv="Content-Type" content="text/html;charset=utf-8" />
  <meta name='ocr-system' content='tesseract 3.04.00' />
  <meta name='ocr-capabilities' content='ocr_page ocr_carea ocr_par ocr_line ocrx_word'/>
</head>
<body>
  <div class='ocr_page' id='page_1' title='image "./comicorumatticor03kockuoft_0168.png"; bbox 0 0 2014 3334; ppageno 0'>
   <div class='ocr_carea' id='block_1_1' title="bbox 290 213 1226 267">
    <p class='ocr_par' dir='ltr' id='par_1_1' title="bbox 290 213 1226 267">
     <span class='ocr_line' id='line_1_1' title="bbox 290 213 1226 267; baseline -0.002 -20"><span class='ocrx_word' id='word_1_1' title='bbox 290 215 374 256; x_wconf 82' lang='lat'><em>148</em></span> <span class='ocrx_word' id='word_1_2' title='bbox 632 262 635 267; x_wconf 20' lang='lat' dir='ltr'><em>r</em></span> <span class='ocrx_word' id='word_1_3' title='bbox 929 213 1226 247; x_wconf 77' lang='lat' dir='ltr'><strong>MENANAPOT</strong></span> 
     </span>
    </p>
   </div>
   <div class='ocr_carea' id='block_1_2' title="bbox 503 345 1596 485">
    <p class='ocr_par' dir='ltr' id='par_1_2' title="bbox 503 345 1596 485">
     <span class='ocr_line' id='line_1_2' title="bbox 1027 345 1113 387; baseline 0.012 -1"><span class='ocrx_word' id='word_1_4' title='bbox 1027 345 1113 387; x_wconf 88' lang='grc'><em>516</em></span> 
     </span>
     <span class='ocr_line' id='line_1_3' title="bbox 503 427 1596 485; baseline -0.001 -15"><span class='ocrx_word' id='word_1_5' title='bbox 503 429 613 485; x_wconf 91' lang='grc' dir='ltr'><em>πρὸς</em></span> <span class='ocrx_word' id='word_1_6' title='bbox 644 429 725 483; x_wconf 85' lang='grc' dir='ltr'><em>τὴν</em></span> <span class='ocrx_word' id='word_1_7' title='bbox 757 428 957 483; x_wconf 82' lang='grc' dir='ltr'><em>ἀδελφὴν</em></span> <span class='ocrx_word' id='word_1_8' title='bbox 989 428 1210 483; x_wconf 79' lang='grc' dir='ltr'><em>ἀνάδοχον</em></span> <span class='ocrx_word' id='word_1_9' title='bbox 1241 434 1331 469; x_wconf 83' lang='grc' dir='ltr'><em>τῶν</em></span> <span class='ocrx_word' id='word_1_10' title='bbox 1361 427 1596 484; x_wconf 81' lang='grc' dir='ltr'><em>χρημάτων</em></span> 
     </span>
    </p>
   </div>
   <div class='ocr_carea' id='block_1_3' title="bbox 292 509 1858 629">
    <p class='ocr_par' dir='ltr' id='par_1_3' title="bbox 292 509 1858 629">
     <span class='ocr_line' id='line_1_4' title="bbox 411 509 1858 566; baseline -0.001 -13"><span class='ocrx_word' id='word_1_11' title='bbox 411 516 556 554; x_wconf 82' lang='lat' dir='ltr'>Suidas</span> <span class='ocrx_word' id='word_1_12' title='bbox 594 513 805 566; x_wconf 81' lang='grc' dir='ltr'><em>ἀνάδοχος·</em></span> <span class='ocrx_word' id='word_1_13' title='bbox 843 512 1062 566; x_wconf 82' lang='grc' dir='ltr'><em>ἀνάδοχον,</em></span> <span class='ocrx_word' id='word_1_14' title='bbox 1099 512 1174 553; x_wconf 77' lang='grc' dir='ltr'><em>οὐκ</em></span> <span class='ocrx_word' id='word_1_15' title='bbox 1211 512 1406 565; x_wconf 82' lang='grc' dir='ltr'><em>ἀναδοχέα</em></span> <span class='ocrx_word' id='word_1_16' title='bbox 1436 511 1629 566; x_wconf 84' lang='grc' dir='ltr'><em>λέγουσιν.</em></span> <span class='ocrx_word' id='word_1_17' title='bbox 1691 509 1858 561; x_wconf 81' lang='grc' dir='ltr'><em>Μέναν-</em></span> 
     </span>
     <span class='ocr_line' id='line_1_5' title="bbox 292 569 1529 629; baseline -0.001 -16"><span class='ocrx_word' id='word_1_18' title='bbox 292 576 385 627; x_wconf 86' lang='grc' dir='ltr'><em>δρος</em></span> <span class='ocrx_word' id='word_1_19' title='bbox 419 574 535 629; x_wconf 72' lang='grc' dir='ltr'><em>Χήρα</em></span> <span class='ocrx_word' id='word_1_20' title='bbox 566 576 643 612; x_wconf 90' lang='grc' dir='ltr'><em>κτλ.</em></span> <span class='ocrx_word' id='word_1_21' title='bbox 694 569 918 622; x_wconf 70' lang='lat' dir='ltr'><em>‘praedem&#39;</em></span> <span class='ocrx_word' id='word_1_22' title='bbox 968 574 1015 612; x_wconf 86' lang='lat' dir='ltr'><em>cf.</em></span> <span class='ocrx_word' id='word_1_23' title='bbox 1046 574 1218 613; x_wconf 87' lang='lat' dir='ltr'>Lobeck.</span> <span class='ocrx_word' id='word_1_24' title='bbox 1251 574 1397 623; x_wconf 87' lang='lat' dir='ltr'><strong>Phryn.</strong></span> <span class='ocrx_word' id='word_1_25' title='bbox 1433 574 1529 612; x_wconf 87' lang='lat'><strong>315.</strong></span> 
     </span>
    </p>
   </div>
   <div class='ocr_carea' id='block_1_4' title="bbox 577 703 1137 841">
    <p class='ocr_par' dir='ltr' id='par_1_4' title="bbox 577 703 1137 841">
     <span class='ocr_line' id='line_1_6' title="bbox 1033 703 1117 743; baseline 0 0"><span class='ocrx_word' id='word_1_26' title='bbox 1033 703 1117 743; x_wconf 88' lang='grc'><strong>517</strong></span> 
     </span>
     <span class='ocr_line' id='line_1_7' title="bbox 577 783 1137 841; baseline 0.002 -15"><span class='ocrx_word' id='word_1_27' title='bbox 577 783 645 835; x_wconf 86' lang='grc' dir='ltr'><em>δὶς</em></span> <span class='ocrx_word' id='word_1_28' title='bbox 675 784 829 834; x_wconf 87' lang='grc' dir='ltr'><em>παῖδες</em></span> <span class='ocrx_word' id='word_1_29' title='bbox 861 785 907 826; x_wconf 78' lang='grc' dir='ltr'><em>οἱ</em></span> <span class='ocrx_word' id='word_1_30' title='bbox 934 784 1137 841; x_wconf 85' lang='grc' dir='ltr'><em>γέροντες</em></span> 
     </span>
    </p>
   </div>
   <div class='ocr_carea' id='block_1_5' title="bbox 289 864 1856 984">
    <p class='ocr_par' dir='ltr' id='par_1_5' title="bbox 289 864 1856 984">
     <span class='ocr_line' id='line_1_8' title="bbox 409 864 1856 923; baseline -0.001 -14"><span class='ocrx_word' id='word_1_31' title='bbox 409 871 537 909; x_wconf 79' lang='lat' dir='ltr'>Schol.</span> <span class='ocrx_word' id='word_1_32' title='bbox 563 871 718 910; x_wconf 67' lang='lat' dir='ltr'>Plahon.</span> <span class='ocrx_word' id='word_1_33' title='bbox 742 872 825 910; x_wconf 85' lang='lat'>465</span> <span class='ocrx_word' id='word_1_34' title='bbox 857 871 980 910; x_wconf 80' lang='lat' dir='ltr'><strong>Bekk.</strong></span> <span class='ocrx_word' id='word_1_35' title='bbox 1012 869 1202 922; x_wconf 82' lang='grc' dir='ltr'><em>μέμνηται</em></span> <span class='ocrx_word' id='word_1_36' title='bbox 1234 869 1356 922; x_wconf 77' lang='grc' dir='ltr'><em>αὐτῆς</em></span> <span class='ocrx_word' id='word_1_37' title='bbox 1388 865 1474 921; x_wconf 81' lang='grc' dir='ltr'><em>(τῆς</em></span> <span class='ocrx_word' id='word_1_38' title='bbox 1499 864 1731 923; x_wconf 82' lang='grc' dir='ltr'><strong><em>παροιμίας)</em></strong></span> <span class='ocrx_word' id='word_1_39' title='bbox 1764 898 1773 907; x_wconf 92' lang='grc'><strong>.</strong></span> <span class='ocrx_word' id='word_1_40' title='bbox 1805 898 1814 907; x_wconf 94' lang='grc'><strong>.</strong></span> <span class='ocrx_word' id='word_1_41' title='bbox 1847 898 1856 907; x_wconf 93' lang='grc'>.</span> 
     </span>
     <span class='ocr_line' id='line_1_9' title="bbox 289 928 1655 984; baseline 0.001 -16"><span class='ocrx_word' id='word_1_42' title='bbox 289 928 354 968; x_wconf 85' lang='grc' dir='ltr'><em>καὶ</em></span> <span class='ocrx_word' id='word_1_43' title='bbox 386 928 627 982; x_wconf 82' lang='grc' dir='ltr'><em>Μένανδρος</em></span> <span class='ocrx_word' id='word_1_44' title='bbox 658 929 787 984; x_wconf 73' lang='grc' dir='ltr'><em>Χήρᾳ.</em></span> <span class='ocrx_word' id='word_1_45' title='bbox 850 931 897 969; x_wconf 86' lang='lat' dir='ltr'><em>cf.</em></span> <span class='ocrx_word' id='word_1_46' title='bbox 931 929 1081 969; x_wconf 72' lang='lat' dir='ltr'>Oratin.</span> <span class='ocrx_word' id='word_1_47' title='bbox 1114 932 1180 970; x_wconf 86' lang='lat'>24.</span> <span class='ocrx_word' id='word_1_48' title='bbox 1230 930 1354 969; x_wconf 71' lang='lat' dir='ltr'><strong>Arist.</strong></span> <span class='ocrx_word' id='word_1_49' title='bbox 1386 930 1491 968; x_wconf 85' lang='lat' dir='ltr'><strong>Nub.</strong></span> <span class='ocrx_word' id='word_1_50' title='bbox 1528 931 1655 969; x_wconf 85' lang='lat'>1417.</span> 
     </span>
    </p>
   </div>
   <div class='ocr_carea' id='block_1_6' title="bbox 412 1011 1534 1171">
    <p class='ocr_par' dir='ltr' id='par_1_6' title="bbox 412 1011 1534 1171">
     <span class='ocr_line' id='line_1_10' title="bbox 884 1011 1261 1078; baseline -0.003 0"><span class='ocrx_word' id='word_1_51' title='bbox 884 1011 1261 1078; x_wconf 70' lang='grc' dir='ltr'><strong>ΨΕΤΔΗΡΑΚΛᾙΣ</strong></span> 
     </span>
     <span class='ocr_line' id='line_1_11' title="bbox 412 1120 1534 1171; baseline -0.001 -13"><span class='ocrx_word' id='word_1_52' title='bbox 412 1120 739 1171; x_wconf 84' lang='lat' dir='ltr'>Pyrgopolinices</span> <span class='ocrx_word' id='word_1_53' title='bbox 773 1121 918 1170; x_wconf 80' lang='lat' dir='ltr'>aliquis</span> <span class='ocrx_word' id='word_1_54' title='bbox 951 1120 1213 1171; x_wconf 72' lang='lat' dir='ltr'>significatur.</span> <span class='ocrx_word' id='word_1_55' title='bbox 1275 1120 1323 1158; x_wconf 84' lang='lat' dir='ltr'><em>cf.</em></span> <span class='ocrx_word' id='word_1_56' title='bbox 1355 1120 1403 1158; x_wconf 86' lang='lat' dir='ltr'><em>fr.</em></span> <span class='ocrx_word' id='word_1_57' title='bbox 1436 1121 1534 1158; x_wconf 84' lang='lat'>523.</span> 
     </span>
    </p>
   </div>
   <div class='ocr_carea' id='block_1_7' title="bbox 289 1237 1858 2940">
    <p class='ocr_par' dir='ltr' id='par_1_7' title="bbox 497 1237 1521 1588">
     <span class='ocr_line' id='line_1_12' title="bbox 1027 1237 1114 1279; baseline 0 0"><span class='ocrx_word' id='word_1_58' title='bbox 1027 1237 1114 1279; x_wconf 91' lang='grc'><strong>518</strong></span> 
     </span>
     <span class='ocr_line' id='line_1_13' title="bbox 504 1315 1521 1375; baseline -0.001 -14"><span class='ocrx_word' id='word_1_59' title='bbox 504 1315 694 1375; x_wconf 76' lang='grc' dir='ltr'><em>μάγειρ’,</em></span> <span class='ocrx_word' id='word_1_60' title='bbox 728 1318 866 1373; x_wconf 85' lang='grc' dir='ltr'><em>ἀηδής</em></span> <span class='ocrx_word' id='word_1_61' title='bbox 897 1335 971 1374; x_wconf 86' lang='grc' dir='ltr'><em>μοι</em></span> <span class='ocrx_word' id='word_1_62' title='bbox 1004 1319 1150 1369; x_wconf 86' lang='grc' dir='ltr'><em>δοκεῖς</em></span> <span class='ocrx_word' id='word_1_63' title='bbox 1180 1315 1294 1361; x_wconf 81' lang='grc' dir='ltr'><em>εἶναι</em></span> <span class='ocrx_word' id='word_1_64' title='bbox 1327 1319 1521 1374; x_wconf 77' lang='grc' dir='ltr'><em>σφόδρα“</em></span> 
     </span>
     <span class='ocr_line' id='line_1_14' title="bbox 504 1389 1504 1446; baseline -0.002 -14"><span class='ocrx_word' id='word_1_65' title='bbox 504 1391 643 1440; x_wconf 81' lang='grc' dir='ltr'><em>πόσας</em></span> <span class='ocrx_word' id='word_1_66' title='bbox 673 1389 886 1446; x_wconf 77' lang='grc' dir='ltr'><em>τραπέζας</em></span> <span class='ocrx_word' id='word_1_67' title='bbox 917 1389 1133 1445; x_wconf 88' lang='grc' dir='ltr'><em>μέλλομεν</em></span> <span class='ocrx_word' id='word_1_68' title='bbox 1163 1397 1321 1443; x_wconf 82' lang='grc' dir='ltr'><em>ποιεῖν,</em></span> <span class='ocrx_word' id='word_1_69' title='bbox 1352 1391 1504 1446; x_wconf 86' lang='grc' dir='ltr'><em>τρίτον</em></span> 
     </span>
     <span class='ocr_line' id='line_1_15' title="bbox 497 1460 1431 1518; baseline 0 -15"><span class='ocrx_word' id='word_1_70' title='bbox 497 1461 587 1516; x_wconf 69' lang='grc' dir='ltr'><em>ἤδη</em></span> <span class='ocrx_word' id='word_1_71' title='bbox 622 1460 665 1516; x_wconf 83' lang='grc' dir='ltr'><em>μ’</em></span> <span class='ocrx_word' id='word_1_72' title='bbox 703 1460 882 1518; x_wconf 80' lang='grc' dir='ltr'><strong><em>ἐρωτᾷς·</em></strong></span> <span class='ocrx_word' id='word_1_73' title='bbox 915 1461 1134 1517; x_wconf 89' lang='grc' dir='ltr'><em>χοιρίδιον</em></span> <span class='ocrx_word' id='word_1_74' title='bbox 1165 1461 1214 1503; x_wconf 75' lang='grc' dir='ltr'><em>ἓν</em></span> <span class='ocrx_word' id='word_1_75' title='bbox 1244 1461 1431 1516; x_wconf 86' lang='grc' dir='ltr'><em>θύομεν,</em></span> 
     </span>
     <span class='ocr_line' id='line_1_16' title="bbox 502 1530 1435 1588; baseline 0.001 -15"><span class='ocrx_word' id='word_1_76' title='bbox 502 1531 614 1574; x_wconf 86' lang='grc' dir='ltr'><em>ὀκτὼ</em></span> <span class='ocrx_word' id='word_1_77' title='bbox 646 1533 906 1586; x_wconf 79' lang='grc' dir='ltr'><em>ποιήσοντες</em></span> <span class='ocrx_word' id='word_1_78' title='bbox 936 1530 1148 1588; x_wconf 79' lang='grc' dir='ltr'><em>τραπέζας</em></span> <span class='ocrx_word' id='word_1_79' title='bbox 1179 1530 1218 1574; x_wconf 87' lang='grc' dir='ltr'><em>δ’</em></span> <span class='ocrx_word' id='word_1_80' title='bbox 1255 1531 1282 1586; x_wconf 79' lang='grc' dir='ltr'>ἢ</span> <span class='ocrx_word' id='word_1_81' title='bbox 1315 1534 1435 1587; x_wconf 91' lang='grc' dir='ltr'><em>μίαν,</em></span> 
     </span>
    </p>

    <p class='ocr_par' dir='ltr' id='par_1_8' title="bbox 464 1601 1575 1944">
     <span class='ocr_line' id='line_1_17' title="bbox 464 1601 1502 1660; baseline -0.001 -15"><span class='ocrx_word' id='word_1_82' title='bbox 464 1613 484 1645; x_wconf 87' lang='lat'>5</span> <span class='ocrx_word' id='word_1_83' title='bbox 504 1605 551 1645; x_wconf 92' lang='grc' dir='ltr'><em>τί</em></span> <span class='ocrx_word' id='word_1_84' title='bbox 579 1601 649 1645; x_wconf 85' lang='grc' dir='ltr'><em>σοὶ</em></span> <span class='ocrx_word' id='word_1_85' title='bbox 683 1602 885 1659; x_wconf 78' lang='grc' dir='ltr'><em>διαφέρει</em></span> <span class='ocrx_word' id='word_1_86' title='bbox 916 1609 1067 1655; x_wconf 83' lang='grc' dir='ltr'><em>τοῦτο;</em></span> <span class='ocrx_word' id='word_1_87' title='bbox 1101 1604 1297 1660; x_wconf 77' lang='grc' dir='ltr'><em>παράθες</em></span> <span class='ocrx_word' id='word_1_88' title='bbox 1329 1604 1502 1658; x_wconf 88' lang='grc' dir='ltr'><em>σημίαν.</em></span> 
     </span>
     <span class='ocr_line' id='line_1_18' title="bbox 504 1668 1506 1729; baseline 0 -13"><span class='ocrx_word' id='word_1_89' title='bbox 504 1674 585 1716; x_wconf 86' lang='grc' dir='ltr'><em>οὐκ</em></span> <span class='ocrx_word' id='word_1_90' title='bbox 616 1676 707 1717; x_wconf 77' lang='grc' dir='ltr'><em>ἔστι</em></span> <span class='ocrx_word' id='word_1_91' title='bbox 738 1674 988 1724; x_wconf 77' lang='grc' dir='ltr'><em>κανδύλους</em></span> <span class='ocrx_word' id='word_1_92' title='bbox 1019 1682 1178 1729; x_wconf 84' lang='grc' dir='ltr'><em>ποιεῖν,</em></span> <span class='ocrx_word' id='word_1_93' title='bbox 1212 1670 1311 1716; x_wconf 84' lang='grc' dir='ltr'><em>οὐδ’</em></span> <span class='ocrx_word' id='word_1_94' title='bbox 1347 1668 1418 1716; x_wconf 81' lang='grc' dir='ltr'><em>οἷα</em></span> <span class='ocrx_word' id='word_1_95' title='bbox 1451 1674 1506 1716; x_wconf 85' lang='grc' dir='ltr'><em>σὺ</em></span> 
     </span>
     <span class='ocr_line' id='line_1_19' title="bbox 503 1739 1407 1801; baseline 0.001 -14"><span class='ocrx_word' id='word_1_96' title='bbox 503 1739 668 1796; x_wconf 76' lang='grc' dir='ltr'><em>εἴωθας</em></span> <span class='ocrx_word' id='word_1_97' title='bbox 701 1746 762 1795; x_wconf 83' lang='grc' dir='ltr'><em>εἰς</em></span> <span class='ocrx_word' id='word_1_98' title='bbox 793 1745 956 1796; x_wconf 85' lang='grc' dir='ltr'><em>ταύτὸν</em></span> <span class='ocrx_word' id='word_1_99' title='bbox 986 1746 1263 1801; x_wconf 85' lang='grc' dir='ltr'><em>καρυκεύειν,</em></span> <span class='ocrx_word' id='word_1_100' title='bbox 1296 1745 1407 1801; x_wconf 83' lang='grc' dir='ltr'><em>μέλι,</em></span> 
     </span>
     <span class='ocr_line' id='line_1_20' title="bbox 504 1812 1418 1874; baseline 0.001 -16"><span class='ocrx_word' id='word_1_101' title='bbox 504 1817 748 1871; x_wconf 80' lang='grc' dir='ltr'><em>σεμίδαλιν,</em></span> <span class='ocrx_word' id='word_1_102' title='bbox 783 1812 856 1874; x_wconf 75' lang='grc' dir='ltr'><em>ᾠά.</em></span> <span class='ocrx_word' id='word_1_103' title='bbox 919 1817 1062 1859; x_wconf 78' lang='grc' dir='ltr'><em>πάντα</em></span> <span class='ocrx_word' id='word_1_104' title='bbox 1093 1817 1176 1873; x_wconf 82' lang='grc' dir='ltr'><em>γὰρ</em></span> <span class='ocrx_word' id='word_1_105' title='bbox 1207 1816 1418 1859; x_wconf 82' lang='grc' dir='ltr'><em>τάναντία</em></span> 
     </span>
     <span class='ocr_line' id='line_1_21' title="bbox 502 1887 1575 1944; baseline 0 -14"><span class='ocrx_word' id='word_1_106' title='bbox 502 1893 588 1930; x_wconf 87' lang='grc' dir='ltr'><em>νῦν</em></span> <span class='ocrx_word' id='word_1_107' title='bbox 619 1887 754 1930; x_wconf 80' lang='grc' dir='ltr'><em>ἐστιν·</em></span> <span class='ocrx_word' id='word_1_108' title='bbox 792 1887 815 1930; x_wconf 88' lang='grc' dir='ltr'>ὁ</span> <span class='ocrx_word' id='word_1_109' title='bbox 848 1888 1056 1944; x_wconf 82' lang='grc' dir='ltr'><em>μάγειρος</em></span> <span class='ocrx_word' id='word_1_110' title='bbox 1087 1889 1171 1943; x_wconf 79' lang='grc' dir='ltr'><em>γὰρ</em></span> <span class='ocrx_word' id='word_1_111' title='bbox 1203 1887 1414 1944; x_wconf 76' lang='grc' dir='ltr'><em>ἐγχύτους</em></span> <span class='ocrx_word' id='word_1_112' title='bbox 1443 1894 1575 1941; x_wconf 89' lang='grc' dir='ltr'><em>ποιεῖ,</em></span> 
     </span>
    </p>

    <p class='ocr_par' dir='ltr' id='par_1_9' title="bbox 435 1958 1545 2015">
     <span class='ocr_line' id='line_1_22' title="bbox 435 1958 1545 2015; baseline 0.002 -15"><span class='ocrx_word' id='word_1_113' title='bbox 435 1970 477 2001; x_wconf 90' lang='lat'><em>10</em></span> <span class='ocrx_word' id='word_1_114' title='bbox 498 1962 775 2009; x_wconf 88' lang='grc' dir='ltr'><em>πλακοῦντας</em></span> <span class='ocrx_word' id='word_1_115' title='bbox 806 1958 932 2015; x_wconf 79' lang='grc' dir='ltr'><em>ὀπτᾷ,</em></span> <span class='ocrx_word' id='word_1_116' title='bbox 965 1959 1158 2015; x_wconf 79' lang='grc' dir='ltr'><em>χόνδρον</em></span> <span class='ocrx_word' id='word_1_117' title='bbox 1189 1959 1284 2010; x_wconf 78' lang='grc' dir='ltr'><em>ἕψει</em></span> <span class='ocrx_word' id='word_1_118' title='bbox 1315 1958 1388 2002; x_wconf 85' lang='grc' dir='ltr'><em>καὶ</em></span> <span class='ocrx_word' id='word_1_119' title='bbox 1420 1958 1545 2015; x_wconf 83' lang='grc' dir='ltr'><em>φέρει</em></span> 
     </span>
    </p>

    <p class='ocr_par' dir='ltr' id='par_1_10' title="bbox 454 2026 1514 2086">
     <span class='ocr_line' id='line_1_23' title="bbox 454 2026 1514 2086; baseline 0.002 -16"><span class='ocrx_word' id='word_1_120' title='bbox 454 2030 460 2037; x_wconf 78' lang='grc'><em>“</em></span> <span class='ocrx_word' id='word_1_121' title='bbox 504 2030 611 2084; x_wconf 80' lang='grc' dir='ltr'><em>μετὰ</em></span> <span class='ocrx_word' id='word_1_122' title='bbox 643 2030 691 2071; x_wconf 92' lang='grc' dir='ltr'><em>τὸ</em></span> <span class='ocrx_word' id='word_1_123' title='bbox 724 2029 915 2085; x_wconf 80' lang='grc' dir='ltr'><em>τάριχος,</em></span> <span class='ocrx_word' id='word_1_124' title='bbox 948 2026 1040 2071; x_wconf 81' lang='grc' dir='ltr'><em>εἶτα</em></span> <span class='ocrx_word' id='word_1_125' title='bbox 1071 2033 1208 2085; x_wconf 90' lang='grc' dir='ltr'><em>θρῖον</em></span> <span class='ocrx_word' id='word_1_126' title='bbox 1238 2028 1311 2072; x_wconf 86' lang='grc' dir='ltr'><em>καὶ</em></span> <span class='ocrx_word' id='word_1_127' title='bbox 1343 2031 1514 2086; x_wconf 88' lang='grc' dir='ltr'><em>βότρυς.</em></span> 
     </span>
    </p>

    <p class='ocr_par' dir='ltr' id='par_1_11' title="bbox 503 2092 1447 2298">
     <span class='ocr_line' id='line_1_24' title="bbox 503 2092 1401 2157; baseline 0.001 -15"><span class='ocrx_word' id='word_1_128' title='bbox 503 2100 529 2154; x_wconf 81' lang='grc' dir='ltr'>ἡ</span> <span class='ocrx_word' id='word_1_129' title='bbox 564 2101 834 2156; x_wconf 90' lang='grc' dir='ltr'><em>δημιουργὸς</em></span> <span class='ocrx_word' id='word_1_130' title='bbox 867 2092 906 2142; x_wconf 43' lang='grc' dir='ltr'><em>δ”</em></span> <span class='ocrx_word' id='word_1_131' title='bbox 944 2100 1401 2157; x_wconf 77' lang='grc' dir='ltr'><em>ἀντιπαρατεταγμένη</em></span> 
     </span>
     <span class='ocr_line' id='line_1_25' title="bbox 503 2167 1400 2228; baseline 0.002 -16"><span class='ocrx_word' id='word_1_132' title='bbox 503 2167 670 2226; x_wconf 80' lang='grc' dir='ltr'><em>κρεάδι’</em></span> <span class='ocrx_word' id='word_1_133' title='bbox 707 2171 817 2228; x_wconf 80' lang='grc' dir='ltr'><em>ὀπτᾷ</em></span> <span class='ocrx_word' id='word_1_134' title='bbox 850 2169 924 2213; x_wconf 85' lang='grc' dir='ltr'><em>καὶ</em></span> <span class='ocrx_word' id='word_1_135' title='bbox 955 2173 1104 2226; x_wconf 81' lang='grc' dir='ltr'><em>κίχλας</em></span> <span class='ocrx_word' id='word_1_136' title='bbox 1134 2173 1400 2227; x_wconf 86' lang='grc' dir='ltr'><em>τραγήματα.</em></span> 
     </span>
     <span class='ocr_line' id='line_1_26' title="bbox 503 2239 1447 2298; baseline 0.001 -14"><span class='ocrx_word' id='word_1_137' title='bbox 503 2240 644 2284; x_wconf 80' lang='grc' dir='ltr'><em>ἔπειθ’</em></span> <span class='ocrx_word' id='word_1_138' title='bbox 682 2242 704 2284; x_wconf 91' lang='grc' dir='ltr'>ὁ</span> <span class='ocrx_word' id='word_1_139' title='bbox 739 2243 931 2284; x_wconf 84' lang='grc' dir='ltr'><em>δειπνῶν</em></span> <span class='ocrx_word' id='word_1_140' title='bbox 963 2239 1043 2297; x_wconf 74' lang='grc' dir='ltr'><em>μὲν</em></span> <span class='ocrx_word' id='word_1_141' title='bbox 1074 2245 1447 2298; x_wconf 77' lang='grc' dir='ltr'><em>τραγηματίζεται,</em></span> 
     </span>
    </p>

    <p class='ocr_par' dir='ltr' id='par_1_12' title="bbox 441 2310 1576 2440">
     <span class='ocr_line' id='line_1_27' title="bbox 441 2310 1576 2369; baseline 0.001 -14"><span class='ocrx_word' id='word_1_142' title='bbox 441 2325 482 2355; x_wconf 83' lang='grc'><em>15</em></span> <span class='ocrx_word' id='word_1_143' title='bbox 504 2314 802 2369; x_wconf 77' lang='grc' dir='ltr'><em>μυρισάμενος</em></span> <span class='ocrx_word' id='word_1_144' title='bbox 834 2310 882 2355; x_wconf 79' lang='grc' dir='ltr'><em>δὲ</em></span> <span class='ocrx_word' id='word_1_145' title='bbox 914 2312 984 2355; x_wconf 84' lang='grc' dir='ltr'><em>καὶ</em></span> <span class='ocrx_word' id='word_1_146' title='bbox 1018 2314 1412 2369; x_wconf 76' lang='grc' dir='ltr'><em>στεφανωσάμενος</em></span> <span class='ocrx_word' id='word_1_147' title='bbox 1443 2314 1576 2356; x_wconf 78' lang='grc' dir='ltr'><em>πάλιν</em></span> 
     </span>
     <span class='ocr_line' id='line_1_28' title="bbox 505 2385 1242 2440; baseline 0 -14"><span class='ocrx_word' id='word_1_148' title='bbox 505 2386 677 2427; x_wconf 89' lang='grc' dir='ltr'><em>δειπνεῖ</em></span> <span class='ocrx_word' id='word_1_149' title='bbox 704 2386 944 2440; x_wconf 86' lang='grc' dir='ltr'><em>μελίπηκτα</em></span> <span class='ocrx_word' id='word_1_150' title='bbox 975 2385 1051 2434; x_wconf 81' lang='grc' dir='ltr'><em>τὰς</em></span> <span class='ocrx_word' id='word_1_151' title='bbox 1081 2387 1242 2440; x_wconf 80' lang='grc' dir='ltr'><em>κίχλας.</em></span> 
     </span>
    </p>

    <p class='ocr_par' dir='ltr' id='par_1_13' title="bbox 289 2468 1858 2940">
     <span class='ocr_line' id='line_1_29' title="bbox 409 2468 1857 2524; baseline 0.001 -14"><span class='ocrx_word' id='word_1_152' title='bbox 409 2472 640 2511; x_wconf 73' lang='lat' dir='ltr'><strong>Athenaeus</strong></span> <span class='ocrx_word' id='word_1_153' title='bbox 673 2473 716 2521; x_wconf 85' lang='lat'>4,</span> <span class='ocrx_word' id='word_1_154' title='bbox 760 2473 878 2510; x_wconf 69' lang='lat'><strong>1723,</strong></span> <span class='ocrx_word' id='word_1_155' title='bbox 930 2468 1169 2523; x_wconf 85' lang='grc' dir='ltr'><em>Μένανδρος</em></span> <span class='ocrx_word' id='word_1_156' title='bbox 1219 2471 1511 2524; x_wconf 82' lang='grc' dir='ltr'><em>Ψευδηρακλεῖ,</em></span> <span class='ocrx_word' id='word_1_157' title='bbox 1555 2471 1857 2524; x_wconf 85' lang='grc' dir='ltr'><em>καταμεμφό-</em></span> 
     </span>
     <span class='ocr_line' id='line_1_30' title="bbox 290 2526 1858 2583; baseline 0.001 -13"><span class='ocrx_word' id='word_1_158' title='bbox 290 2546 432 2582; x_wconf 86' lang='grc' dir='ltr'><em>μενος</em></span> <span class='ocrx_word' id='word_1_159' title='bbox 474 2529 584 2578; x_wconf 79' lang='grc' dir='ltr'><em>τοὺς</em></span> <span class='ocrx_word' id='word_1_160' title='bbox 627 2529 884 2583; x_wconf 87' lang='grc' dir='ltr'><em>μαγείρους</em></span> <span class='ocrx_word' id='word_1_161' title='bbox 927 2526 989 2577; x_wconf 81' lang='grc' dir='ltr'><em>ὡς</em></span> <span class='ocrx_word' id='word_1_162' title='bbox 1031 2528 1396 2583; x_wconf 73' lang='grc' dir='ltr'><em>ἐπιχειροῦντας·</em></span> <span class='ocrx_word' id='word_1_163' title='bbox 1441 2529 1519 2569; x_wconf 83' lang='grc' dir='ltr'><em>καὶ</em></span> <span class='ocrx_word' id='word_1_164' title='bbox 1561 2526 1631 2578; x_wconf 83' lang='grc' dir='ltr'><em>οἷς</em></span> <span class='ocrx_word' id='word_1_165' title='bbox 1669 2529 1728 2583; x_wconf 78' lang='grc' dir='ltr'><em>μὴ</em></span> <span class='ocrx_word' id='word_1_166' title='bbox 1768 2532 1858 2582; x_wconf 84' lang='grc' dir='ltr'><em>δεῖ,</em></span> 
     </span>
     <span class='ocr_line' id='line_1_31' title="bbox 290 2584 1858 2643; baseline 0.001 -14"><span class='ocrx_word' id='word_1_167' title='bbox 290 2591 414 2642; x_wconf 88' lang='grc' dir='ltr'><em>φησίν</em></span> <span class='ocrx_word' id='word_1_168' title='bbox 453 2593 529 2629; x_wconf 86' lang='grc' dir='ltr'><em>κτλ.</em></span> <span class='ocrx_word' id='word_1_169' title='bbox 591 2604 626 2629; x_wconf 89' lang='lat' dir='ltr'><em>v.</em></span> <span class='ocrx_word' id='word_1_170' title='bbox 663 2592 816 2629; x_wconf 88' lang='lat'>6——13</span> <span class='ocrx_word' id='word_1_171' title='bbox 858 2584 1028 2643; x_wconf 85' lang='grc' dir='ltr'><em>(κίχλας)</em></span> <span class='ocrx_word' id='word_1_172' title='bbox 1066 2590 1171 2628; x_wconf 86' lang='lat' dir='ltr'>idem</span> <span class='ocrx_word' id='word_1_173' title='bbox 1210 2592 1283 2640; x_wconf 85' lang='lat'><em>14,</em></span> <span class='ocrx_word' id='word_1_174' title='bbox 1318 2591 1437 2629; x_wconf 85' lang='grc' dir='ltr'>644ο</span> <span class='ocrx_word' id='word_1_175' title='bbox 1480 2589 1651 2643; x_wconf 77' lang='grc' dir='ltr'><em>ἐγχύτων</em></span> <span class='ocrx_word' id='word_1_176' title='bbox 1684 2588 1726 2630; x_wconf 80' lang='grc' dir='ltr'><em>δὲ</em></span> <span class='ocrx_word' id='word_1_177' title='bbox 1759 2586 1858 2630; x_wconf 82' lang='grc' dir='ltr'><em>πλα-</em></span> 
     </span>
     <span class='ocr_line' id='line_1_32' title="bbox 289 2642 1858 2701; baseline 0.001 -12"><span class='ocrx_word' id='word_1_178' title='bbox 289 2650 469 2689; x_wconf 85' lang='grc' dir='ltr'><em>κούντων</em></span> <span class='ocrx_word' id='word_1_179' title='bbox 509 2648 747 2701; x_wconf 81' lang='grc' dir='ltr'><em>μνημονεύει</em></span> <span class='ocrx_word' id='word_1_180' title='bbox 779 2647 1020 2701; x_wconf 83' lang='grc' dir='ltr'><em>Μένανδρος</em></span> <span class='ocrx_word' id='word_1_181' title='bbox 1057 2647 1100 2688; x_wconf 80' lang='grc' dir='ltr'><em>ἐν</em></span> <span class='ocrx_word' id='word_1_182' title='bbox 1137 2642 1416 2700; x_wconf 77' lang='grc' dir='ltr'><em>Ψευδηρακλεῖ</em></span> <span class='ocrx_word' id='word_1_183' title='bbox 1438 2652 1516 2689; x_wconf 87' lang='grc' dir='ltr'><em>κτλ.</em></span> <span class='ocrx_word' id='word_1_184' title='bbox 1597 2652 1636 2689; x_wconf 91' lang='grc'><em>4.</em></span> <span class='ocrx_word' id='word_1_185' title='bbox 1667 2649 1858 2701; x_wconf 85' lang='grc' dir='ltr'><em>ποιήσον-</em></span> 
     </span>
     <span class='ocr_line' id='line_1_33' title="bbox 290 2705 1857 2762; baseline 0.001 -15"><span class='ocrx_word' id='word_1_186' title='bbox 290 2724 349 2756; x_wconf 87' lang='grc' dir='ltr'><em>τες</em></span> <span class='ocrx_word' id='word_1_187' title='bbox 374 2731 422 2736; x_wconf 91' lang='lat'><em>-—</em></span> <span class='ocrx_word' id='word_1_188' title='bbox 447 2706 483 2747; x_wconf 88' lang='grc' dir='ltr'><em>δ’</em></span> <span class='ocrx_word' id='word_1_189' title='bbox 519 2707 545 2760; x_wconf 74' lang='grc' dir='ltr'><strong>ἢ</strong></span> <span class='ocrx_word' id='word_1_190' title='bbox 577 2709 672 2760; x_wconf 88' lang='grc' dir='ltr'><em>μίαν</em></span> <span class='ocrx_word' id='word_1_191' title='bbox 691 2707 846 2759; x_wconf 85' lang='lat' dir='ltr'><strong>Dindf.]</strong></span> <span class='ocrx_word' id='word_1_192' title='bbox 880 2708 1049 2759; x_wconf 88' lang='grc' dir='ltr'><em>ποίησον</em></span> <span class='ocrx_word' id='word_1_193' title='bbox 1080 2707 1148 2755; x_wconf 85' lang='grc' dir='ltr'><em>τὰς</em></span> <span class='ocrx_word' id='word_1_194' title='bbox 1177 2729 1224 2735; x_wconf 85' lang='lat'>—</span> <span class='ocrx_word' id='word_1_195' title='bbox 1256 2709 1411 2760; x_wconf 88' lang='grc' dir='ltr'><em>δυομαν</em></span> <span class='ocrx_word' id='word_1_196' title='bbox 1431 2705 1529 2762; x_wconf 82' lang='lat' dir='ltr'>(sic)</span> <span class='ocrx_word' id='word_1_197' title='bbox 1556 2709 1604 2748; x_wconf 89' lang='lat' dir='ltr'><em>A.</em></span> <span class='ocrx_word' id='word_1_198' title='bbox 1667 2711 1703 2749; x_wconf 87' lang='lat'><em>5.</em></span> <span class='ocrx_word' id='word_1_199' title='bbox 1729 2723 1857 2761; x_wconf 90' lang='grc' dir='ltr'><em>παρα-</em></span> 
     </span>
     <span class='ocr_line' id='line_1_34' title="bbox 291 2766 1856 2822; baseline 0 -14"><span class='ocrx_word' id='word_1_200' title='bbox 291 2767 407 2820; x_wconf 83' lang='grc' dir='ltr'><em>θήσω</em></span> <span class='ocrx_word' id='word_1_201' title='bbox 440 2768 533 2820; x_wconf 90' lang='grc' dir='ltr'><em>μίαν</em></span> <span class='ocrx_word' id='word_1_202' title='bbox 564 2769 695 2808; x_wconf 79' lang='lat' dir='ltr'><strong>Bentl.</strong></span> <span class='ocrx_word' id='word_1_203' title='bbox 729 2766 924 2820; x_wconf 85' lang='grc' dir='ltr'><em>διαφέρει;</em></span> <span class='ocrx_word' id='word_1_204' title='bbox 956 2772 1070 2808; x_wconf 80' lang='grc' dir='ltr'><em>τοῦτο</em></span> <span class='ocrx_word' id='word_1_205' title='bbox 1100 2767 1280 2820; x_wconf 81' lang='grc' dir='ltr'><em>παράθες</em></span> <span class='ocrx_word' id='word_1_206' title='bbox 1309 2768 1433 2819; x_wconf 87' lang='grc' dir='ltr'><em>Σιμία</em></span> <span class='ocrx_word' id='word_1_207' title='bbox 1463 2769 1597 2807; x_wconf 86' lang='lat' dir='ltr'><strong>Dindf.</strong></span> <span class='ocrx_word' id='word_1_208' title='bbox 1627 2768 1778 2822; x_wconf 85' lang='grc' dir='ltr'><em>πάραγε</em></span> <span class='ocrx_word' id='word_1_209' title='bbox 1807 2771 1856 2808; x_wconf 93' lang='grc' dir='ltr'><em>Σ.</em></span> 
     </span>
     <span class='ocr_line' id='line_1_35' title="bbox 289 2823 1856 2878; baseline 0.001 -12"><span class='ocrx_word' id='word_1_210' title='bbox 289 2828 410 2873; x_wconf 81' lang='lat' dir='ltr'>Mein.</span> <span class='ocrx_word' id='word_1_211' title='bbox 489 2830 526 2868; x_wconf 86' lang='lat'><em>6.</em></span> <span class='ocrx_word' id='word_1_212' title='bbox 565 2824 653 2866; x_wconf 78' lang='grc' dir='ltr'><em>οὐδ’</em></span> <span class='ocrx_word' id='word_1_213' title='bbox 694 2828 812 2867; x_wconf 85' lang='lat' dir='ltr'>Mein.</span> <span class='ocrx_word' id='word_1_214' title='bbox 851 2826 954 2867; x_wconf 72' lang='grc' dir='ltr'><em>ἔστιν</em></span> <span class='ocrx_word' id='word_1_215' title='bbox 990 2825 1215 2875; x_wconf 80' lang='grc' dir='ltr'><em>κάνδύλους</em></span> <span class='ocrx_word' id='word_1_216' title='bbox 1245 2828 1282 2866; x_wconf 89' lang='grc' dir='ltr'><strong>Α</strong></span> <span class='ocrx_word' id='word_1_217' title='bbox 1315 2830 1412 2868; x_wconf 87' lang='grc'><strong>172.</strong></span> <span class='ocrx_word' id='word_1_218' title='bbox 1461 2823 1543 2878; x_wconf 80' lang='grc' dir='ltr'><em>οἷα]</em></span> <span class='ocrx_word' id='word_1_219' title='bbox 1585 2826 1658 2867; x_wconf 78' lang='grc' dir='ltr'><em>ὅσα</em></span> <span class='ocrx_word' id='word_1_220' title='bbox 1688 2827 1726 2866; x_wconf 88' lang='grc' dir='ltr'><strong>Α</strong></span> <span class='ocrx_word' id='word_1_221' title='bbox 1759 2830 1856 2868; x_wconf 88' lang='grc'>644.</span> 
     </span>
     <span class='ocr_line' id='line_1_36' title="bbox 293 2885 1856 2940; baseline 0.001 -14"><span class='ocrx_word' id='word_1_222' title='bbox 293 2890 329 2927; x_wconf 93' lang='grc'><em>7.</em></span> <span class='ocrx_word' id='word_1_223' title='bbox 360 2885 477 2926; x_wconf 79' lang='grc' dir='ltr'><em>ταύτὸ</em></span> <span class='ocrx_word' id='word_1_224' title='bbox 509 2887 546 2925; x_wconf 90' lang='grc' dir='ltr'><strong>Α</strong></span> <span class='ocrx_word' id='word_1_225' title='bbox 580 2889 676 2926; x_wconf 85' lang='grc'><strong>172.</strong></span> <span class='ocrx_word' id='word_1_226' title='bbox 708 2887 1087 2938; x_wconf 85' lang='grc' dir='ltr'><em>μελισενμιδαλινωι·</em></span> <span class='ocrx_word' id='word_1_227' title='bbox 1123 2885 1150 2926; x_wconf 81' lang='grc' dir='ltr'><em>ἆ</em></span> <span class='ocrx_word' id='word_1_228' title='bbox 1179 2886 1218 2926; x_wconf 88' lang='lat' dir='ltr'>A</span> <span class='ocrx_word' id='word_1_229' title='bbox 1239 2889 1336 2926; x_wconf 90' lang='grc'><em>644.</em></span> <span class='ocrx_word' id='word_1_230' title='bbox 1399 2889 1436 2927; x_wconf 92' lang='grc'><em>9.</em></span> <span class='ocrx_word' id='word_1_231' title='bbox 1468 2885 1652 2940; x_wconf 82' lang='grc' dir='ltr'><em>ἐγχύτους</em></span> <span class='ocrx_word' id='word_1_232' title='bbox 1681 2887 1720 2926; x_wconf 88' lang='lat' dir='ltr'>A</span> <span class='ocrx_word' id='word_1_233' title='bbox 1752 2886 1856 2938; x_wconf 84' lang='lat'>644]</span> 
     </span>
    </p>
   </div>
  </div>
 </body>
</html>
