2014 3334
265 240 348 282 128
598 282 600 286 y
904 242 1202 275 ΜΕΝΑΝΔΡΟΤ

262 368 310 393 ea
346 354 519 393 vocativi
558 355 688 392 forma
723 353 786 391 uti
823 355 985 403 poo‘oam
1022 354 1132 392 diost.
1188 350 1297 392 παῖδ’
1339 352 1482 404 Toup]
1525 351 1623 393 πέλα
1661 354 1743 393 cod.
1778 375 1833 381 —-—

262 415 408 452 Athcn.
443 415 486 462 6,
521 414 640 451 2300
679 407 770 451 οἶδα
807 411 915 465 κάγώ
955 426 1042 451 τινα
1087 442 1096 450 .
1129 442 1137 450 .
1181 413 1539 465 πτωχαλαζόνα,
1576 410 1620 460 ὃς
1659 412 1836 465 δραχμῆς

261 472 359 524 ἔχων
397 471 443 510 τὰ
479 471 607 510 πάντα
645 470 907 524 ἀργυρώματα
948 470 1042 524 ε’βόα
1079 474 1210 511 καλῶν
1248 471 1317 512 τὸν
1355 471 1510 524 οἰκέτην
1541 469 1611 510 ἕνα
1644 470 1739 511 ὄντα
1768 471 1836 512 καὶ

261 531 405 583 μόνον,
449 529 614 582 ὀνόμασι
658 529 700 570 δὲ
738 530 940 582 χρώμενον
976 532 1288 583 ψαμμακοσίοις·
1340 536 1419 572 παῖ
1448 531 1735 584 Στρομβιχίδη,
1779 530 1833 583 μὴ

199 619 208 622 -
262 597 338 630 τῶν
370 596 599 643 χειμερινῶν
630 588 926 643 ἀργυρωμάτων
959 588 1055 642 ἡμῖν
1081 595 1284 647 παραθῇς,
1316 590 1413 631 ἀλλὰ
1438 597 1515 631 τῶν
1541 595 1729 643 θερινῶν.
1785 592 1834 630 cf.

262 651 406 701 Eupol.
445 653 539 701 159,
573 654 610 690 3.

425 842 427 844 ·
478 826 537 876 ὡς
569 824 655 867 αἰεὶ
686 826 765 868 τὸν
797 825 954 881 ὁμοῖον
987 827 1084 881 ἄγει
1113 828 1221 877 θεὸς
1252 827 1311 877 ὡς
1343 828 1422 869 τὸν
1453 826 1622 882 ὁμοῖον.

384 910 576 963 μέμνηται
613 910 736 963 αὐτῆς
762 944 769 952 .
793 942 829 951 ..
865 910 1106 965 Μένανδρος
1136 914 1362 970 Σικυωνίῳ.
1400 914 1529 953 Schol.
1562 914 1718 952 Platon.
1752 913 1836 952 375

264 974 390 1012 Bekk.

1013 1054 1100 1095 444

391 1140 534 1178 Pollux
555 1141 593 1189 4,
618 1142 699 1178 119
733 1138 775 1178 οἵ
801 1139 1055 1190 παράσιτοι
1087 1140 1248 1195 μελαίνῃ
1274 1138 1300 1191 ὃ)
1330 1142 1430 1195 φαιᾷ
1457 1138 1641 1192 (ἐχρῶντο
1667 1134 1840 1192 ἐσθῆτι),

264 1198 367 1250 πλὴν
399 1198 442 1238 ἐν
471 1199 684 1254 Σικυωνίῳ
716 1201 880 1253 λευκῇ,
915 1198 988 1239 ὅτε
1020 1198 1177 1250 μέλλει
1207 1203 1378 1253 γαμεῖν
1410 1198 1430 1239 ὅ
1462 1199 1687 1251 παράσιτος.

1012 1328 1100 1370 445

550 1411 822 1466 παλίμβολος
852 1404 1089 1466 τρίπρατος

390 1498 679 1547 Harpocration
715 1498 809 1546 143,
847 1499 895 1535 11
930 1497 1175 1549 παλίμβολον
1272 1494 1292 1535 ὅ
1324 1496 1512 1544 πολλάκις
1545 1495 1692 1551 ε’μπολῇ
1725 1510 1837 1547 μετα-

266 1549 507 1609 βεβλημένος
537 1556 807 1609 παλίμπρατος
839 1556 1135 1608 παλίμβολος
1166 1555 1333 1609 λέγεται,
1365 1554 1419 1603 ὡς
1451 1557 1574 1608 δῆλον
1600 1586 1609 1594 .
1630 1585 1639 1594 .
1660 1586 1670 1594 .
1696 1554 1737 1595 ἐκ
1768 1560 1838 1595 τοῦ

266 1616 513 1668 Μενάνδρου
533 1616 775 1655 Σικυωνίου.
810 1616 982 1659 Photius
1003 1618 1101 1666 374,
1122 1618 1146 1655 5
1172 1614 1192 1655 ὅ
1212 1616 1400 1664 πολλάκις
1420 1612 1482 1655 ἐπ’
1507 1615 1657 1670 ε’μπολῇ
1677 1615 1838 1667 μεταβε-

265 1673 460 1727 βλημένος
498 1673 565 1714 καὶ
596 1675 803 1728 λεγόμενος
835 1673 877 1714 ἐν
908 1678 960 1731 τῷ
993 1676 1065 1731 βίῳ
1104 1676 1374 1728 παλίμπρατος
1404 1675 1646 1727 παλίμβολος
1678 1673 1839 1727 ἐλέγετο,

267 1733 319 1782 ὡς
339 1765 371 1774 ..
387 1765 396 1773 .
417 1732 670 1788 Μένανδρος.
716 1735 900 1775 Ευεὺᾶῒὶι.
926 1737 1021 1780 725,
1044 1737 1097 1774 32
1131 1733 1241 1787 φέρει
1266 1733 1308 1775 δὲ
1333 1734 1400 1774 καὶ
1427 1731 1521 1788 (τῶν
1551 1749 1609 1782 τις
1639 1730 1838 1787 παλαιῶν)

266 1793 344 1834 ἀπὸ
365 1794 537 1846 χρήσεως
557 1800 627 1834 τοῦ
653 1799 831 1846 κωμικοῦ
857 1793 899 1834 τὸ
930 1794 1227 1847 παλίμβολος
1258 1795 1536 1847 τρίπρατος,
1566 1793 1634 1834 καὶ
1652 1793 1839 1841 πολλάκις

266 1852 611 1905 ἀπημπολημένος.
675 1855 817 1893 Pollux
841 1856 878 1904 6,
903 1856 986 1894 164
1017 1854 1260 1906 παλίμβολος
1291 1855 1571 1907 παλίμπρατος.
1618 1854 1666 1893 cf.
1698 1856 1738 1902 4,
1771 1855 1838 1893 36.

269 1916 306 1962 6,
342 1917 437 1953 190.
491 1915 658 1952 Bekker.
693 1915 841 1952 Aneod.
875 1915 972 1963 291,
1007 1917 1060 1953 29
1093 1915 1334 1966 παλίμβολος
1375 1945 1382 1953 .
1410 1946 1417 1953 .
1445 1944 1454 1952 .
1493 1911 1513 1952 ὃ
1546 1914 1689 1960 δοῦλος
1721 1910 1741 1952 ὁ
1775 1911 1840 1952 διὰ

267 1973 466 2024 πονηρίαν
498 1972 818 2025 πιπρασκόμενος
843 1971 910 2012 καὶ
940 1971 1075 2013 ἄλλοτε
1100 1972 1244 2021 ἄλλους
1277 1973 1467 2020 δεσπότας
1498 1971 1746 2024 κεκτημένος.
1791 1973 1837 2011 cf.

268 2034 439 2083 Hesych.
471 2033 725 2085 παλίμβολος.
777 2034 962 2073 Eustath.
998 2035 1124 2085 1405,
1160 2037 1196 2074 7.
1239 2035 1364 2083 1542,
1397 2035 1465 2073 50.
1503 2033 1713 2072 Ruhnken.
1739 2033 1840 2071 Tim.

269 2094 366 2132 205.
423 2093 576 2132 Nauck.
616 2089 823 2142 Aristoph.
863 2093 955 2144 Byz.
993 2107 1030 2143 p.
1073 2096 1168 2134 177.
1236 2093 1471 2146 Δύσπρατος
1515 2093 1720 2132 comoedia
1763 2092 1842 2130 fuit

267 2153 523 2202 Antiphanis.
587 2153 634 2191 cf.
665 2152 707 2191 H
738 2154 807 2191 47.

1007 2232 1096 2274 446

554 2291 818 2334 ἀναίνεσθαι

387 2383 532 2425 κοινῶς
563 2375 635 2429 μὲν
667 2376 889 2430 ἀρνεῖσθαι,
921 2377 1031 2424 ἰδίως
1063 2376 1106 2416 δὲ
1139 2377 1202 2417 ἐπὶ
1232 2383 1309 2417 τῶν
1340 2377 1438 2418 κατὰ
1469 2377 1561 2425 τοὺς
1592 2378 1743 2431 γάμους
1773 2376 1838 2417 καὶ

272 2436 317 2476 τὰ
343 2436 557 2489 ἀφροδίσια
588 2435 746 2490 λέγεται.
808 2435 1050 2489 Μένανδρος
1074 2438 1299 2494 Σικυωνίῳ.
1352 2439 1643 2489 Harpocration
1667 2442 1738 2488 17,
1774 2440 1838 2477 16.

271 2499 317 2536 cf.
352 2498 453 2536 Plat.
486 2510 585 2537 com.
621 2499 717 2537 181.

914 2612 1201 2660 ΣΤΡΑΤΙῼΤᾼΙ

1015 2697 1101 2739 447

488 2778 667 2835 ἀπορῶν
697 2796 738 2822 τι
770 2781 1011 2835 βούλευσαι
1042 2780 1151 2823 κατὰ
1183 2781 1348 2823 σαυτὸν
1379 2781 1633 2835 γενόμενος·

487 2852 537 2893 τὸ
570 2851 802 2907 συμφέρον
833 2852 917 2907 γὰρ
950 2851 1031 2907 οὐχ
1064 2851 1217 2907 ὁρᾶται
1248 2857 1309 2909 τῷ
1341 2853 1467 2906 βοᾶν,

489 2921 536 2963 ἐν
567 2929 627 2980 τῷ
659 2924 767 2979 πρὸς
799 2923 935 2965 αὑτὸν
967 2921 1008 2965 δ’
1045 2923 1326 2980 ἀναλογισμςό
1359 2924 1574 2978 φαίνεται.
