2014 3334
284 216 372 260 206
598 231 601 235 ,
922 218 1222 253 MENANAPOT

408 330 641 369 Boissonad.
663 329 811 368 Anecd.
830 330 891 369 111
924 331 1022 380 237,
1053 330 1193 380 P01yb.
1225 330 1284 369 De
1316 330 1473 370 barban
1503 333 1599 382 289,
1621 319 1680 371 ‘12
1708 333 1863 373 Nauck.

286 386 400 444 (Lex.
420 385 613 443 Vindob.)
651 389 798 442 γίνεται
836 388 1083 440 σολοικισμὸς
1121 388 1248 436 οὕτως
1284 387 1337 437 ὡς
1373 389 1479 443 παρὰ
1517 391 1748 448 Μενάνδρῳ
1782 395 1860 433 κτλ.

284 449 401 502 ἐχρῆν
438 448 512 502 γὰρ
550 447 637 500 ἤτοι
679 448 799 496 δόξαν
836 447 863 500 ἢ
902 448 1107 501 διαβολήν.
1169 449 1219 488 ef.
1249 450 1421 490 Lobeck.
1455 450 1572 501 Soph.
1605 451 1671 493 Ai.
1703 466 1741 502 p.
1777 454 1858 492 146

283 512 366 549 no‘s..
417 509 552 549 Cobet.
586 510 635 548 N.
667 510 691 549 l.
726 511 794 548 62.
828 511 865 549 3.

498 709 609 766 ἀρχὴ
642 710 823 765 μεγίστη
855 716 945 751 τῶν
980 708 1028 751 ἐν
1059 708 1317 766 ἀνθρώποις
1347 717 1494 753 κακῶν

500 781 662 836 ἀγαθά,
693 782 747 823 τὰ
779 781 880 824 λίαν
912 780 1071 836 ἀγαθά.

380 869 534 908 ·Schol.
568 869 672 907 Pla‘t.
707 869 790 908 369
826 868 951 907 Bekk.
989 867 1136 920 χαλεπὰ
1173 867 1220 907 τὰ
1250 868 1364 920 καλά,
1395 870 1586 922 παροιμία
1617 869 1681 910 ἐπὶ
1710 877 1788 911 τῶν
1819 869 1863 911 ἐν

287 928 480 983 εὐπραγίᾳ
523 925 873 980 μεταβαλλομένων
918 927 972 975 εἰς
1016 925 1194 979 ὠμότητα
1321 927 1439 980 ὅθεν,
1484 925 1612 981 οἶμαι,
1656 929 1756 982 φησὶ
1797 930 1864 971 καὶ
1909 930 1917 941 ’

288 987 532 1040 Μένανδρος
551 990 629 1026 κτλ.
673 988 914 1027 Plutarchus
934 988 1032 1026 Mor.
1057 989 1208 1028 1076d
1234 988 1465 1045 Μενάνδρῳ
1493 985 1862 1047 (δυσκολαίνουσιν)

288 1047 436 1088 εἰπόντι
473 1051 691 1100 θεατρικῶς
728 1050 805 1086 κτλ.
887 1050 924 1086 2.
956 1047 1068 1097 prius
1100 1045 1237 1100 ἀγαθὰ
1269 1061 1343 1087 om.
1377 1049 1482 1088 Plut.
1516 1050 1770 1090 scribendum
1801 1054 1862 1091 esi:

286 1103 466 1161 ὦγαθέ,
505 1106 552 1147 τὰ
588 1107 677 1146 λίαν
715 1105 775 1160 ἀγ.
839 1109 945 1146 certe
984 1105 1142 1160 τάγαθά
1171 1108 1439 1147 necessarium
1471 1111 1569 1148 erat.
1631 1111 1679 1150 cf.
1712 1110 1861 1151 Cratin.

289 1170 387 1219 187,
420 1171 458 1208 2.
508 1167 665 1206 Philon.
697 1167 786 1206 Iud.
817 1167 859 1205 II
892 1169 947 1206 20
979 1168 1031 1205 Μ.
1069 1167 1227 1220 μεγίστη
1266 1166 1364 1220 ἀρχὴ
1402 1174 1555 1220 κακῶν,
1596 1167 1649 1217 ὥς
1686 1165 1770 1210 εἶπέ
1805 1184 1862 1219 τις

285 1226 359 1267 οὐκ
391 1225 471 1267 ἄπο
504 1232 670 1278 σκοποῦ,
702 1225 748 1266 τὰ
779 1227 867 1266 λίαν
899 1225 1036 1279 ἀγαθά
1068 1230 1171 1267 coni.
1202 1228 1356 1267 Nauck.
1388 1228 1593 1280 Melanges
1626 1234 1862 1281 greco-rom.

284 1287 322 1325 V
356 1289 454 1326 241.
476 1289 513 1326 2.
575 1291 795 1338 θεατρικῶς
832 1288 1011 1327 locutum
1056 1299 1141 1326 esse
1178 1288 1441 1327 Menandrum
1481 1289 1721 1329 Plutarchus
1765 1290 1863 1330 dicit

284 1350 451 1398 propter
482 1346 524 1386 τὸ
555 1347 784 1399 παράδοξον
817 1347 1049 1386 sententiae.

1039 1462 1124 1504 725

918 1544 1149 1601 μέμφομαί
1177 1557 1247 1588 σοι
1278 1543 1407 1589 τοῦθ’
1442 1548 1509 1590 ὅτι

500 1618 667 1675 χρηστά
699 1634 750 1674 με
782 1615 953 1672 λέγοντ’
992 1616 1073 1659 οὐκ
1105 1613 1154 1659 εὗ
1186 1620 1388 1673 ποιήσειν
1419 1620 1681 1676 προσδοκᾷς.

405 1707 634 1745 Priscianus
670 1707 737 1756 18,
771 1707 854 1744 239
896 1703 1018 1743 Attica·
1048 1701 1239 1755 μέμφεται
1271 1705 1336 1744 σοί
1362 1704 1428 1744 καὶ
1460 1703 1502 1745 σε’
1525 1738 1533 1746 .
1555 1737 1564 1746 .
1585 1738 1594 1747 .
1618 1704 1861 1759 Μένανδρος

284 1770 362 1806 κτλ.
439 1769 475 1805 2.
509 1760 552 1805 εὖ
584 1764 764 1816 ποιήσειν
790 1762 940 1814 BentL]
977 1777 1186 1800 mnomzmn
1208 1765 1334 1804 VRM.
1367 1764 1550 1818 ἐποίησεν
1571 1762 1655 1821 (O).
1705 1769 1860 1807 ceterae

285 1827 468 1866 codicum
499 1827 715 1866 varietates
748 1825 855 1876 apud
886 1824 1105 1863 Hertzium.

1037 1965 1121 2008 726

978 2050 1110 2104 ἔργον
1142 2048 1247 2103 ἐστί,
1284 2050 1443 2104 Φανία,

500 2121 672 2176 μακρὰν
705 2121 951 2175 συνήθειαν
983 2121 1142 2176 βραχεῖ
1169 2123 1300 2163 λῦσαι
1331 2123 1488 2178 χρόνῳ.

406 2219 600 2258 Stobaeus
619 2219 757 2257 Floril.
778 2220 847 2268 43,
870 2220 920 2257 31
968 2223 1038 2257 τοῦ
1071 2217 1195 2258 αὐτοῦ
1228 2215 1494 2271 (Μενάνδρου
1516 2215 1591 2271 30)
1611 2219 1660 2257 Α.
1710 2220 1858 2258 Anton.

285 2279 378 2317 Mel.
413 2280 495 2317 102
529 2293 567 2329 p.
603 2280 697 2317 168.
753 2278 914 2316 Maxim.
948 2277 1058 2316 Oonf.
1093 2279 1166 2328 62,
1202 2280 1283 2317 125
1322 2293 1358 2328 p.
1395 2280 1479 2317 674
1525 2277 1734 2318 Combefis.
1821 2281 1858 2318 1.

289 2338 422 2377 Φανία
462 2337 648 2377 Gataker.
692 2338 827 2376 Posth.
870 2338 924 2376 10
968 2351 1003 2386 p.
1038 2336 1142 2386 504]
1190 2337 1326 2375 Πανία
1369 2338 1452 2377 eod.
1498 2337 1607 2376 Stob.
1651 2335 1857 2389 ἀμήχανον

287 2396 442 2450 μακρὰν
474 2400 551 2436 κτλ.
614 2398 717 2436 Max.
751 2397 861 2436 Conf.
896 2399 936 2434 et
967 2397 1051 2436 cod.
1082 2397 1245 2435 Barocc.
1280 2399 1362 2436 143
1396 2398 1463 2436 fol.
1497 2399 1591 2436 138.
1656 2399 1692 2436 2.
1724 2397 1860 2449 βραχεῖ

288 2455 450 2508 Gatak]
472 2455 515 2496 ἐν
534 2457 679 2509 βραχεῖ.
730 2455 772 2495 ἐν
792 2454 917 2508 βραχὺ
938 2456 1022 2495 eod.
1042 2455 1132 2494 Bar.
1152 2478 1204 2482 —-
1230 2457 1272 2494 in
1292 2457 1402 2505 exitu
1422 2457 1505 2496 eod.
1526 2457 1617 2495 Bar.
1638 2458 1679 2495 et
1698 2456 1856 2495 Maxim.

287 2516 397 2556 Conf.
431 2517 585 2556 addunt:
622 2515 663 2555 τὸ
701 2515 775 2569 γὰρ
814 2514 989 2566 σύνηθες
1026 2513 1207 2565 οὐδαμοῦ
1243 2513 1467 2568 παροπτέον
1506 2513 1572 2570 (fr.
1606 2512 1693 2570 53).
1755 2529 1856 2567 quae

287 2576 319 2615 si
352 2577 540 2615 continuo
572 2589 663 2615 cum
695 2577 752 2615 eis
785 2588 886 2627 quae
918 2575 1174 2626 praecedunt.
1194 2575 1406 2615 coniuncta
1437 2577 1611 2629 fuerunt,
1643 2575 1775 2614 omnia
1807 2576 1856 2614 ad

251 2640 263 2652 ⁸
283 2633 551 2689 Ἀνδρόγυνον
582 2637 799 2687 pertinent.

1035 2751 1117 2793 727

572 2834 814 2890 λελουμένη
846 2835 930 2891 γὰρ
961 2832 1094 2891 ἡτέρα
1124 2832 1196 2876 καὶ
1229 2831 1444 2889 διαφανὲς

571 2907 837 2964 χιτωνοίριον
869 2907 1042 2962 ἔχουσα.
