2014 3334
217 195 305 239 296
375 234 380 238 .
599 250 603 254 s
856 198 1153 240 ΑΝΑΞΙΠΠΟΤ
1208 234 1214 238 .

704 393 748 440 Α
773 393 820 442 N
843 392 889 441 A
916 392 1007 447 ‘51
1030 394 1084 442 Π
1109 394 1161 442 Π
1188 394 1232 444 O
1258 396 1301 443 Σ

786 487 956 528 Memek.
982 489 1003 527 1
1029 490 1128 530 469.
1150 491 1218 532 70.

764 592 1239 628 ΕΓΚΑΛΤΠΤΟΜΕΝΟΣ

334 662 559 714 Anthippus
591 668 732 706 auctor
763 668 988 707 comoediae
1021 669 1167 708 dicitur
1198 670 1343 710 Athen.
1366 673 1405 721 9,
1426 673 1510 712 403
1524 685 1563 723 e,
1603 674 1672 713 sed
1703 687 1787 714 cor·
2011 659 2014 682 ⁴

218 726 407 763 rexerunt
445 738 621 765 errorem
651 726 808 766 librarii
839 727 1131 768 Valckenarius
1162 730 1301 780 Eurip.
1333 731 1452 782 Hipp.
1487 733 1571 773 265
1604 735 1645 773 et
1675 734 1787 774 Pier-

218 795 339 822 sonus
371 784 494 824 Moer.
528 787 594 825 74.

995 869 1018 910 1

432 950 600 1004 Σόφων
626 947 844 1005 Ἀκαρνὰν
874 949 949 993 καὶ
973 949 1140 1003 Ῥόδιος
1170 954 1428 1009 Δαμόξενος

433 1019 638 1075 ἐγένονθ’
676 1021 846 1065 ἑαυτῶν
879 1023 1167 1080 συμμαθηταὶ
1197 1031 1274 1080 τῆς
1304 1024 1474 1082 τέχνης·

434 1091 638 1135 ἐδίδασκε
671 1091 710 1136 δ’
749 1093 912 1145 αὐτοὺς
942 1096 1212 1152 Σικελιώτης
1244 1097 1490 1152 Λάβδακος.

435 1159 559 1206 οὗτοι
590 1165 643 1207 τὰ
674 1163 755 1220 μὲν
785 1167 950 1209 παλαιὰ
981 1165 1054 1209 καὶ
1085 1168 1375 1225 θρυλούμενα

394 1246 414 1277 5
435 1233 647 1292 ἀρτύματ’
684 1236 918 1292 ἐξήλειψαν
949 1238 997 1281 ἐκ
1026 1246 1116 1282 τῶν
1147 1242 1360 1295 βυβλίων,

434 1305 505 1349 καὶ
539 1307 621 1364 τῂν
651 1310 792 1351 θυΐαν
822 1309 1048 1365 ἠφάνισαν
1080 1309 1127 1353 ἐκ
1157 1317 1237 1354 τοῦ
1269 1311 1421 1367 μέσου,

435 1372 534 1420 οἷον
564 1378 677 1434 λέγω
707 1378 913 1436 κύμινον,
946 1380 1059 1437 ὄξος,
1093 1384 1289 1438 σίλφιον,

434 1451 586 1506 τυρόν,
618 1453 873 1507 κορίαννον,
907 1447 973 1503 οἷς
1004 1453 1027 1496 ὁ
1066 1455 1236 1509 Κρόνος
1267 1454 1512 1511 ἀρτύμασιν

436 1520 608 1577 ἐχρῆτο,
639 1521 766 1565 πάντ’
802 1523 989 1579 ἀφεῖλον
1020 1522 1139 1568 εἶναι’
1164 1524 1211 1568 θ’
1249 1523 1474 1581 ὑπέλαβον

372 1604 414 1635 10
434 1593 513 1635 τὸν
544 1600 636 1644 τοῖς
666 1595 886 1646 τοιούτοις
917 1597 1212 1652 παντοπώλην
1242 1598 1484 1653 χρώμενον.

437 1663 563 1707 αὐτοὶ
596 1663 636 1707 δ’
673 1666 823 1709 ἔλαιον
853 1666 926 1710 καὶ
959 1668 1131 1711 λοπάδα
1161 1671 1334 1724 καινήν,
1366 1670 1517 1727 πάτερ,

435 1741 524 1790 πῦρ
556 1734 592 1778 τ’
632 1736 710 1788 ὀξὺ
741 1736 816 1780 καὶ
847 1739 905 1794 μὴ
938 1739 1147 1791 πολλάκις
1178 1741 1449 1796 φυσώμενον

436 1805 654 1850 ἐπόθουν·
687 1808 772 1852 ἀπὸ
803 1810 966 1853 τούτου
997 1817 1086 1853 πᾶν
1117 1812 1166 1853 τὸ
1199 1812 1382 1854 δεῖπνον
1414 1813 1631 1870 εὐτρεπές.

436 1875 565 1922 οὗτοί
591 1895 636 1922 τε
668 1888 834 1937 πρῶτοι
868 1882 1038 1938 δάκρυα
1068 1881 1141 1925 καὶ
1172 1884 1373 1941 πταρμὸν
1404 1886 1547 1928 πολὺν

375 1961 417 1992 15
439 1949 522 1993 ἀπὸ
555 1957 631 2006 τῆς
661 1952 874 2008 τραπέζης
904 1952 976 1996 καὶ
1009 1956 1165 1997 σίαλον
1197 1954 1442 2010 ἀπήγαγον,

435 2028 525 2063 τῶν
556 2020 592 2063 τ’
631 2022 878 2067 ἐσθιόντων
911 2025 1196 2081 ἀνεκάθηραν
1227 2028 1332 2077 τοὺς
1361 2028 1539 2083 πόρους.

438 2092 460 2135 ὁ
494 2091 574 2148 μὲν
607 2091 690 2137 οὖν
714 2093 882 2146 Ῥόδιος
913 2097 1028 2139 πιών
1060 2095 1143 2139 τιν’
1180 2098 1324 2152 ἅλμην
1356 2098 1596 2142 ἀπέθανεν·

436 2165 553 2220 παρὰ
584 2166 666 2220 τὴν
698 2168 838 2222 φύσιν
868 2168 953 2223 γὰρ
981 2169 1034 2210 τὸ
1065 2169 1203 2211 ποτὸν
1234 2162 1315 2223 ἦν·
1339 2168 1440 2224 μάλ’
1477 2172 1663 2222 εἰκότως.

438 2236 461 2278 ὁ
494 2238 664 2292 Σόφων
697 2236 745 2280 δὲ
776 2244 923 2281 πᾶσαν
953 2240 1036 2294 τὴν
1057 2238 1231 2282 Ἰωνίαν
1263 2242 1365 2296 ἔχει,

374 2318 418 2348 20
440 2306 541 2362 ἐμὸς
571 2311 823 2365 γενόμενος,
857 2307 890 2352 ὦ
922 2311 1072 2367 πάτερ,
1106 2312 1382 2363 διδάσκαλος.

437 2378 597 2429 καύτὸς
629 2383 863 2436 φιλοσοφῶ
895 2384 1151 2424 καταλιπεῖν
1183 2383 1502 2439 συγγράμματα

439 2451 645 2493 σπεύδων
676 2451 869 2507 ἐμαυτοῦ
899 2453 1030 2495 καινὰ
1060 2459 1136 2508 τῆς
1166 2453 1330 2510 τέχνης.
1393 2457 1442 2511 Β.
1473 2463 1627 2510 παπαῖ,

439 2519 513 2577 ἐμὲ
543 2525 818 2578 κατακόψεις,
851 2523 933 2580 οὐχ
964 2523 988 2567 ὃ
1019 2525 1152 2567 θύειν
1182 2524 1409 2581 μέλλομεν.

439 2598 491 2636 Α.
524 2595 602 2636 τὸν
634 2596 805 2651 ὄρθρον
837 2595 885 2638 ἐν
915 2602 1010 2646 ταῖς
1041 2598 1169 2653 χερσί
1194 2593 1239 2652 μ’
1274 2598 1374 2648 ὄψει
1406 2600 1567 2653 βυβλία

375 2676 419 2707 25
440 2667 596 2720 ἔχοντα
627 2665 700 2709 καὶ
733 2669 944 2722 ζητοῦντα
975 2668 1027 2709 τὰ
1058 2668 1167 2710 κατὰ
1197 2670 1277 2722 τὴν
1307 2668 1478 2725 τέχνην..

440 2735 574 2780 οὐδὲν
604 2739 844 2790 Διοδώρου
877 2738 1073 2795 διαφέρω
1105 2739 1383 2783 τάσπενδίου.

439 2810 583 2863 γεύσω
618 2807 677 2864 δ’,
710 2809 787 2852 ἐὰν
818 2811 973 2867 βούλῃ,
1005 2807 1054 2853 σὲ
1084 2818 1174 2853 τῶν
1205 2811 1472 2867 εὑρημένων.

443 2879 496 2921 οὐ
526 2880 663 2923 ταύτὰ
694 2882 903 2937 προσάγω
934 2887 1069 2924 πᾶσιν
1100 2882 1185 2924 ἀεί·
1217 2883 1426 2939 βρώματα
