2014 3334
710 245 916 280 ΑΔΗΛΩΝ
942 246 1203 280 ΔΡΑΜΑΤῼΝ
1662 244 1750 287 239

162 355 206 397 τὸ
231 361 373 410 σχῆμα.
424 355 686 410 Μένανδρος·
719 352 832 398 οἶσθ’
860 355 882 397 ὃ
901 357 1084 410 ποίησον.
1147 359 1195 398 ef.
1216 358 1340 398 etiam
1361 357 1472 398 Suid.
1501 362 1669 408 ψεῦσον.
1693 380 1747 385 —

162 411 295 469 οἶσθ’]
329 411 418 468 ,οἶδ’
464 430 675 470 perperam
721 418 860 468 Eurip.
899 418 982 458 cod.
1015 418 1034 457 I
1067 418 1202 458 Dindf.
1247 420 1288 458 et
1330 418 1484 458 Monac.
1518 420 1602 458 499
1645 420 1748 458 Ann-

161 477 356 518 Fleckeis.
392 478 520 531 1881,
552 479 651 519 309.

912 559 939 601 9
946 560 966 601 1
975 560 998 601 7

447 636 635 689 καπρᾷς,
667 631 954 686 κακόδαιμον.

283 718 567 759 Arbemidorus
587 717 699 759 Onir.
720 720 759 767 2,
782 719 835 757 12
869 717 974 757 οὕτω
999 712 1184 771 (κάπροι)
1209 715 1389 771 λέγονται
1420 717 1466 757 αἱ
1492 722 1747 771 κατωφερεῖς,

163 776 231 818 καὶ
260 777 303 818 τὸ
333 781 412 818 κτλ.
474 776 718 830 Μένανδρός
749 788 860 829 φησι.
912 778 1029 817 Phot.
1054 783 1306 830 καπρῶντας·
1339 775 1559 831 ὁρμητικῶς
1590 777 1749 831 ἔχοντας

162 836 262 891 πρὸς
292 839 524 879 συνουσίαν.
574 839 623 879 cf.
654 838 780 878 Arist.
814 838 922 877 Plut.
957 840 1085 878 1024.

915 955 1002 998 918

454 1025 596 1071 οὐθὲν
627 1026 749 1084 μέλει
781 1038 865 1070 σοι.

283 1115 514 1168 Etymolog.
552 1130 605 1155 m.
646 1117 752 1166 640,
793 1116 845 1154 13
900 1112 921 1153 ὅ
961 1129 1001 1153 τε
1046 1113 1266 1166 σύνδεσμος
1310 1112 1472 1154 ἀπαιτεῖ
1507 1112 1575 1154 καὶ
1618 1112 1750 1169 ἕτερον

168 1173 406 1227 σύνδεσμον,
439 1173 529 1215 οὔτε
560 1180 691 1226 τοῦτο,
723 1172 812 1215 οὔτε
844 1179 972 1214 τοῦτο.
1023 1173 1122 1214 ὅθεν
1153 1174 1409 1226 σεσημείωται
1433 1173 1475 1214 τὸ
1507 1173 1615 1227 παρὰ
1635 1177 1751 1215 Μεν-

166 1234 301 1292 άνδρῳ
325 1238 418 1286 κτλ.,
450 1234 508 1274 ὅτι
528 1234 602 1275 οὐκ
633 1234 709 1288 ἔχει
728 1232 860 1288 ἑτέρου
887 1231 1112 1286 συνδέσμου
1138 1233 1347 1288 ἐπιφοράν.
1398 1235 1609 1274 Menandri
1628 1237 1753 1276 verba

165 1308 245 1334 non
276 1298 384 1334 recte
415 1295 606 1336 videntur
635 1295 790 1335 tradita
821 1308 919 1335 esse.

916 1412 1002 1456 919

454 1483 607 1543 ᾤδουν
637 1483 674 1527 τ’
712 1485 761 1528 ἐν
793 1484 979 1543 ἐμαυτῷ.

286 1571 542 1612 Herodianus
575 1573 796 1612 Hermanni
828 1587 866 1623 p.
899 1574 984 1612 317
1019 1574 1060 1611 et
1082 1571 1258 1611 Cramer.
1290 1571 1440 1611 Aneed.
1472 1570 1543 1611 Ox.
1563 1571 1626 1610 III
1653 1573 1752 1623 260,

172 1633 225 1671 15
259 1629 280 1671 ὁ
313 1630 557 1686 Μένανδρος
588 1631 667 1672 ἀπὸ
698 1637 769 1672 τοῦ
802 1631 898 1672 οἰδῶ
925 1631 993 1672 τὸν
1023 1630 1290 1684 παρατατικὸν
1315 1629 1525 1684 μετέβαλεν
1557 1630 1612 1679 εἰς
1636 1630 1679 1670 τὸ
1705 1646 1751 1682 ω,

169 1690 293 1733 εἰπών
323 1695 402 1732 κτλ.
433 1688 466 1731 τ’
501 1706 579 1733 om.
613 1692 745 1732 Gram.
813 1693 986 1744 Hesych.
1032 1689 1209 1748 ᾤδουν·
1253 1689 1494 1745 ὠργιζόμην,
1538 1690 1581 1730 ἐν
1625 1689 1752 1748 ἑαυτῷ

167 1749 436 1804 ἠγανάκτουν,
473 1750 500 1805 ἢ
531 1751 697 1810 ἐμαυτῷ.
759 1749 947 1792 ‘fortasse
980 1749 1138 1809 ᾤδουν
1170 1744 1238 1791 ἐπ’
1274 1750 1463 1808 ἐμαυτῷ
1494 1752 1559 1792 vel
1591 1747 1752 1808 ᾤδουν

169 1809 188 1850 ἒ
195 1827 223 1863 μ
233 1814 377 1868 αυτῷ,
407 1815 491 1862 ipse
519 1814 616 1853 mihi
645 1809 872 1853 irascebar?
916 1813 1034 1851 Mein.

396 1981 405 1987 .
466 1952 469 1955 s
919 1929 1007 1972 920

389 1988 397 1993 ”
457 1988 570 2045 ἁγνὴ
602 1989 687 2046 γάρ
720 1990 820 2046 εἰμι.

291 2075 422 2116 Schol.
443 2077 584 2127 Eurip.
603 2076 725 2128 Hipp.
749 2078 832 2117 138
854 2073 995 2129 ἁγνόν·
1021 2072 1202 2115 ἄθικτον.
1227 2077 1306 2114 κτλ.
1339 2072 1582 2127 Μένανδρος
1601 2075 1661 2115 Fl.
1685 2077 1752 2116 15.

459 2235 506 2296 ὦ
527 2253 678 2309 Λάχης
709 2253 861 2309 Λάχης
921 2193 1006 2236 921

292 2339 532 2390 Apollonius
564 2340 622 2379 De
655 2342 761 2392 synt.
789 2343 827 2391 1,
864 2343 915 2380 17
948 2354 987 2391 p.
1019 2341 1089 2392 46,
1124 2342 1176 2380 12
1210 2340 1336 2380 Bekk.
1368 2338 1411 2378 τὸ
1442 2338 1550 2391 παρὰ
1583 2338 1750 2378 Μενάν-

174 2399 255 2455 δρῳ
285 2401 364 2438 κτλ.
425 2400 475 2439 ef.
506 2400 555 2439 fr.
588 2401 685 2440 223.

921 2480 1010 2523 922

460 2540 706 2595 κεφάλαιόν
739 2539 831 2582 ἐστι

294 2625 569 2673 Quintilianus
601 2628 640 2678 3,
675 2629 742 2678 11,
777 2629 830 2667 27
870 2630 986 2677 caput
1021 2628 1080 2666 rei
1118 2630 1192 2674 esu·
1231 2628 1339 2676 apud
1374 2627 1644 2666 Mmzamlmm
1675 2629 1753 2665 κτλ.

175 2699 196 2724 e
229 2686 407 2725 iudiciali
439 2686 619 2726 oratione
650 2687 749 2726 haec
780 2687 909 2738 pebita
939 2699 1024 2726 esse
1056 2689 1192 2726 censet
1222 2686 1430 2738 Spalding.

922 2803 1010 2846 923

356 2874 489 2931 ἔργον
521 2872 642 2917 ἐστὶν
673 2874 735 2925 εἰς
765 2876 993 2931 τρίκλινον
1024 2875 1283 2929 συγγενείας
1314 2874 1548 2929 εἰσπεσεῖν,

357 2942 412 2988 οὗ
444 2947 595 3001 λαβὼν
625 2946 707 3001 τὴν
737 2947 894 2990 κύλικα
927 2954 1100 3003 πρῶτος
1131 2947 1309 3003 ἄρχεται
1341 2948 1479 3002 λόγου
1510 2948 1652 3004 πατὴρ
