2014 3334
696 776 1336 863 ΜΕΝΑΝΔΡΟΣ

467 914 639 954 Meinek.
671 913 884 977 Menandri
916 915 957 953 et
987 913 1156 954 Philem.
1187 913 1302 965 reliq.
1334 913 1473 952 XXIII
1486 926 1543 965 sq.

333 997 393 1038 De
425 997 565 1038 metris
585 997 797 1039 Menandri
817 997 969 1037 Marius
997 997 1230 1038 Victorinus
1254 997 1344 1036 Art.
1376 1010 1545 1048 gramm.
1578 1011 1613 1048 p.
1636 1000 1705 1050 57,
1740 1001 1793 1038 14

211 1057 313 1098 Keil.
375 1058 597 1098 Menander
627 1059 671 1097 im
701 1058 904 1098 comoediis
933 1059 1153 1107 frequenter
1184 1070 1210 1097 a
1241 1059 1473 1097 continuatis
1503 1060 1680 1098 iambicis
1710 1071 1796 1098 ver-

212 1119 320 1158 sibus
345 1119 399 1158 ad
423 1119 634 1158 trochaicos
659 1120 801 1157 transit
833 1121 866 1156 et
896 1130 1057 1157 rarsam
1082 1119 1135 1157 ad
1164 1119 1350 1157 iambicos
1374 1119 1484 1157 redit.
1516 1117 1624 1156 idem
1654 1133 1691 1169 p.
1727 1120 1794 1170 78,

212 1179 270 1218 20
308 1172 399 1231 (cf.;
415 1177 606 1219 Firmian.
645 1191 706 1228 ap.
746 1177 878 1216 Rufin.
953 1177 1013 1216 De
1056 1179 1173 1216 metr.
1217 1189 1316 1216 com.
1354 1191 1392 1227 p.
1432 1179 1540 1228 564,
1586 1173 1631 1231 7)
1677 1191 1796 1227 quan-

212 1240 295 1278 tam
320 1239 374 1278 ad
397 1241 562 1278 metram
587 1240 773 1277 comicwm
797 1240 952 1287 spectat,
984 1239 1062 1277 scio
1082 1267 1092 1277 .
1112 1267 1122 1277 .
1156 1238 1413 1276 Terentianas
1443 1238 1602 1286 fabulas
1631 1242 1796 1277 metrum

215 1309 264 1339 ac
294 1298 543 1350 disciplinam
575 1294 830 1347 yraecaruffl
850 1298 1136 1337 comoediarum
1165 1309 1243 1336 non
1281 1298 1505 1342 custodisse,
1541 1298 1585 1336 id
1616 1301 1671 1338 est
1700 1310 1798 1346 qaas

131 1370 140 1383 1
213 1358 448 1412 Menander,
466 1351 891 1407 Philemon.)Diphilms⁴
912 1361 948 1396 et
971 1359 1083 1397 ceteri
1109 1358 1319 1397 ediderimt.
1362 1359 1486 1397 nostri
1518 1359 1619 1396 enim
1648 1359 1693 1397 in
1715 1370 1795 1397 mo-

212 1418 400 1459 dulamdis
434 1419 568 1458 ‘mebris
599 1448 608 1457 .
635 1447 644 1456 .
675 1419 813 1457 veteris
848 1418 1063 1457 comoediae
1097 1419 1305 1467 scriptores
1340 1419 1448 1465 sequi
1484 1418 1723 1462 maluerunt,
1755 1419 1796 1457 id

210 1481 265 1518 est
294 1478 482 1527 Eupolim,
515 1476 736 1523 Gratimam,
767 1476 1082 1527 Aristophanem.

298 1630 307 1641 ‚
873 1592 1123 1627 ἉΓΡΟῙΚΟΣ
1148 1588 1151 1593 ’

324 1646 390 1708 Cf.
414 1665 727 1721 ‘Ynossohfwci‘og
757 1665 784 1720 ἢ
805 1665 1027 1721 ’Ἀγροικος.

891 1785 1112 1818 ΑΔΕΛΦΟΙ

325 1855 515 1910 Ἀδελφοί
548 1861 713 1899 fuerunt
750 1861 872 1899 etiam
905 1860 1106 1910 Alexidis,
1137 1860 1401 1910 Philemonis,
1427 1861 1600 1911 Diphili,
1627 1861 1789 1910 Apollo-

212 1919 312 1970 dori,
332 1919 565 1972 Hegesippi,
591 1920 833 1971 Euphronis.
869 1920 1156 1959 Menandream
1187 1920 1312 1959 latine
1345 1921 1542 1971 expressit
1564 1920 1794 1959 Terentius:

211 1978 431 2018 didascalia
467 1975 623 2029 ‘graeca
653 1976 912 2020 Menandra'.
950 1981 1000 2020 cf.
1031 1983 1167 2019 tamen
1200 1993 1302 2032 quae
1334 1980 1386 2020 ad
1417 1980 1573 2031 Diphili
1603 1982 1795 2019 Συναπο-

209 2032 464 2095 θνῄσκοντας
495 2039 744 2087 adnotantur
775 2042 816 2079 et
847 2039 1034 2079 Grauert.
1066 2039 1184 2080 Anal.
1217 2040 1310 2079 hist.
1343 2042 1384 2078 et
1414 2040 1512 2090 phil.
1547 2042 1689 2080 116-
1696 2041 1794 2079 207.

212 2097 323 2138 Suet.
351 2098 435 2138 Vit.
461 2099 622 2138 Terent.
649 2098 915 2149 Adelphorwm
940 2094 1160 2154 (Terentii)
1182 2101 1428 2149 principiwm
1466 2100 1594 2139 Varro
1618 2101 1797 2149 praefert

204 2159 405 2208 principio
435 2159 662 2199 Menandri.
725 2172 988 2210 personarum
1024 2160 1188 2199 nomina
1224 2161 1383 2199 mutata
1421 2172 1507 2199 esse
1539 2159 1796 2210 cognoscitur

211 2230 260 2257 ex
288 2217 340 2259 fr.
373 2219 422 2270 6,
451 2218 494 2258 id
526 2219 560 2259 si
595 2221 730 2259 totum
760 2219 1038 2270 Adelphorum
1076 2221 1150 2259 est.
1212 2233 1337 2259 unum
1368 2220 1519 2268 locum,
1557 2219 1627 2258 ubi
1662 2218 1795 2258 lenoni

191 2277 463 2317 .meretricem
501 2278 648 2330 eripiat
684 2280 939 2331 adulescens,
983 2292 1004 2318 e
1037 2279 1201 2330 Diphilo
1238 2280 1415 2330 petitum
1457 2291 1544 2319 esse
1583 2279 1795 2318 Terentius

209 2337 296 2389 ipse
333 2338 487 2388 indicat
522 2339 625 2389 prol.
658 2340 777 2390 8.sq.,
816 2353 895 2391 quo
932 2339 1079 2379 indicio
1117 2340 1247 2378 fretus
1285 2339 1384 2378 Ihne
1422 2334 1605 2392 (Quaest.
1636 2338 1794 2377 Terent.

211 2397 336 2437 Bonn.
372 2399 486 2438 1843
519 2411 557 2448 p.
579 2393 655 2451 27)
690 2401 729 2449 2,
763 2401 800 2446 1,
835 2400 990 2439 1—42
1030 2399 1203 2449 Diphili,
1240 2401 1375 2438 cetera
1413 2399 1546 2438 omnia
1583 2397 1795 2437 Menandri

212 2469 298 2496 esse
325 2460 470 2496 censet.
514 2458 622 2497 idem
649 2454 707 2511 (p.
730 2454 806 2512 32)
827 2458 1051 2498 Varronem
1075 2459 1319 2510 principium
1341 2459 1607 2497 Terentianae
1633 2458 1795 2496 fabulae

210 2516 408 2568 principio
428 2517 693 2557 Menandreae
725 2518 815 2558 ideo
846 2519 1089 2570 praetulisse
1122 2518 1360 2569 suspicatur,
1392 2518 1500 2569 quod
1530 2517 1663 2567 raptio
1688 2517 1794 2567 psal-

210 2576 314 2616 triae
348 2577 456 2628 apud
487 2590 678 2628 graecum
707 2580 871 2629 poetam
903 2581 1071 2618 narrata
1104 2578 1385 2617 tantummodo
1420 2577 1545 2616 fuerit
1576 2590 1601 2615 a
1632 2576 1794 2616 Demea.

987 2683 1010 2725 1

529 2759 564 2808 ὦ
595 2765 814 2822 μακάριόν
844 2779 914 2822 με·
945 2772 1136 2821 γυναῖκα
1169 2764 1224 2807 οὐ
1256 2763 1478 2819 λαμβάνω.

336 2850 549 2891 Terentius
570 2851 691 2892 Andr.
710 2854 746 2904 1,
770 2855 805 2901 1,
830 2853 883 2892 18
911 2855 946 2892 et
969 2853 1072 2902 qaod
1094 2852 1339 2901 fortunatam
1368 2851 1438 2889 isti
1450 2853 1608 2899 putant,
1634 2849 1794 2888 umorem

213 2921 428 2960 numquam
457 2911 589 2951 habui.
638 2911 821 2952 Donatus
853 2913 946 2952 dicit
977 2914 1105 2951 antem
1130 2911 1322 2950 Romanis
1345 2911 1403 2949 ita
1426 2910 1562 2954 videri,
1593 2920 1689 2958 quos
1713 2920 1792 2957 spe-

1460 2974 1509 3010 1*
