2014 3334
720 253 1067 288 suPPLEMEN'rA
1090 253 1199 289 von.
1226 254 1244 287 1
1677 251 1759 295 721

309 367 405 407 169.
442 365 680 405 Παυσανίου
718 363 797 404 καὶ
835 364 1110 418 Εὐριπίδου
1148 371 1219 406 τοῦ
1259 371 1445 419 τραγικοῦ
1481 366 1615 407 nescio
1653 367 1762 418 quis:

189 437 335 466 nomen
365 425 470 466 enim
501 425 543 464 in
573 426 869 465 commentariis
902 426 1000 465 meis
1033 426 1177 465 addere
1210 426 1360 466 oblitus
1392 439 1492 466 sum.

309 486 405 526 188.
443 497 535 524 cum
572 498 692 525 onere
733 498 813 525 una
850 486 971 525 etiam
1004 482 1024 524 ὅ
1056 484 1192 538 τροχός
1228 486 1408 536 tollitur3
1447 487 1585 538 itaque
1622 487 1761 527 rectis-

190 544 290 585 sime
315 545 464 585 dicitur
488 543 584 596 ἱμᾶν
608 547 674 585 vel
699 543 847 597 ἀνιμᾶν
872 543 940 585 τὸν
965 544 1116 597 τροχόν.
1165 545 1334 585 ridicule
1359 546 1523 585 iubetur
1547 543 1569 586 ὁ
1588 561 1762 599 μηχανο-

187 603 302 652 ποιός
333 617 424 645 011111
464 618 584 656 quem
623 618 782 645 sursum
820 605 931 645 tollit
967 605 1138 655 periculi
1175 606 1532 655 commonefacere,
1575 606 1617 646 in
1656 607 1762 658 quod

185 664 303 704 illum
333 664 514 705 inmittit.
576 678 719 705 moneo
751 669 891 705 contra
920 665 1236 705 Herwerdenum
1269 667 1413 706 Mnem.
1439 658 1477 705 ri.
1507 666 1630 705 XIIII
1665 669 1762 707 169.

307 726 406 776 217,
440 727 461 763 1
496 738 539 778 γε
570 738 643 776 pro
675 739 714 764 τε
744 725 892 764 Naber.

305 785 403 825 218.
436 782 591 838 ἔγχελυς
623 785 746 824 etiam
776 785 962 824 Ambros.
995 785 1117 824 schol.
1149 785 1351 825 Theocrit.
1384 785 1543 838 Ziegler
1573 800 1611 837 p.
1645 788 1713 826 73.

307 845 405 893 220,
439 846 463 883 2
498 857 571 884 scr.
603 842 791 895 ἀνήλουν.
842 844 1045 884 Herwerd.
1076 845 1220 884 Mnem.
1253 858 1291 883 n.
1317 844 1438 884 XIIII
1474 847 1568 886 169.
1604 848 1671 886 70.

307 905 405 944 223.
437 904 609 943 ridicula
638 917 803 955 prorsus
835 904 1065 944 coniectura
1096 905 1169 944 hoc
1201 905 1473 956 fragmentum
1500 905 1761 957 deturpatum

185 966 250 1003 est
270 963 322 1002 in
354 963 468 1003 stud.
499 963 672 1004 Vindob.
704 963 805 1003 VIII
838 965 935 1004 259.

305 1025 402 1063 257.
435 1024 484 1063 cf.
515 1023 638 1063 Diels.
665 1024 839 1074 Doxogr.
868 1026 951 1064 197
978 1026 1061 1064 not.
1111 1023 1240 1063 Pr.ocl
1267 1023 1487 1064 Comment.
1518 1026 1621 1065 Plat.
1647 1027 1760 1078 Reip.

186 1077 355 1138 (Anecd.
374 1096 458 1124 var.
478 1082 648 1123 Schoell.
670 1086 712 1123 et
731 1078 1761 1140 81ηᾱεωηηᾶ.11)29,14.120,19(Πετόσειρις).

305 1140 390 1191 Δὶς
415 1142 636 1197 ναυαγός.
682 1143 868 1183 similiter
892 1157 964 1194 per
988 1143 1295 1183 translationem
1314 1147 1506 1197 ναυαγεῖν
1525 1146 1671 1186 Ε1111111.
1694 1148 1759 1186 76.

305 1204 403 1243 267.
441 1203 634 1254 exemplis
670 1203 761 1255 add.
800 1203 920 1254 Soph.
959 1202 1080 1243 0001.
1109 1205 1223 1243 1214
1262 1203 1507 1244 σκαιοσύναν
1544 1205 1762 1256 φυλάσσων

189 1259 233 1302 ἐν
263 1259 350 1314 ἐμοὶ
379 1261 600 1314 κατάδηλος
631 1258 748 1302 ἔσται.

305 1324 403 1362 292.
435 1323 715 1374 compendium
745 1323 969 1373 scripturae
995 1323 1147 1362 Dilesio
1173 1325 1336 1363 auctore
1362 1323 1465 1362 nihil
1490 1324 1600 1363 aliud
1626 1328 1762 1376 potest

183 1381 411 1434 significare
443 1396 564 1434 quam
595 1381 711 1422 πόλιν
737 1378 978 1434 Ἀθηναίων.
1030 1383 1245 1422 concidunt
1282 1383 1413 1435 igitur
1443 1396 1546 1435 quae
1578 1385 1629 1424 ad
1659 1386 1760 1425 illud

183 1441 456 1492 fragmentum
489 1443 771 1494 explicandum
801 1443 932 1482 attuli.

299 1501 360 1541 De
398 1503 551 1554 duplici
587 1503 688 1542 Pace
719 1503 767 1541 cf.
799 1502 1048 1554 Braeuning,
1087 1502 1228 1554 Progr.
1269 1516 1405 1554 gymn.
1436 1504 1528 1543 urb.
1558 1503 1759 1556 Halensis,

185 1573 306 1612 quam
337 1562 715 1602 commentationem
746 1562 832 1612 ipse
862 1575 942 1602 non
975 1562 1066 1613 legi.

302 1622 401 1672 294,
429 1623 450 1660 1
486 1634 561 1663 scr.
593 1626 677 1674 τῆς
706 1627 840 1661 πᾶσιν.

302 1682 400 1721 302.
438 1681 539 1721 Ρο11.
574 1684 617 1731 7,
651 1683 707 1721 20
740 1677 840 1733 (ind.
879 1676 1073 1734 Blaydes)
1111 1680 1154 1721 τὸ
1191 1685 1273 1729 τοῖς
1317 1679 1484 1729 οἰκέταις
1520 1686 1602 1730 τοῖς
1640 1681 1759 1724 ἔνδον

182 1738 455 1813 ἐργαζομένοις
486 1738 585 1793 ὑπὲρ
616 1746 687 1781 τοῦ
712 1738 766 1792 μκὴ
792 1740 954 1780 κάπτειν
979 1746 1057 1780 τῶν
1085 1739 1263 1792 ἀλφίτων
1286 1740 1589 1793 περιτιθέμενον
1613 1755 1758 1783 παυσι·

183 1798 290 1851 κάπη
329 1797 579 1853 ὀνομάζεται,
613 1798 830 1853 τροχοειδὲς
861 1800 1074 1853 μηχάνημα
1104 1802 1158 1857 τῷ
1189 1800 1365 1855 τραχήλῳ
1396 1801 1759 1875 περιαρμοζόμενον

183 1856 237 1907 ὣς
267 1857 480 1900 ἀδυνατεῖν
510 1862 563 1917 τῷ
597 1859 755 1912 στόματι
785 1859 854 1908 τὰς
884 1864 1014 1912 χεῖρας
1044 1864 1323 1914 προσαγαγεῖν.

303 1921 400 1960 316.
433 1920 552 1960 scrib.
584 1920 813 1993 χερνιβεῖον.
866 1920 1073 1960 Riemann.
1099 1921 1236 1961 Revue
1262 1921 1310 1960 de
1335 1921 1473 1971 philol.
1501 1921 1622 1960 VIIII
1648 1924 1715 1962 67.

302 1981 406 2029 318,
440 1982 477 2020 7.
515 1976 603 2020 οὐδ’
639 1977 830 2033 ἐγχέλειον
867 1977 961 2020 οὐδὲ
998 1979 1193 2032 κάραβος;
1233 1980 1418 2032 Blaydes.
1455 1984 1543 2020 tum
1580 1978 1664 2035 μέγ’
1707 1980 1758 2022 ἂν

182 2038 464 2080 Wilamowitz.
498 2053 560 2091 ap.
591 2039 748 2079 Kaibel.

302 2100 400 2139 320.
431 2098 566 2139 Plaut.
585 2099 724 2139 Aulul.
746 2101 784 2149 3,
806 2100 843 2148 5,
865 2100 1038 2139 34—47
1061 2100 1215 2139 confert
1233 2099 1421 2151 Blaydes.
1442 2099 1548 2139 idem
1568 2101 1620 2140 ad
1642 2115 1679 2141 v.
1703 2103 1757 2141 10

181 2158 314 2198 adfert
332 2158 455 2199 Naev.
474 2159 646 2211 Lycurg.
668 2156 790 2207 (Non.
810 2155 1019 2212 crocotula)
1038 2161 1173 2208 pallis,
1195 2162 1384 2210 patayiis,
1411 2162 1581 2205 crocotis,
1607 2163 1702 2201 mal
1709 2175 1756 2201 a-

180 2220 286 2263 ciis‚
316 2219 534 2260 monilibus.
579 2232 625 2259 ac
650 2219 806 2259 Nonius
838 2219 922 2270 ipse
948 2220 1223 2258 molochium
1248 2232 1275 2258 a
1296 2231 1436 2269 yraeco
1461 2220 1564 2259 color
1589 2224 1643 2260 est
1666 2222 1758 2269 flori

180 2279 320 2318 similis
357 2280 519 2319 malvae.
588 2279 757 2318 Plautus
794 2281 836 2318 in
877 2279 1093 2318 Aulularia
1133 2281 1335 2327 infectores
1373 2279 1577 2318 molochini
1618 2282 1758 2320 coloris

180 2338 475 2378 molochinarios
505 2340 725 2388 adpellavz't.
751 2361 800 2366 —
825 2351 871 2377 ex
897 2338 955 2377 eis
982 2351 1083 2389 quae
1109 2338 1217 2389 apud
1243 2337 1489 2378 Clementem
1514 2351 1678 2379 versum
1700 2342 1754 2380 14

181 2393 420 2451 (ἑλικτῆρας)
462 2400 686 2449 sequuntur
725 2398 869 2438 leviter
908 2398 1119 2437 inmutatis
1159 2398 1400 2449 Blaydesius
1439 2398 1512 2438 hos
1550 2399 1756 2439 trimetros

180 2457 353 2496 effinxit:
385 2455 459 2510 ἐγὼ
491 2455 563 2509 μὲν
594 2456 742 2510 ἔκαμον
772 2455 974 2509 κᾶχθομαι
1004 2462 1083 2496 τῶν
1117 2457 1292 2508 κοσμίων
1320 2454 1326 2510 Ι
1354 2455 1478 2510 λέγων
1508 2456 1551 2496 τὸ
1584 2461 1756 2511 πλῆθος,

179 2515 388 2567 θαυμάσαι
417 2514 449 2556 τ’
485 2515 636 2569 ἐπῆλθέ
667 2532 734 2569 μοι
766 2513 911 2571 (ἔπεισί
934 2532 1002 2568 μοι
1032 2514 1187 2569 010111.),
1216 2513 1222 2570 Ι
1249 2523 1334 2564 πῶς
1364 2516 1439 2556 οὐκ
1470 2515 1756 2558 ἀποκναίονται

179 2575 302 2628 βάρος
337 2575 543 2617 τοσουτονὶ
570 2576 576 2624 Ι
602 2576 762 2628 κόσμων
800 2581 999 2629 φοροῦσαι
1036 2574 1198 2628 (ἀποκν.
1233 2581 1422 2617 τοσοῦτον
1453 2574 1580 2629 ἄχθος
1610 2578 1755 2630 βαστά-

181 2636 318 2683 ζουσαι
355 2631 509 2690 Clem.).
572 2638 642 2677 sed
677 2650 807 2689 neque
843 2635 886 2676 τὸ
923 2635 1089 2687 κοσμίου
1126 2639 1189 2676 est
1225 2637 1486 2686 comicorum,
1526 2650 1655 2688 neque
1692 2652 1755 2678 το-

182 2694 345 2735 σουτονί
371 2698 479 2735 recte
511 2696 671 2736 dicitur.
705 2718 756 2725 —-
791 2697 833 2735 in
863 2695 1121 2736 adnotatione
1153 2709 1243 2736 mea
1274 2698 1453 2736 extrema
1484 2708 1557 2735 scr.
1588 2695 1755 2750 εὐχερῶς

182 2767 255 2805 pro
288 2753 468 2803 εὐπετῶς.

303 2815 401 2854 322.
432 2815 630 2866 quomodo
667 2815 707 2854 in
745 2814 972 2868 πυλαγόρας
1008 2814 1176 2865 produci
1219 2815 1348 2866 possit
1387 2815 1544 2866 syllaba
1582 2817 1756 2857 secunda

182 2874 268 2913 iure
305 2874 478 2914 miratur
508 2873 748 2926 Blaydesius
781 2870 841 2929 (p.
872 2876 957 2915 425
992 2870 1124 2928 extr..)
1171 2875 1309 2926 itaque
1342 2875 1485 2914 scribit
1514 2874 1607 2922 τούς
1637 2890 1682 2915 τε
1712 2890 1753 2915 π.

184 2927 242 2986 (1)·
271 2930 387 2986 179)-

254 3005 370 3032 Comici
388 3013 462 3039 gno
464 3006 503 3041 oi,
521 3007 568 3034 ed.
588 3007 643 3034 Th.
662 3007 760 3034 Kock.
779 3007 837 3034 111.
1422 3003 1468 3035 46
