<?xml version="1.0" encoding="UTF-8"?>
<!DOCTYPE html PUBLIC "-//W3C//DTD XHTML 1.0 Transitional//EN"
    "http://www.w3.org/TR/xhtml1/DTD/xhtml1-transitional.dtd">
<html xmlns="http://www.w3.org/1999/xhtml" xml:lang="en" lang="en">
 <head>
  <title>
</title>
<meta http-equiv="Content-Type" content="text/html;charset=utf-8" />
  <meta name='ocr-system' content='tesseract 3.04.00' />
  <meta name='ocr-capabilities' content='ocr_page ocr_carea ocr_par ocr_line ocrx_word'/>
</head>
<body>
  <div class='ocr_page' id='page_1' title='image "./comicorumatticor03kockuoft_0547.png"; bbox 0 0 2014 3334; ppageno 0'>
   <div class='ocr_carea' id='block_1_1' title="bbox 0 0 221 132">
    <p class='ocr_par' dir='ltr' id='par_1_1' title="bbox 0 0 221 132">
     <span class='ocr_line' id='line_1_1' title="bbox 0 0 221 132; baseline 0 3202"><span class='ocrx_word' id='word_1_1' title='bbox 0 0 221 132; x_wconf 95' lang='lat' dir='ltr'><strong><em> </em></strong></span> 
     </span>
    </p>
   </div>
   <div class='ocr_carea' id='block_1_2' title="bbox 0 303 20 1048">
    <p class='ocr_par' dir='ltr' id='par_1_2' title="bbox 0 303 20 1048">
     <span class='ocr_line' id='line_1_2' title="bbox 0 303 20 1048; textangle 90"><span class='ocrx_word' id='word_1_2' title='bbox 0 996 9 1048; x_wconf 57' lang='lat' dir='ltr'><strong><em>v-—r</em></strong></span> <span class='ocrx_word' id='word_1_3' title='bbox 0 975 6 988; x_wconf 45' lang='grc' dir='ltr'><strong><em>Δ·</em></strong></span> <span class='ocrx_word' id='word_1_4' title='bbox 0 824 10 962; x_wconf 60' lang='lat' dir='ltr'><strong><em>-w--vv</em></strong></span> <span class='ocrx_word' id='word_1_5' title='bbox 0 712 10 773; x_wconf 61' lang='lat' dir='ltr'><strong><em>‹vv-</em></strong></span> <span class='ocrx_word' id='word_1_6' title='bbox 0 533 20 702; x_wconf 51' lang='lat' dir='ltr'><strong><em>I&#39;&#39;&#39;&#39;&#39;ffl,·&#39;&#39;&#39;!-!¹?</em></strong></span> <span class='ocrx_word' id='word_1_7' title='bbox 0 503 6 519; x_wconf 64' lang='grc'><strong><em>,-</em></strong></span> <span class='ocrx_word' id='word_1_8' title='bbox 0 485 2 490; x_wconf 92' lang='grc'>-</span> <span class='ocrx_word' id='word_1_9' title='bbox 0 380 15 459; x_wconf 55' lang='grc' dir='ltr'><strong><em>,ς-.ν-</em></strong></span> <span class='ocrx_word' id='word_1_10' title='bbox 0 333 2 353; x_wconf 83' lang='lat'><strong><em>-</em></strong></span> <span class='ocrx_word' id='word_1_11' title='bbox 0 303 12 318; x_wconf 72' lang='grc' dir='ltr'>Ὶ</span> 
     </span>
    </p>
   </div>
   <div class='ocr_carea' id='block_1_3' title="bbox 773 241 1792 285">
    <p class='ocr_par' dir='ltr' id='par_1_3' title="bbox 773 241 1792 285">
     <span class='ocr_line' id='line_1_3' title="bbox 773 241 1792 285; baseline 0 -7"><span class='ocrx_word' id='word_1_12' title='bbox 773 243 942 279; x_wconf 78' lang='grc' dir='ltr'><strong>ΔΔΗΛΔ</strong></span> <span class='ocrx_word' id='word_1_13' title='bbox 967 244 1231 279; x_wconf 87' lang='grc' dir='ltr'>ΟΠΟΤΕΡΑΣ</span> <span class='ocrx_word' id='word_1_14' title='bbox 1706 241 1792 285; x_wconf 79' lang='grc'><strong><em>527</em></strong></span> 
     </span>
    </p>
   </div>
   <div class='ocr_carea' id='block_1_4' title="bbox 496 354 1040 482">
    <p class='ocr_par' dir='ltr' id='par_1_4' title="bbox 496 354 1040 482">
     <span class='ocr_line' id='line_1_4' title="bbox 1017 354 1040 397; baseline 0 0"><span class='ocrx_word' id='word_1_15' title='bbox 1017 354 1040 397; x_wconf 94' lang='grc'><strong>7</strong></span> 
     </span>
     <span class='ocr_line' id='line_1_5' title="bbox 496 354 1024 482; baseline 0 -14"><span class='ocrx_word' id='word_1_16' title='bbox 496 426 743 482; x_wconf 84' lang='grc' dir='ltr'><strong><em>λιθωμόται</em></strong></span> <span class='ocrx_word' id='word_1_17' title='bbox 777 354 1024 482; x_wconf 62' lang='grc' dir='ltr'><strong><em>δημηγόὲιῗι</em></strong></span> 
     </span>
    </p>
   </div>
   <div class='ocr_carea' id='block_1_5' title="bbox 207 508 1795 1225">
    <p class='ocr_par' dir='ltr' id='par_1_5' title="bbox 207 508 1795 1225">
     <span class='ocr_line' id='line_1_6' title="bbox 330 508 1795 567; baseline -0.001 -14"><span class='ocrx_word' id='word_1_18' title='bbox 330 510 394 553; x_wconf 77' lang='grc' dir='ltr'><strong><em>ἐπὶ</em></strong></span> <span class='ocrx_word' id='word_1_19' title='bbox 430 518 501 553; x_wconf 84' lang='grc' dir='ltr'><strong><em>τοῦ</em></strong></span> <span class='ocrx_word' id='word_1_20' title='bbox 538 512 658 552; x_wconf 75' lang='grc' dir='ltr'><strong><em>λίθου</em></strong></span> <span class='ocrx_word' id='word_1_21' title='bbox 697 509 898 564; x_wconf 85' lang='grc' dir='ltr'><strong><em>ὀμνύντες.</em></strong></span> <span class='ocrx_word' id='word_1_22' title='bbox 949 510 970 552; x_wconf 86' lang='grc' dir='ltr'>ὁ</span> <span class='ocrx_word' id='word_1_23' title='bbox 1003 509 1046 552; x_wconf 83' lang='grc' dir='ltr'><strong><em>δὲ</em></strong></span> <span class='ocrx_word' id='word_1_24' title='bbox 1082 511 1198 560; x_wconf 79' lang='grc' dir='ltr'><strong><em>λίθος</em></strong></span> <span class='ocrx_word' id='word_1_25' title='bbox 1234 510 1276 552; x_wconf 89' lang='grc' dir='ltr'><strong><em>τὸ</em></strong></span> <span class='ocrx_word' id='word_1_26' title='bbox 1315 510 1358 551; x_wconf 78' lang='grc' dir='ltr'><strong><em>ἐν</em></strong></span> <span class='ocrx_word' id='word_1_27' title='bbox 1396 517 1442 567; x_wconf 80' lang='grc' dir='ltr'><strong><em>τῇ</em></strong></span> <span class='ocrx_word' id='word_1_28' title='bbox 1469 508 1701 564; x_wconf 78' lang='grc' dir='ltr'><strong><em>Ἀθηναίων</em></strong></span> <span class='ocrx_word' id='word_1_29' title='bbox 1733 510 1795 552; x_wconf 82' lang='grc' dir='ltr'><strong><em>ἕκ-</em></strong></span> 
     </span>
     <span class='ocr_line' id='line_1_7' title="bbox 211 569 1764 629; baseline 0 -16"><span class='ocrx_word' id='word_1_30' title='bbox 211 572 353 629; x_wconf 84' lang='grc' dir='ltr'><strong><em>κλησία</em></strong></span> <span class='ocrx_word' id='word_1_31' title='bbox 382 573 503 626; x_wconf 83' lang='grc' dir='ltr'><strong><em>βῆμα.</em></strong></span> <span class='ocrx_word' id='word_1_32' title='bbox 534 573 774 624; x_wconf 81' lang='lat' dir='ltr'><strong>Hesychius.</strong></span> <span class='ocrx_word' id='word_1_33' title='bbox 801 569 1035 624; x_wconf 83' lang='grc' dir='ltr'><strong><em>Ἀθηναίων</em></strong></span> <span class='ocrx_word' id='word_1_34' title='bbox 1067 571 1206 623; x_wconf 63' lang='lat' dir='ltr'><strong>Mein]</strong></span> <span class='ocrx_word' id='word_1_35' title='bbox 1241 572 1344 628; x_wconf 77' lang='grc' dir='ltr'><strong><em>θείᾳ.</em></strong></span> <span class='ocrx_word' id='word_1_36' title='bbox 1385 573 1559 624; x_wconf 79' lang='lat' dir='ltr'><strong>Hesych.</strong></span> <span class='ocrx_word' id='word_1_37' title='bbox 1590 572 1764 621; x_wconf 63' lang='grc' dir='ltr'><strong><em>λίθος..</em></strong></span> 
     </span>
     <span class='ocr_line' id='line_1_8' title="bbox 208 629 1791 707; baseline 0 -35"><span class='ocrx_word' id='word_1_38' title='bbox 208 631 251 672; x_wconf 84' lang='grc' dir='ltr'><strong><em>τὸ</em></strong></span> <span class='ocrx_word' id='word_1_39' title='bbox 270 631 314 672; x_wconf 81' lang='grc' dir='ltr'><strong><em>ἕν</em></strong></span> <span class='ocrx_word' id='word_1_40' title='bbox 332 637 377 688; x_wconf 78' lang='grc' dir='ltr'><strong><em>τῇ</em></strong></span> <span class='ocrx_word' id='word_1_41' title='bbox 392 629 623 684; x_wconf 80' lang='grc' dir='ltr'><strong><em>Ἀθηναίων</em></strong></span> <span class='ocrx_word' id='word_1_42' title='bbox 643 631 827 688; x_wconf 81' lang='grc' dir='ltr'><strong><em>ἐκκλησία</em></strong></span> <span class='ocrx_word' id='word_1_43' title='bbox 848 633 971 684; x_wconf 80' lang='grc' dir='ltr'><strong><em>βῆμα,</em></strong></span> <span class='ocrx_word' id='word_1_44' title='bbox 995 632 1065 671; x_wconf 85' lang='lat' dir='ltr'><strong><em>ubi</em></strong></span> <span class='ocrx_word' id='word_1_45' title='bbox 1086 632 1183 671; x_wconf 89' lang='lat' dir='ltr'><strong>item</strong></span> <span class='ocrx_word' id='word_1_46' title='bbox 1187 632 1287 707; x_wconf 71' lang='lat' dir='ltr'><strong><em>ecod.</em></strong></span> <span class='ocrx_word' id='word_1_47' title='bbox 1307 632 1412 672; x_wconf 84' lang='grc' dir='ltr'><strong><em>θεία.</em></strong></span> <span class='ocrx_word' id='word_1_48' title='bbox 1445 633 1640 683; x_wconf 79' lang='lat' dir='ltr'><strong>Harpocr.</strong></span> <span class='ocrx_word' id='word_1_49' title='bbox 1660 633 1791 680; x_wconf 73' lang='grc' dir='ltr'><strong><em>λίθος·</em></strong></span> 
     </span>
     <span class='ocr_line' id='line_1_9' title="bbox 210 687 1794 748; baseline 0 -16"><span class='ocrx_word' id='word_1_50' title='bbox 210 690 479 744; x_wconf 83' lang='grc' dir='ltr'><strong><em>Δημοσθένης</em></strong></span> <span class='ocrx_word' id='word_1_51' title='bbox 517 691 560 732; x_wconf 78' lang='grc' dir='ltr'><strong><em>ἕν</em></strong></span> <span class='ocrx_word' id='word_1_52' title='bbox 597 693 650 748; x_wconf 78' lang='grc' dir='ltr'><strong><em>τῷ</em></strong></span> <span class='ocrx_word' id='word_1_53' title='bbox 689 691 789 732; x_wconf 84' lang='grc' dir='ltr'><strong><em>κατὰ</em></strong></span> <span class='ocrx_word' id='word_1_54' title='bbox 826 691 1016 740; x_wconf 90' lang='grc' dir='ltr'><strong><em>Κόνωνος</em></strong></span> <span class='ocrx_word' id='word_1_55' title='bbox 1048 687 1199 746; x_wconf 84' lang='grc'><strong><em>(26)</em></strong></span> <span class='ocrx_word' id='word_1_56' title='bbox 1209 697 1288 732; x_wconf 82' lang='grc' dir='ltr'><strong><em>τῶν</em></strong></span> <span class='ocrx_word' id='word_1_57' title='bbox 1324 691 1535 743; x_wconf 84' lang='grc' dir='ltr'><strong><em>παρόντων</em></strong></span> <span class='ocrx_word' id='word_1_58' title='bbox 1574 689 1679 732; x_wconf 85' lang='grc' dir='ltr'><strong><em>καθ’</em></strong></span> <span class='ocrx_word' id='word_1_59' title='bbox 1724 690 1794 732; x_wconf 85' lang='grc' dir='ltr'><strong><em>ε’να</em></strong></span> 
     </span>
     <span class='ocr_line' id='line_1_10' title="bbox 208 749 1793 805; baseline 0.001 -14"><span class='ocrx_word' id='word_1_60' title='bbox 208 749 307 804; x_wconf 75' lang='grc' dir='ltr'><strong><em>ἡμῖν</em></strong></span> <span class='ocrx_word' id='word_1_61' title='bbox 345 750 490 792; x_wconf 78' lang='grc' dir='ltr'><strong><em>οὑτωσὶ</em></strong></span> <span class='ocrx_word' id='word_1_62' title='bbox 526 750 594 792; x_wconf 85' lang='grc' dir='ltr'><strong><em>καὶ</em></strong></span> <span class='ocrx_word' id='word_1_63' title='bbox 635 750 752 804; x_wconf 91' lang='grc' dir='ltr'><strong><em>πρὸς</em></strong></span> <span class='ocrx_word' id='word_1_64' title='bbox 795 751 875 792; x_wconf 89' lang='grc' dir='ltr'><strong><em>τὸν</em></strong></span> <span class='ocrx_word' id='word_1_65' title='bbox 919 752 1060 792; x_wconf 81' lang='grc' dir='ltr'><strong><em>λίθον</em></strong></span> <span class='ocrx_word' id='word_1_66' title='bbox 1098 749 1295 805; x_wconf 77' lang='grc' dir='ltr'><strong><em>ἄγοντες</em></strong></span> <span class='ocrx_word' id='word_1_67' title='bbox 1330 750 1410 792; x_wconf 83' lang='grc' dir='ltr'><strong><em>καὶ</em></strong></span> <span class='ocrx_word' id='word_1_68' title='bbox 1447 749 1793 805; x_wconf 57' lang='grc' dir='ltr'><strong><em>ἔξορκοῢντεςῖ</em></strong></span> 
     </span>
     <span class='ocr_line' id='line_1_11' title="bbox 207 808 1791 870; baseline 0 -18"><span class='ocrx_word' id='word_1_69' title='bbox 207 810 358 852; x_wconf 75' lang='grc' dir='ltr'><strong><em>ἐοίκασι</em></strong></span> <span class='ocrx_word' id='word_1_70' title='bbox 390 808 426 852; x_wconf 86' lang='grc' dir='ltr'><strong><em>δ’</em></strong></span> <span class='ocrx_word' id='word_1_71' title='bbox 452 809 664 864; x_wconf 80' lang='grc' dir='ltr'><strong><em>Ἀθηναῖοι</em></strong></span> <span class='ocrx_word' id='word_1_72' title='bbox 694 811 793 870; x_wconf 85' lang='grc' dir='ltr'><strong><em>πρός</em></strong></span> <span class='ocrx_word' id='word_1_73' title='bbox 819 827 894 852; x_wconf 88' lang='grc' dir='ltr'><strong><em>τινι</em></strong></span> <span class='ocrx_word' id='word_1_74' title='bbox 919 812 1021 866; x_wconf 81' lang='grc' dir='ltr'><strong><em>λίθῳ</em></strong></span> <span class='ocrx_word' id='word_1_75' title='bbox 1052 810 1145 860; x_wconf 88' lang='grc' dir='ltr'><strong><em>τοὺς</em></strong></span> <span class='ocrx_word' id='word_1_76' title='bbox 1177 811 1320 866; x_wconf 80' lang='grc' dir='ltr'><strong><em>ὅρκους</em></strong></span> <span class='ocrx_word' id='word_1_77' title='bbox 1354 815 1574 864; x_wconf 81' lang='grc' dir='ltr'><strong><em>ποιεῖσθαι,</em></strong></span> <span class='ocrx_word' id='word_1_78' title='bbox 1606 810 1659 860; x_wconf 81' lang='grc' dir='ltr'><strong><em>ὣς</em></strong></span> <span class='ocrx_word' id='word_1_79' title='bbox 1688 809 1791 866; x_wconf 89' lang='grc' dir='ltr'><strong><em>Ἀρι-</em></strong></span> 
     </span>
     <span class='ocr_line' id='line_1_12' title="bbox 209 853 1791 946; baseline 0.001 -34"><span class='ocrx_word' id='word_1_80' title='bbox 209 870 388 924; x_wconf 80' lang='grc' dir='ltr'><strong><em>στοτέλης</em></strong></span> <span class='ocrx_word' id='word_1_81' title='bbox 425 871 468 912; x_wconf 81' lang='grc' dir='ltr'><strong><em>ἕν</em></strong></span> <span class='ocrx_word' id='word_1_82' title='bbox 504 877 569 946; x_wconf 56' lang='grc' dir='ltr'><strong><em>τῇ,</em></strong></span> <span class='ocrx_word' id='word_1_83' title='bbox 583 867 814 924; x_wconf 81' lang='grc' dir='ltr'><strong><em>Ἀθηναίων</em></strong></span> <span class='ocrx_word' id='word_1_84' title='bbox 856 853 1041 912; x_wconf 81' lang='grc' dir='ltr'><strong><em>πολιτεία.</em></strong></span> <span class='ocrx_word' id='word_1_85' title='bbox 1103 874 1243 912; x_wconf 84' lang='lat' dir='ltr'><strong>eadem</strong></span> <span class='ocrx_word' id='word_1_86' title='bbox 1275 873 1359 912; x_wconf 86' lang='lat' dir='ltr'><strong>fere</strong></span> <span class='ocrx_word' id='word_1_87' title='bbox 1393 873 1563 912; x_wconf 90' lang='lat' dir='ltr'><strong>Photius</strong></span> <span class='ocrx_word' id='word_1_88' title='bbox 1590 875 1689 924; x_wconf 83' lang='lat'>223,</span> <span class='ocrx_word' id='word_1_89' title='bbox 1723 875 1791 913; x_wconf 85' lang='lat'><strong>22.</strong></span> 
     </span>
     <span class='ocr_line' id='line_1_13' title="bbox 208 927 1792 1004; baseline 0 -32"><span class='ocrx_word' id='word_1_90' title='bbox 208 932 352 972; x_wconf 85' lang='lat' dir='ltr'><strong>Pollux</strong></span> <span class='ocrx_word' id='word_1_91' title='bbox 385 934 424 983; x_wconf 88' lang='grc'><strong><em>8,</em></strong></span> <span class='ocrx_word' id='word_1_92' title='bbox 457 934 511 972; x_wconf 91' lang='grc'><strong><em>86</em></strong></span> <span class='ocrx_word' id='word_1_93' title='bbox 552 930 716 983; x_wconf 77' lang='grc' dir='ltr'><strong><em>ὤμνυον</em></strong></span> <span class='ocrx_word' id='word_1_94' title='bbox 756 927 825 987; x_wconf 81' lang='grc' dir='ltr'><strong><em>(οἱ</em></strong></span> <span class='ocrx_word' id='word_1_95' title='bbox 851 928 1121 1004; x_wconf 82' lang='grc' dir='ltr'><strong><em>θεσμοθέται)</em></strong></span> <span class='ocrx_word' id='word_1_96' title='bbox 1159 930 1258 984; x_wconf 89' lang='grc' dir='ltr'><strong><em>πρὸς</em></strong></span> <span class='ocrx_word' id='word_1_97' title='bbox 1296 937 1341 988; x_wconf 81' lang='grc' dir='ltr'><strong><em>τῇ</em></strong></span> <span class='ocrx_word' id='word_1_98' title='bbox 1380 932 1564 988; x_wconf 82' lang='grc' dir='ltr'><strong><em>βασιλείῳ</em></strong></span> <span class='ocrx_word' id='word_1_99' title='bbox 1603 935 1697 989; x_wconf 78' lang='grc' dir='ltr'><strong><em>στοᾷ</em></strong></span> <span class='ocrx_word' id='word_1_100' title='bbox 1729 931 1792 973; x_wconf 81' lang='grc' dir='ltr'><strong><em>ἐπὶ</em></strong></span> 
     </span>
     <span class='ocr_line' id='line_1_14' title="bbox 208 984 1791 1048; baseline 0.001 -17"><span class='ocrx_word' id='word_1_101' title='bbox 208 997 278 1032; x_wconf 84' lang='grc' dir='ltr'><strong><em>τοῦ</em></strong></span> <span class='ocrx_word' id='word_1_102' title='bbox 305 991 425 1032; x_wconf 82' lang='grc' dir='ltr'><strong><em>λίθου</em></strong></span> <span class='ocrx_word' id='word_1_103' title='bbox 457 988 529 1043; x_wconf 80' lang='grc' dir='ltr'><strong><em>ὑφ’</em></strong></span> <span class='ocrx_word' id='word_1_104' title='bbox 560 984 591 1048; x_wconf 77' lang='grc' dir='ltr'><em>ᾧ</em></span> <span class='ocrx_word' id='word_1_105' title='bbox 616 990 663 1031; x_wconf 83' lang='grc' dir='ltr'><strong><em>τὰ</em></strong></span> <span class='ocrx_word' id='word_1_106' title='bbox 688 995 843 1044; x_wconf 82' lang='grc' dir='ltr'><strong><em>ταμιεῖα</em></strong></span> <span class='ocrx_word' id='word_1_107' title='bbox 876 988 959 1044; x_wconf 81' lang='grc' dir='ltr'><strong><em>(ἐφ’</em></strong></span> <span class='ocrx_word' id='word_1_108' title='bbox 990 984 1021 1048; x_wconf 78' lang='grc' dir='ltr'><strong><em>ᾧ</em></strong></span> <span class='ocrx_word' id='word_1_109' title='bbox 1052 1006 1091 1031; x_wconf 90' lang='grc' dir='ltr'><strong><em>τε</em></strong></span> <span class='ocrx_word' id='word_1_110' title='bbox 1118 993 1272 1032; x_wconf 80' lang='lat' dir='ltr'><strong>codices</strong></span> <span class='ocrx_word' id='word_1_111' title='bbox 1304 995 1466 1043; x_wconf 88' lang='lat' dir='ltr'><strong>praeter</strong></span> <span class='ocrx_word' id='word_1_112' title='bbox 1498 992 1791 1044; x_wconf 81' lang='lat' dir='ltr'><strong>Schottianum,</strong></span> 
     </span>
     <span class='ocr_line' id='line_1_15' title="bbox 209 1046 1791 1120; baseline 0.001 -29"><span class='ocrx_word' id='word_1_113' title='bbox 209 1048 273 1103; x_wconf 82' lang='grc' dir='ltr'><strong><em>ἐφ’</em></strong></span> <span class='ocrx_word' id='word_1_114' title='bbox 309 1046 359 1092; x_wconf 76' lang='grc' dir='ltr'><strong><em>οὗ</em></strong></span> <span class='ocrx_word' id='word_1_115' title='bbox 390 1050 437 1091; x_wconf 83' lang='grc' dir='ltr'><strong><em>τὰ</em></strong></span> <span class='ocrx_word' id='word_1_116' title='bbox 467 1050 582 1120; x_wconf 83' lang='grc' dir='ltr'><strong><em>τόμια</em></strong></span> <span class='ocrx_word' id='word_1_117' title='bbox 612 1052 762 1103; x_wconf 85' lang='lat' dir='ltr'>Bergk.</span> <span class='ocrx_word' id='word_1_118' title='bbox 783 1053 912 1103; x_wconf 86' lang='lat' dir='ltr'><strong>Epist.</strong></span> <span class='ocrx_word' id='word_1_119' title='bbox 931 1053 1019 1092; x_wconf 87' lang='lat' dir='ltr'><strong>crit.</strong></span> <span class='ocrx_word' id='word_1_120' title='bbox 1042 1048 1162 1105; x_wconf 87' lang='grc'>131).</span> <span class='ocrx_word' id='word_1_121' title='bbox 1211 1053 1347 1092; x_wconf 85' lang='lat' dir='ltr'><strong>Meier.</strong></span> <span class='ocrx_word' id='word_1_122' title='bbox 1368 1053 1548 1092; x_wconf 79' lang='lat' dir='ltr'><strong>Schoem.</strong></span> <span class='ocrx_word' id='word_1_123' title='bbox 1568 1053 1655 1093; x_wconf 89' lang='lat' dir='ltr'><strong>Att.</strong></span> <span class='ocrx_word' id='word_1_124' title='bbox 1679 1054 1791 1093; x_wconf 89' lang='lat' dir='ltr'><strong>Proc.</strong></span> 
     </span>
     <span class='ocr_line' id='line_1_16' title="bbox 214 1111 1794 1166; baseline 0 -14"><span class='ocrx_word' id='word_1_125' title='bbox 214 1114 298 1153; x_wconf 94' lang='grc'><strong><em>676</em></strong></span> <span class='ocrx_word' id='word_1_126' title='bbox 331 1125 368 1152; x_wconf 91' lang='lat' dir='ltr'><strong>n.</strong></span> <span class='ocrx_word' id='word_1_127' title='bbox 402 1113 471 1153; x_wconf 83' lang='lat'><strong>57.</strong></span> <span class='ocrx_word' id='word_1_128' title='bbox 521 1113 563 1151; x_wconf 84' lang='lat' dir='ltr'><strong><em>in</em></strong></span> <span class='ocrx_word' id='word_1_129' title='bbox 587 1112 782 1164; x_wconf 83' lang='lat' dir='ltr'><strong>Hesychii</strong></span> <span class='ocrx_word' id='word_1_130' title='bbox 813 1113 950 1164; x_wconf 83' lang='lat' dir='ltr'>glossa</span> <span class='ocrx_word' id='word_1_131' title='bbox 980 1111 1201 1166; x_wconf 80' lang='grc' dir='ltr'><strong><em>δημηγόροι</em></strong></span> <span class='ocrx_word' id='word_1_132' title='bbox 1232 1125 1256 1152; x_wconf 86' lang='lat' dir='ltr'>a</span> <span class='ocrx_word' id='word_1_133' title='bbox 1281 1115 1422 1163; x_wconf 85' lang='lat' dir='ltr'><strong>poetae</strong></span> <span class='ocrx_word' id='word_1_134' title='bbox 1455 1113 1588 1152; x_wconf 84' lang='lat' dir='ltr'><strong>verbis</strong></span> <span class='ocrx_word' id='word_1_135' title='bbox 1620 1114 1794 1153; x_wconf 83' lang='lat' dir='ltr'><strong>secludit</strong></span> 
     </span>
     <span class='ocr_line' id='line_1_17' title="bbox 210 1172 1095 1225; baseline 0.001 -14"><span class='ocrx_word' id='word_1_136' title='bbox 210 1173 264 1212; x_wconf 90' lang='lat' dir='ltr'><strong><em>M.</em></strong></span> <span class='ocrx_word' id='word_1_137' title='bbox 297 1172 488 1212; x_wconf 75' lang='lat' dir='ltr'><strong>Schmidt.</strong></span> <span class='ocrx_word' id='word_1_138' title='bbox 538 1172 638 1212; x_wconf 89' lang='lat' dir='ltr'><strong>mihi</strong></span> <span class='ocrx_word' id='word_1_139' title='bbox 668 1185 923 1224; x_wconf 84' lang='lat' dir='ltr'><strong>nequaquam</strong></span> <span class='ocrx_word' id='word_1_140' title='bbox 954 1173 1095 1225; x_wconf 89' lang='lat' dir='ltr'><strong>liquet.</strong></span> 
     </span>
    </p>
   </div>
   <div class='ocr_carea' id='block_1_6' title="bbox 961 1289 1046 1333">
    <p class='ocr_par' dir='ltr' id='par_1_6' title="bbox 961 1289 1046 1333">
     <span class='ocr_line' id='line_1_18' title="bbox 961 1289 1046 1333; baseline 0 0"><span class='ocrx_word' id='word_1_141' title='bbox 961 1289 1046 1333; x_wconf 90' lang='lat'><strong><em>668</em></strong></span> 
     </span>
    </p>
   </div>
   <div class='ocr_carea' id='block_1_7' title="bbox 495 1361 1132 1419">
    <p class='ocr_par' dir='ltr' id='par_1_7' title="bbox 495 1361 1132 1419">
     <span class='ocr_line' id='line_1_19' title="bbox 495 1361 1132 1419; baseline 0.003 -15"><span class='ocrx_word' id='word_1_142' title='bbox 495 1361 755 1418; x_wconf 80' lang='grc' dir='ltr'><strong><em>φθάνοντος</em></strong></span> <span class='ocrx_word' id='word_1_143' title='bbox 785 1363 919 1419; x_wconf 81' lang='grc' dir='ltr'><strong><em>ἔργον</em></strong></span> <span class='ocrx_word' id='word_1_144' title='bbox 949 1363 1132 1417; x_wconf 86' lang='grc' dir='ltr'><strong><em>γίνεται.</em></strong></span> 
     </span>
    </p>
   </div>
   <div class='ocr_carea' id='block_1_8' title="bbox 207 1444 1791 1560">
    <p class='ocr_par' dir='ltr' id='par_1_8' title="bbox 207 1444 1791 1560">
     <span class='ocr_line' id='line_1_20' title="bbox 328 1444 1791 1500; baseline 0.001 -12"><span class='ocrx_word' id='word_1_145' title='bbox 328 1449 498 1489; x_wconf 85' lang='lat' dir='ltr'><strong>Photius</strong></span> <span class='ocrx_word' id='word_1_146' title='bbox 528 1450 642 1489; x_wconf 85' lang='lat' dir='ltr'><strong>nulla</strong></span> <span class='ocrx_word' id='word_1_147' title='bbox 673 1450 832 1489; x_wconf 83' lang='lat' dir='ltr'><strong>adiecta</strong></span> <span class='ocrx_word' id='word_1_148' title='bbox 855 1449 1199 1500; x_wconf 73' lang='lat' dir='ltr'><strong>interpretatione.</strong></span> <span class='ocrx_word' id='word_1_149' title='bbox 1246 1444 1447 1489; x_wconf 76' lang='lat' dir='ltr'><strong>‘celeriter</strong></span> <span class='ocrx_word' id='word_1_150' title='bbox 1466 1449 1604 1500; x_wconf 83' lang='lat' dir='ltr'><strong>agenti</strong></span> <span class='ocrx_word' id='word_1_151' title='bbox 1623 1452 1791 1490; x_wconf 86' lang='lat' dir='ltr'><strong>eventus</strong></span> 
     </span>
     <span class='ocr_line' id='line_1_21' title="bbox 207 1505 1208 1560; baseline 0 -12"><span class='ocrx_word' id='word_1_152' title='bbox 207 1505 358 1549; x_wconf 72' lang='lat' dir='ltr'><strong>favet&#39;.-</strong></span> <span class='ocrx_word' id='word_1_153' title='bbox 391 1511 553 1560; x_wconf 85' lang='lat' dir='ltr'><strong>poterat</strong></span> <span class='ocrx_word' id='word_1_154' title='bbox 585 1509 707 1549; x_wconf 86' lang='lat' dir='ltr'><strong>etiam</strong></span> <span class='ocrx_word' id='word_1_155' title='bbox 740 1509 871 1549; x_wconf 82' lang='lat' dir='ltr'><strong>exitus</strong></span> <span class='ocrx_word' id='word_1_156' title='bbox 903 1509 1079 1549; x_wconf 76' lang='lat' dir='ltr'><strong>trimetri</strong></span> <span class='ocrx_word' id='word_1_157' title='bbox 1110 1521 1208 1549; x_wconf 85' lang='lat' dir='ltr'><strong>esse.</strong></span> 
     </span>
    </p>
   </div>
   <div class='ocr_carea' id='block_1_9' title="bbox 496 1625 1143 1755">
    <p class='ocr_par' dir='ltr' id='par_1_9' title="bbox 496 1625 1143 1755">
     <span class='ocr_line' id='line_1_22' title="bbox 959 1625 1046 1669; baseline -0.011 0"><span class='ocrx_word' id='word_1_158' title='bbox 959 1625 1046 1669; x_wconf 90' lang='lat'><em>669</em></span> 
     </span>
     <span class='ocr_line' id='line_1_23' title="bbox 496 1697 1143 1755; baseline -0.003 -13"><span class='ocrx_word' id='word_1_159' title='bbox 496 1697 585 1754; x_wconf 83' lang='grc' dir='ltr'><strong><em>ἠχὼ</em></strong></span> <span class='ocrx_word' id='word_1_160' title='bbox 616 1699 830 1754; x_wconf 84' lang='grc' dir='ltr'><strong><em>πἐτραίαν</em></strong></span> <span class='ocrx_word' id='word_1_161' title='bbox 861 1699 1143 1755; x_wconf 84' lang='grc' dir='ltr'><strong><em>χυτρόπωλιν</em></strong></span> 
     </span>
    </p>
   </div>
   <div class='ocr_carea' id='block_1_10' title="bbox 204 1781 1793 2438">
    <p class='ocr_par' dir='ltr' id='par_1_10' title="bbox 204 1781 1793 2438">
     <span class='ocr_line' id='line_1_24' title="bbox 327 1781 1790 1838; baseline 0.002 -14"><span class='ocrx_word' id='word_1_162' title='bbox 327 1781 426 1838; x_wconf 83' lang='grc' dir='ltr'><strong><em>λέγει</em></strong></span> <span class='ocrx_word' id='word_1_163' title='bbox 447 1782 490 1824; x_wconf 81' lang='grc' dir='ltr'><strong><em>δὲ</em></strong></span> <span class='ocrx_word' id='word_1_164' title='bbox 509 1783 582 1836; x_wconf 85' lang='grc' dir='ltr'><strong><em>τὴν</em></strong></span> <span class='ocrx_word' id='word_1_165' title='bbox 601 1785 788 1838; x_wconf 72' lang='grc' dir='ltr'><strong><em>Αἴγιναν,</em></strong></span> <span class='ocrx_word' id='word_1_166' title='bbox 808 1783 943 1836; x_wconf 79' lang='grc' dir='ltr'><strong><em>ἐπειδὴ</em></strong></span> <span class='ocrx_word' id='word_1_167' title='bbox 965 1783 1050 1825; x_wconf 79' lang='grc' dir='ltr'><strong><em>ἐκεῖ</em></strong></span> <span class='ocrx_word' id='word_1_168' title='bbox 1075 1782 1244 1838; x_wconf 78' lang='grc' dir='ltr'><strong><em>ὄστρακα</em></strong></span> <span class='ocrx_word' id='word_1_169' title='bbox 1272 1784 1398 1825; x_wconf 78' lang='grc' dir='ltr'><strong><em>πολλά</em></strong></span> <span class='ocrx_word' id='word_1_170' title='bbox 1423 1783 1512 1824; x_wconf 78' lang='grc' dir='ltr'><strong><em>ἐστι.</em></strong></span> <span class='ocrx_word' id='word_1_171' title='bbox 1550 1785 1790 1837; x_wconf 78' lang='lat' dir='ltr'><strong>Hesychius.</strong></span> 
     </span>
     <span class='ocr_line' id='line_1_25' title="bbox 208 1840 1793 1899; baseline 0.001 -15"><span class='ocrx_word' id='word_1_172' title='bbox 208 1841 310 1898; x_wconf 83' lang='grc' dir='ltr'><strong><em>λέγει</em></strong></span> <span class='ocrx_word' id='word_1_173' title='bbox 334 1843 379 1884; x_wconf 92' lang='grc' dir='ltr'><strong><em>Ο.</em></strong></span> <span class='ocrx_word' id='word_1_174' title='bbox 402 1845 560 1884; x_wconf 77' lang='lat' dir='ltr'><strong>Mtiller.</strong></span> <span class='ocrx_word' id='word_1_175' title='bbox 593 1840 706 1885; x_wconf 79' lang='lat' dir='ltr'><strong><em>Dor.2</em></strong></span> <span class='ocrx_word' id='word_1_176' title='bbox 738 1845 779 1884; x_wconf 92' lang='lat' dir='ltr'><strong><em>II</em></strong></span> <span class='ocrx_word' id='word_1_177' title='bbox 813 1843 918 1896; x_wconf 83' lang='lat'>425]</span> <span class='ocrx_word' id='word_1_178' title='bbox 958 1842 1070 1898; x_wconf 82' lang='grc' dir='ltr'><strong><em>λέγει.</em></strong></span> <span class='ocrx_word' id='word_1_179' title='bbox 1097 1844 1146 1885; x_wconf 83' lang='grc' dir='ltr'><strong><em>οῖ.</em></strong></span> <span class='ocrx_word' id='word_1_180' title='bbox 1189 1847 1400 1896; x_wconf 85' lang='lat' dir='ltr'><strong>praeterea</strong></span> <span class='ocrx_word' id='word_1_181' title='bbox 1424 1842 1674 1899; x_wconf 78' lang='grc' dir='ltr'><strong><em>ἠχωπτερέαν</em></strong></span> <span class='ocrx_word' id='word_1_182' title='bbox 1706 1847 1793 1886; x_wconf 82' lang='lat' dir='ltr'><strong>eod.</strong></span> 
     </span>
     <span class='ocr_line' id='line_1_26' title="bbox 208 1901 1790 1961; baseline 0.001 -17"><span class='ocrx_word' id='word_1_183' title='bbox 208 1902 443 1956; x_wconf 83' lang='grc' dir='ltr'><strong><em>χυτρόπολιν</em></strong></span> <span class='ocrx_word' id='word_1_184' title='bbox 475 1905 595 1944; x_wconf 86' lang='lat' dir='ltr'><strong>Mein.</strong></span> <span class='ocrx_word' id='word_1_185' title='bbox 629 1905 766 1955; x_wconf 88' lang='lat' dir='ltr'><strong>Steph.</strong></span> <span class='ocrx_word' id='word_1_186' title='bbox 798 1905 893 1957; x_wconf 82' lang='lat' dir='ltr'><strong>Byz.</strong></span> <span class='ocrx_word' id='word_1_187' title='bbox 944 1903 1192 1957; x_wconf 87' lang='grc' dir='ltr'><strong><em>Χυτρόπολις</em></strong></span> <span class='ocrx_word' id='word_1_188' title='bbox 1227 1901 1386 1961; x_wconf 73' lang='grc' dir='ltr'><strong><em>Θρᾴκης</em></strong></span> <span class='ocrx_word' id='word_1_189' title='bbox 1418 1905 1573 1959; x_wconf 86' lang='grc' dir='ltr'><strong><em>χωρίον.</em></strong></span> <span class='ocrx_word' id='word_1_190' title='bbox 1621 1906 1790 1946; x_wconf 79' lang='lat' dir='ltr'><strong>Photius</strong></span> 
     </span>
     <span class='ocr_line' id='line_1_27' title="bbox 208 1961 1790 2019; baseline 0.001 -16"><span class='ocrx_word' id='word_1_191' title='bbox 208 1961 292 2016; x_wconf 79' lang='grc' dir='ltr'><strong><em>ἠχὼ</em></strong></span> <span class='ocrx_word' id='word_1_192' title='bbox 323 1963 505 2016; x_wconf 84' lang='grc' dir='ltr'><strong><em>πετραία’</em></strong></span> <span class='ocrx_word' id='word_1_193' title='bbox 538 1961 563 2015; x_wconf 85' lang='grc' dir='ltr'>ἡ</span> <span class='ocrx_word' id='word_1_194' title='bbox 596 1964 754 2018; x_wconf 59' lang='grc' dir='ltr'><strong><em>Λὶᾕκινα.</em></strong></span> <span class='ocrx_word' id='word_1_195' title='bbox 803 1962 939 2016; x_wconf 77' lang='grc' dir='ltr'><strong><em>ἐπειδὴ</em></strong></span> <span class='ocrx_word' id='word_1_196' title='bbox 972 1963 1175 2016; x_wconf 81' lang='grc' dir='ltr'><strong><em>πετρώδης</em></strong></span> <span class='ocrx_word' id='word_1_197' title='bbox 1206 1963 1285 2004; x_wconf 78' lang='grc' dir='ltr'><strong><em>ἐστὶ</em></strong></span> <span class='ocrx_word' id='word_1_198' title='bbox 1315 1963 1382 2004; x_wconf 84' lang='grc' dir='ltr'><strong><em>καὶ</em></strong></span> <span class='ocrx_word' id='word_1_199' title='bbox 1412 1963 1538 2005; x_wconf 81' lang='grc' dir='ltr'><strong><em>πολλὰ</em></strong></span> <span class='ocrx_word' id='word_1_200' title='bbox 1570 1963 1645 2017; x_wconf 74' lang='grc' dir='ltr'><strong><em>ἔχει</em></strong></span> <span class='ocrx_word' id='word_1_201' title='bbox 1675 1965 1790 2019; x_wconf 84' lang='grc' dir='ltr'><strong><em>κερά-</em></strong></span> 
     </span>
     <span class='ocr_line' id='line_1_28' title="bbox 209 2020 1791 2078; baseline 0.001 -15"><span class='ocrx_word' id='word_1_202' title='bbox 209 2039 294 2075; x_wconf 87' lang='grc' dir='ltr'><strong><em>μια,</em></strong></span> <span class='ocrx_word' id='word_1_203' title='bbox 326 2025 440 2064; x_wconf 83' lang='lat' dir='ltr'><strong>cuius</strong></span> <span class='ocrx_word' id='word_1_204' title='bbox 472 2024 596 2064; x_wconf 85' lang='lat' dir='ltr'><strong>verba</strong></span> <span class='ocrx_word' id='word_1_205' title='bbox 627 2027 806 2064; x_wconf 78' lang='lat' dir='ltr'><strong>extrema</strong></span> <span class='ocrx_word' id='word_1_206' title='bbox 835 2025 1050 2064; x_wconf 85' lang='lat' dir='ltr'><strong>manifesto</strong></span> <span class='ocrx_word' id='word_1_207' title='bbox 1077 2025 1126 2063; x_wconf 81' lang='lat' dir='ltr'><strong><em>ad</em></strong></span> <span class='ocrx_word' id='word_1_208' title='bbox 1152 2037 1290 2064; x_wconf 81' lang='lat' dir='ltr'><strong>vocem</strong></span> <span class='ocrx_word' id='word_1_209' title='bbox 1321 2020 1631 2078; x_wconf 83' lang='grc' dir='ltr'><strong><em>χυτρόπω(ο)λιν</em></strong></span> <span class='ocrx_word' id='word_1_210' title='bbox 1663 2026 1712 2064; x_wconf 82' lang='lat' dir='ltr'><strong><em>ab</em></strong></span> <span class='ocrx_word' id='word_1_211' title='bbox 1746 2039 1791 2065; x_wconf 91' lang='lat' dir='ltr'><strong><em>eo</em></strong></span> 
     </span>
     <span class='ocr_line' id='line_1_29' title="bbox 209 2083 1791 2138; baseline 0.001 -15"><span class='ocrx_word' id='word_1_212' title='bbox 209 2083 395 2123; x_wconf 86' lang='lat' dir='ltr'><strong>omissam</strong></span> <span class='ocrx_word' id='word_1_213' title='bbox 416 2085 630 2135; x_wconf 86' lang='lat' dir='ltr'><strong>pertinent.</strong></span> <span class='ocrx_word' id='word_1_214' title='bbox 680 2085 823 2124; x_wconf 84' lang='lat' dir='ltr'>Pollux</span> <span class='ocrx_word' id='word_1_215' title='bbox 857 2087 894 2132; x_wconf 87' lang='lat'><strong><em>7,</em></strong></span> <span class='ocrx_word' id='word_1_216' title='bbox 931 2087 1011 2124; x_wconf 88' lang='grc'><strong><em>197</em></strong></span> <span class='ocrx_word' id='word_1_217' title='bbox 1045 2083 1118 2136; x_wconf 83' lang='grc' dir='ltr'><strong><em>τὴν</em></strong></span> <span class='ocrx_word' id='word_1_218' title='bbox 1146 2083 1319 2138; x_wconf 80' lang='grc' dir='ltr'><strong><em>Αἴγιναν</em></strong></span> <span class='ocrx_word' id='word_1_219' title='bbox 1351 2083 1596 2138; x_wconf 83' lang='grc' dir='ltr'><strong><em>χυτρόπωλιν</em></strong></span> <span class='ocrx_word' id='word_1_220' title='bbox 1622 2083 1791 2125; x_wconf 79' lang='grc' dir='ltr'><strong><em>ἐκάλουν</em></strong></span> 
     </span>
     <span class='ocr_line' id='line_1_30' title="bbox 209 2140 1790 2198; baseline 0.001 -15"><span class='ocrx_word' id='word_1_221' title='bbox 209 2141 516 2195; x_wconf 85' lang='grc' dir='ltr'><strong><em>(χυτροπωλεῖον</em></strong></span> <span class='ocrx_word' id='word_1_222' title='bbox 547 2141 615 2198; x_wconf 88' lang='lat' dir='ltr'><strong><em>A).</em></strong></span> <span class='ocrx_word' id='word_1_223' title='bbox 663 2140 798 2195; x_wconf 78' lang='lat' dir='ltr'><strong>‘poeta</strong></span> <span class='ocrx_word' id='word_1_224' title='bbox 829 2145 1027 2197; x_wconf 83' lang='lat' dir='ltr'><strong>Aeginam</strong></span> <span class='ocrx_word' id='word_1_225' title='bbox 1066 2144 1169 2183; x_wconf 85' lang='lat' dir='ltr'><strong>nihil</strong></span> <span class='ocrx_word' id='word_1_226' title='bbox 1201 2157 1286 2184; x_wconf 85' lang='lat' dir='ltr'><strong>esse</strong></span> <span class='ocrx_word' id='word_1_227' title='bbox 1319 2145 1418 2184; x_wconf 86' lang='lat' dir='ltr'><strong>dicit</strong></span> <span class='ocrx_word' id='word_1_228' title='bbox 1448 2145 1527 2184; x_wconf 84' lang='lat' dir='ltr'><strong>nisi</strong></span> <span class='ocrx_word' id='word_1_229' title='bbox 1557 2147 1660 2184; x_wconf 76' lang='lat' dir='ltr'><strong>vocis</strong></span> <span class='ocrx_word' id='word_1_230' title='bbox 1690 2147 1790 2186; x_wconf 77' lang='lat' dir='ltr'><strong>ima-</strong></span> 
     </span>
     <span class='ocr_line' id='line_1_31' title="bbox 204 2200 1791 2259; baseline 0.001 -16"><span class='ocrx_word' id='word_1_231' title='bbox 204 2205 334 2253; x_wconf 71' lang='lat' dir='ltr'><strong><em>qinem</em></strong></span> <span class='ocrx_word' id='word_1_232' title='bbox 372 2208 413 2243; x_wconf 86' lang='lat' dir='ltr'><strong><em>et</em></strong></span> <span class='ocrx_word' id='word_1_233' title='bbox 452 2200 619 2244; x_wconf 78' lang='lat' dir='ltr'><em>ollarum</em></span> <span class='ocrx_word' id='word_1_234' title='bbox 656 2201 883 2244; x_wconf 71' lang='lat' dir='ltr'><strong><em>tabernam&#39;.</em></strong></span> <span class='ocrx_word' id='word_1_235' title='bbox 920 2204 1037 2244; x_wconf 90' lang='lat' dir='ltr'><strong>Mein.</strong></span> <span class='ocrx_word' id='word_1_236' title='bbox 1095 2204 1210 2244; x_wconf 84' lang='lat' dir='ltr'><strong>ouius</strong></span> <span class='ocrx_word' id='word_1_237' title='bbox 1248 2205 1479 2244; x_wconf 80' lang='lat' dir='ltr'><strong>coniectura</strong></span> <span class='ocrx_word' id='word_1_238' title='bbox 1517 2200 1791 2259; x_wconf 84' lang='grc' dir='ltr'><strong><em>(χυτρόπολιν)</em></strong></span> 
     </span>
     <span class='ocr_line' id='line_1_32' title="bbox 207 2261 1790 2317; baseline 0.003 -15"><span class='ocrx_word' id='word_1_239' title='bbox 207 2263 273 2302; x_wconf 85' lang='lat' dir='ltr'><strong><em>vel</em></strong></span> <span class='ocrx_word' id='word_1_240' title='bbox 304 2263 394 2303; x_wconf 86' lang='lat' dir='ltr'><strong>ideo</strong></span> <span class='ocrx_word' id='word_1_241' title='bbox 431 2265 639 2315; x_wconf 81' lang='lat' dir='ltr'><strong>probanda</strong></span> <span class='ocrx_word' id='word_1_242' title='bbox 670 2267 748 2315; x_wconf 87' lang='lat' dir='ltr'><strong>est,</strong></span> <span class='ocrx_word' id='word_1_243' title='bbox 785 2265 882 2315; x_wconf 87' lang='lat' dir='ltr'><strong>quia</strong></span> <span class='ocrx_word' id='word_1_244' title='bbox 912 2265 1032 2303; x_wconf 84' lang='lat' dir='ltr'><strong>aliter</strong></span> <span class='ocrx_word' id='word_1_245' title='bbox 1063 2277 1203 2304; x_wconf 87' lang='lat' dir='ltr'><strong>versus</strong></span> <span class='ocrx_word' id='word_1_246' title='bbox 1242 2261 1339 2317; x_wconf 87' lang='lat' dir='ltr'><strong>(nisi</strong></span> <span class='ocrx_word' id='word_1_247' title='bbox 1369 2265 1473 2304; x_wconf 86' lang='lat' dir='ltr'><strong>forte</strong></span> <span class='ocrx_word' id='word_1_248' title='bbox 1506 2265 1635 2304; x_wconf 85' lang='lat' dir='ltr'><strong>alieno</strong></span> <span class='ocrx_word' id='word_1_249' title='bbox 1667 2266 1790 2306; x_wconf 89' lang='lat' dir='ltr'><strong>verbo</strong></span> 
     </span>
     <span class='ocr_line' id='line_1_33' title="bbox 209 2319 1791 2378; baseline 0.001 -16"><span class='ocrx_word' id='word_1_250' title='bbox 209 2319 381 2376; x_wconf 85' lang='lat' dir='ltr'><strong>inserto)</strong></span> <span class='ocrx_word' id='word_1_251' title='bbox 414 2323 605 2364; x_wconf 84' lang='lat' dir='ltr'><strong>constitui</strong></span> <span class='ocrx_word' id='word_1_252' title='bbox 636 2324 703 2364; x_wconf 84' lang='lat' dir='ltr'><strong>vix</strong></span> <span class='ocrx_word' id='word_1_253' title='bbox 733 2327 879 2375; x_wconf 84' lang='lat' dir='ltr'><strong>potest.</strong></span> <span class='ocrx_word' id='word_1_254' title='bbox 932 2321 1014 2376; x_wconf 73' lang='grc' dir='ltr'><strong><em>ἠχὼ</em></strong></span> <span class='ocrx_word' id='word_1_255' title='bbox 1047 2338 1087 2363; x_wconf 85' lang='grc' dir='ltr'><strong><em>π.</em></strong></span> <span class='ocrx_word' id='word_1_256' title='bbox 1110 2339 1144 2376; x_wconf 78' lang='grc' dir='ltr'><strong><em>χ.</em></strong></span> <span class='ocrx_word' id='word_1_257' title='bbox 1175 2319 1359 2378; x_wconf 83' lang='grc' dir='ltr'><strong><em>(καλοῦσι</em></strong></span> <span class='ocrx_word' id='word_1_258' title='bbox 1390 2320 1499 2378; x_wconf 84' lang='grc' dir='ltr'><strong><em>νῦν).</em></strong></span> <span class='ocrx_word' id='word_1_259' title='bbox 1532 2327 1709 2364; x_wconf 82' lang='lat' dir='ltr'><strong>ceterum</strong></span> <span class='ocrx_word' id='word_1_260' title='bbox 1741 2327 1791 2365; x_wconf 86' lang='lat' dir='ltr'><strong>cf.</strong></span> 
     </span>
     <span class='ocr_line' id='line_1_34' title="bbox 208 2380 1791 2438; baseline 0.001 -17"><span class='ocrx_word' id='word_1_261' title='bbox 208 2381 351 2423; x_wconf 81' lang='lat' dir='ltr'><strong>Aesoh.</strong></span> <span class='ocrx_word' id='word_1_262' title='bbox 390 2383 500 2423; x_wconf 85' lang='lat' dir='ltr'><strong>Pers.</strong></span> <span class='ocrx_word' id='word_1_263' title='bbox 541 2385 638 2424; x_wconf 88' lang='lat'><strong>390.</strong></span> <span class='ocrx_word' id='word_1_264' title='bbox 713 2384 844 2424; x_wconf 79' lang='lat' dir='ltr'><strong>Str.ab</strong></span> <span class='ocrx_word' id='word_1_265' title='bbox 878 2387 922 2432; x_wconf 87' lang='grc'><strong><em>8,</em></strong></span> <span class='ocrx_word' id='word_1_266' title='bbox 963 2386 1047 2424; x_wconf 88' lang='grc'><strong><em>376</em></strong></span> <span class='ocrx_word' id='word_1_267' title='bbox 1088 2380 1310 2437; x_wconf 70' lang='grc' dir='ltr'><strong><em>(Αἴγιναν)</em></strong></span> <span class='ocrx_word' id='word_1_268' title='bbox 1356 2383 1547 2436; x_wconf 81' lang='grc' dir='ltr'><strong><em>ἐμπόριον</em></strong></span> <span class='ocrx_word' id='word_1_269' title='bbox 1589 2382 1791 2438; x_wconf 80' lang='grc' dir='ltr'><strong><em>γενέσθαι,</em></strong></span> 
     </span>
    </p>
   </div>
   <div class='ocr_carea' id='block_1_11' title="bbox 146 2440 1791 2518">
    <p class='ocr_par' dir='ltr' id='par_1_11' title="bbox 146 2440 1791 2518">
     <span class='ocr_line' id='line_1_35' title="bbox 146 2440 1791 2518; baseline 0.002 -37"><span class='ocrx_word' id='word_1_270' title='bbox 146 2496 149 2502; x_wconf 18' lang='grc' dir='ltr'><strong>Ἰ</strong></span> <span class='ocrx_word' id='word_1_271' title='bbox 212 2440 279 2481; x_wconf 83' lang='grc' dir='ltr'><strong><em>διὰ</em></strong></span> <span class='ocrx_word' id='word_1_272' title='bbox 309 2440 382 2493; x_wconf 78' lang='grc' dir='ltr'><strong><em>τὴν</em></strong></span> <span class='ocrx_word' id='word_1_273' title='bbox 413 2442 683 2518; x_wconf 41' lang='grc' dir='ltr'><strong><em>λυπρόητητα</em></strong></span> <span class='ocrx_word' id='word_1_274' title='bbox 714 2449 794 2496; x_wconf 84' lang='grc' dir='ltr'><strong><em>τῆς</em></strong></span> <span class='ocrx_word' id='word_1_275' title='bbox 826 2443 978 2496; x_wconf 85' lang='grc' dir='ltr'><strong><em>χώρας</em></strong></span> <span class='ocrx_word' id='word_1_276' title='bbox 1008 2449 1087 2483; x_wconf 82' lang='grc' dir='ltr'><strong><em>τῶν</em></strong></span> <span class='ocrx_word' id='word_1_277' title='bbox 1122 2442 1355 2498; x_wconf 83' lang='grc' dir='ltr'><strong><em>ἀνθρώπων</em></strong></span> <span class='ocrx_word' id='word_1_278' title='bbox 1385 2444 1791 2497; x_wconf 84' lang='grc' dir='ltr'><strong><em>θαλαττουργούντων</em></strong></span> 
     </span>
    </p>
   </div>
   <div class='ocr_carea' id='block_1_12' title="bbox 210 2497 1791 2677">
    <p class='ocr_par' dir='ltr' id='par_1_12' title="bbox 210 2497 1791 2677">
     <span class='ocr_line' id='line_1_36' title="bbox 211 2497 1789 2578; baseline 0.003 -38"><span class='ocrx_word' id='word_1_279' title='bbox 211 2499 452 2554; x_wconf 79' lang='grc' dir='ltr'><strong><em>ἐμπορικῶς,</em></strong></span> <span class='ocrx_word' id='word_1_280' title='bbox 495 2498 570 2554; x_wconf 83' lang='grc' dir='ltr'><strong><em>ἀφ’</em></strong></span> <span class='ocrx_word' id='word_1_281' title='bbox 617 2497 666 2543; x_wconf 85' lang='grc' dir='ltr'><strong><em>οὗ</em></strong></span> <span class='ocrx_word' id='word_1_282' title='bbox 709 2502 790 2543; x_wconf 88' lang='grc' dir='ltr'><strong><em>τὸν</em></strong></span> <span class='ocrx_word' id='word_1_283' title='bbox 835 2503 995 2556; x_wconf 86' lang='grc' dir='ltr'><strong><em>ρῶπον</em></strong></span> <span class='ocrx_word' id='word_1_284' title='bbox 1031 2503 1296 2578; x_wconf 85' lang='grc' dir='ltr'><strong><em>Αἰγιναίαν</em></strong></span> <span class='ocrx_word' id='word_1_285' title='bbox 1341 2502 1553 2556; x_wconf 79' lang='grc' dir='ltr'><strong><em>ἐμπολὴν</em></strong></span> <span class='ocrx_word' id='word_1_286' title='bbox 1593 2502 1789 2557; x_wconf 84' lang='grc' dir='ltr'><strong><em>λέγεσθαι.</em></strong></span> 
     </span>
     <span class='ocr_line' id='line_1_37' title="bbox 212 2561 1791 2617; baseline 0.002 -17"><span class='ocrx_word' id='word_1_287' title='bbox 212 2561 347 2612; x_wconf 84' lang='lat' dir='ltr'><strong>Etym.</strong></span> <span class='ocrx_word' id='word_1_288' title='bbox 380 2576 429 2600; x_wconf 92' lang='lat' dir='ltr'><strong>m.</strong></span> <span class='ocrx_word' id='word_1_289' title='bbox 464 2564 532 2615; x_wconf 93' lang='grc'><strong><em>28,</em></strong></span> <span class='ocrx_word' id='word_1_290' title='bbox 567 2565 622 2603; x_wconf 88' lang='grc'><strong><em>10</em></strong></span> <span class='ocrx_word' id='word_1_291' title='bbox 654 2563 862 2617; x_wconf 84' lang='grc' dir='ltr'><strong><em>Αἰγιναῖα·</em></strong></span> <span class='ocrx_word' id='word_1_292' title='bbox 893 2562 940 2603; x_wconf 84' lang='grc' dir='ltr'><strong><em>τὰ</em></strong></span> <span class='ocrx_word' id='word_1_293' title='bbox 965 2562 1118 2615; x_wconf 84' lang='grc' dir='ltr'><strong><em>ρωπικὰ</em></strong></span> <span class='ocrx_word' id='word_1_294' title='bbox 1150 2563 1307 2615; x_wconf 82' lang='grc' dir='ltr'><strong><em>φορτία,</em></strong></span> <span class='ocrx_word' id='word_1_295' title='bbox 1337 2562 1404 2603; x_wconf 82' lang='grc' dir='ltr'><strong><em>καὶ</em></strong></span> <span class='ocrx_word' id='word_1_296' title='bbox 1436 2563 1478 2603; x_wconf 82' lang='grc' dir='ltr'><strong><em>οἱ</em></strong></span> <span class='ocrx_word' id='word_1_297' title='bbox 1504 2564 1791 2615; x_wconf 85' lang='grc' dir='ltr'><strong><em>πιπράσκοντες</em></strong></span> 
     </span>
     <span class='ocr_line' id='line_1_38' title="bbox 210 2616 1787 2677; baseline 0.003 -18"><span class='ocrx_word' id='word_1_298' title='bbox 210 2616 524 2674; x_wconf 80' lang='grc' dir='ltr'><strong><em>αἰγιναιοπῶλαι.</em></strong></span> <span class='ocrx_word' id='word_1_299' title='bbox 562 2623 700 2662; x_wconf 83' lang='lat' dir='ltr'><strong>eadem</strong></span> <span class='ocrx_word' id='word_1_300' title='bbox 719 2623 894 2674; x_wconf 83' lang='lat' dir='ltr'><strong>Hesych.</strong></span> <span class='ocrx_word' id='word_1_301' title='bbox 919 2623 1121 2677; x_wconf 87' lang='grc' dir='ltr'><strong><em>Αἰγιναῖα.</em></strong></span> <span class='ocrx_word' id='word_1_302' title='bbox 1171 2623 1301 2663; x_wconf 85' lang='lat' dir='ltr'><strong>Schol.</strong></span> <span class='ocrx_word' id='word_1_303' title='bbox 1316 2623 1428 2663; x_wconf 86' lang='lat' dir='ltr'><strong>Pind.</strong></span> <span class='ocrx_word' id='word_1_304' title='bbox 1443 2623 1504 2663; x_wconf 88' lang='lat' dir='ltr'><strong>Ol.</strong></span> <span class='ocrx_word' id='word_1_305' title='bbox 1519 2625 1557 2674; x_wconf 91' lang='grc'><strong><em>8,</em></strong></span> <span class='ocrx_word' id='word_1_306' title='bbox 1574 2625 1627 2663; x_wconf 89' lang='grc'><strong><em>28</em></strong></span> <span class='ocrx_word' id='word_1_307' title='bbox 1649 2638 1686 2674; x_wconf 93' lang='lat' dir='ltr'><strong><em>p.</em></strong></span> <span class='ocrx_word' id='word_1_308' title='bbox 1705 2628 1724 2663; x_wconf 89' lang='lat'>1</span> <span class='ocrx_word' id='word_1_309' title='bbox 1734 2627 1757 2664; x_wconf 88' lang='lat'>9</span> <span class='ocrx_word' id='word_1_310' title='bbox 1765 2627 1787 2663; x_wconf 87' lang='grc'><strong><em>2</em></strong></span> 
     </span>
    </p>
   </div>
   <div class='ocr_carea' id='block_1_13' title="bbox 210 2679 1790 2796">
    <p class='ocr_par' dir='ltr' id='par_1_13' title="bbox 210 2679 1790 2796">
     <span class='ocr_line' id='line_1_39' title="bbox 211 2679 1790 2739; baseline 0.003 -20"><span class='ocrx_word' id='word_1_311' title='bbox 211 2679 386 2721; x_wconf 86' lang='lat' dir='ltr'><strong>Boeckh.</strong></span> <span class='ocrx_word' id='word_1_312' title='bbox 417 2679 485 2721; x_wconf 90' lang='grc' dir='ltr'><strong><em>τὸν</em></strong></span> <span class='ocrx_word' id='word_1_313' title='bbox 517 2680 581 2721; x_wconf 79' lang='grc' dir='ltr'><strong><em>ἐπὶ</em></strong></span> <span class='ocrx_word' id='word_1_314' title='bbox 612 2683 830 2735; x_wconf 82' lang='grc' dir='ltr'><strong><em>μεταβολῆς</em></strong></span> <span class='ocrx_word' id='word_1_315' title='bbox 858 2679 895 2737; x_wconf 85' lang='grc'><strong><em>(-</em></strong></span> <span class='ocrx_word' id='word_1_316' title='bbox 902 2680 947 2739; x_wconf 73' lang='grc' dir='ltr'><strong><em>ᾖ)</em></strong></span> <span class='ocrx_word' id='word_1_317' title='bbox 973 2682 1123 2736; x_wconf 84' lang='grc' dir='ltr'><strong><em>φόρτον</em></strong></span> <span class='ocrx_word' id='word_1_318' title='bbox 1148 2682 1405 2736; x_wconf 74' lang='grc' dir='ltr'><strong><em>Αἶγινητικὸν</em></strong></span> <span class='ocrx_word' id='word_1_319' title='bbox 1436 2682 1570 2736; x_wconf 86' lang='grc' dir='ltr'><strong><em>ε’λεγον</em></strong></span> <span class='ocrx_word' id='word_1_320' title='bbox 1601 2682 1668 2723; x_wconf 83' lang='grc' dir='ltr'><strong><em>καὶ</em></strong></span> <span class='ocrx_word' id='word_1_321' title='bbox 1698 2682 1790 2732; x_wconf 86' lang='grc' dir='ltr'><strong><em>τοὺς</em></strong></span> 
     </span>
     <span class='ocr_line' id='line_1_40' title="bbox 210 2739 779 2796; baseline 0.005 -16"><span class='ocrx_word' id='word_1_322' title='bbox 210 2739 472 2789; x_wconf 83' lang='grc' dir='ltr'><strong><em>παντοπώλας</em></strong></span> <span class='ocrx_word' id='word_1_323' title='bbox 502 2741 779 2796; x_wconf 68' lang='grc' dir='ltr'><strong><em>αὸγινοπώλας.</em></strong></span> 
     </span>
    </p>
   </div>
   <div class='ocr_carea' id='block_1_14' title="bbox 497 2825 1441 2999">
    <p class='ocr_par' dir='ltr' id='par_1_14' title="bbox 497 2825 1441 2999">
     <span class='ocr_line' id='line_1_41' title="bbox 954 2825 1041 2868; baseline -0.011 0"><span class='ocrx_word' id='word_1_324' title='bbox 954 2825 1041 2868; x_wconf 90' lang='grc'><strong><em>670</em></strong></span> 
     </span>
     <span class='ocr_line' id='line_1_42' title="bbox 1100 2883 1441 2939; baseline 0.003 -14"><span class='ocrx_word' id='word_1_325' title='bbox 1100 2883 1326 2938; x_wconf 82' lang='grc' dir='ltr'><strong><em>συνδήσας</em></strong></span> <span class='ocrx_word' id='word_1_326' title='bbox 1357 2883 1441 2939; x_wconf 80' lang='grc' dir='ltr'><strong><em>ἄρα</em></strong></span> 
     </span>
     <span class='ocr_line' id='line_1_43' title="bbox 497 2941 706 2999; baseline 0.005 -15"><span class='ocrx_word' id='word_1_327' title='bbox 497 2941 558 2984; x_wconf 84' lang='grc' dir='ltr'><strong><em>τὼ</em></strong></span> <span class='ocrx_word' id='word_1_328' title='bbox 589 2948 706 2999; x_wconf 79' lang='grc' dir='ltr'><strong><em>χεῖρε</em></strong></span> 
     </span>
    </p>
   </div>
  </div>
 </body>
</html>
