2014 3334
721 238 926 272 ΑΔΗΔῼΝ
949 238 1212 274 ΔΡΑΜΑΤΩΝ
1669 237 1756 281 249

923 346 1010 390 977

463 420 679 476 ποτήριον
709 419 952 476 τορνευτόν
982 423 1047 458 καὶ
1078 420 1267 476 τορευτά

297 504 541 559 Μένανδρός
565 505 646 547 πού
671 517 807 558 φησιν.
857 506 1091 546 Athenaeus
1120 508 1187 558 11,
1215 509 1295 546 781
1309 520 1341 546 e.
1374 503 1598 558 ‘tornacum
1624 511 1755 547 rotun-

178 563 328 608 datum'
360 571 402 607 et
433 562 654 607 ‘caelatum'
688 567 805 606 Mein.
842 569 879 606 1.
930 567 979 606 cf.
1012 566 1184 606 Lobeck.
1219 567 1432 618 Phrynich.
1467 570 1563 607 324.

925 683 1011 727 978

463 745 575 801 πρός
605 759 658 800 με

297 832 355 872 Io.
386 831 543 870 Charax
575 831 746 872 Bekker.
772 826 921 872 Ahecd.
949 833 1066 872 1154
1098 829 1207 884 παρὰ
1238 830 1471 888 Μενάνδρῳ
1503 836 1758 883 σημειοῦνται

176 889 219 931 τὸ
250 890 349 945 πρός
379 906 427 943 με
459 888 652 944 ἐγκλιθέν.
779 904 783 908 ’
909 898 912 901 ’

924 973 1012 1016 979

465 1058 789 1115 σπαρτοπόλιος
820 1057 1055 1114 ὠμόγραυς

300 1144 469 1184 Photius
501 1143 808 1196 σπαρτοπόλιον·
841 1141 894 1192 ὥς
924 1141 1056 1196 ἡμεῖς.
1093 1141 1160 1183 καὶ
1191 1141 1435 1198 Μένανδρος
1466 1146 1544 1183 κτλ.
1591 1155 1759 1196 σπαρτο-

179 1203 318 1257 πόῇιος
349 1202 486 1254 Mein]
520 1203 797 1256 σπαρτήπωλις
827 1204 913 1244 οοᾶ.
964 1201 1173 1257 ὠμόγραυς
1203 1204 1300 1243 Lob.
1321 1203 1493 1254 Paralip.
1529 1201 1634 1256 227]
1667 1201 1759 1255 ὅμο-

176 1269 300 1318 γραῦς
320 1264 405 1304 cod.
424 1264 548 1303 etiam
568 1263 869 1316 σπαρτοπώλιον
887 1264 972 1304 cod.
990 1286 1037 1291 -—
1055 1265 1200 1304 Pollux
1211 1265 1250 1314 4,
1264 1265 1347 1304 153
1374 1259 1400 1314 ἡ
1421 1263 1707 1318 σπαρτοπόλιος
1726 1294 1736 1304 .
1751 1294 1760 1304 .

179 1324 299 1376 δηλοῖ
322 1326 376 1380 τῷ
408 1321 570 1376 ὀνόματι
602 1321 674 1375 τὴν
707 1322 831 1375 ἰδέαν,
863 1324 1006 1376 μηνύει
1038 1321 1080 1364 δὲ
1111 1322 1305 1376 ἑταίραν
1336 1322 1649 1375 πεπαυμένην
1679 1329 1761 1376 τῆς

176 1383 354 1437 τέχνης.
416 1385 464 1423 cf.
496 1384 601 1423 idem
634 1387 674 1436 4,
707 1386 804 1425 134.
838 1384 969 1424 Schol.
990 1385 1089 1424 Ven.
1121 1384 1239 1423 Hom.
1269 1384 1318 1423 11.
1353 1386 1419 1434 13,
1453 1386 1535 1424 361
1574 1383 1758 1436 μεσαιπό-

177 1447 261 1492 λιος
298 1441 318 1484 ὅ
350 1443 559 1498 λεγόμενος
602 1443 910 1496 σπαρτοπόλιος,
949 1437 980 1501 ᾧ
1018 1442 1300 1498 διεσπαρμέναι
1338 1442 1436 1484 εἰσὶν
1474 1443 1522 1484 αἵ
1551 1444 1706 1496 πολιαί,
1738 1442 1759 1484 ὃ

178 1505 338 1557 μεσῆλιξ
366 1500 511 1565 (Mein.
545 1504 577 1542 V
615 1506 711 1545 108.
739 1502 797 1556 9).

471 1645 726 1702 Ταναγρικὴ
759 1647 874 1701 γυνή
925 1586 1014 1629 980

299 1733 527 1785 Stephanus
547 1733 640 1784 Byz‘.
666 1731 898 1786 Τάναγρα..
912 1763 922 1773 .
936 1731 1003 1772 καὶ
1023 1730 1268 1787 Μένανδρος
1291 1734 1332 1771 Τ.
1351 1747 1386 1785 γ.
1419 1733 1467 1772 cf.
1490 1732 1643 1784 Sophil.
1659 1734 1697 1785 4,
1718 1735 1757 1772 4.

929 1838 1012 1880 981

465 1899 574 1955 φίλη
606 1901 763 1941 πειθοῖ

300 1985 562 2025 Choerobosc.
594 1985 678 2024 cod.
711 1985 834 2024 Maro.
864 1999 902 2035 p.
932 1986 1030 2035 335,
1063 1987 1120 2024 20
1151 1982 1218 2024 καὶ
1244 1982 1488 2037 Μένανδρος
1519 1987 1596 2025 κτλ.
1638 1986 1760 2037 vulgo

181 2047 324 2096 poetae
355 2057 501 2084 nomen
531 2057 608 2084 om.

927 2125 1015 2168 982

466 2186 660 2243 ἄνναρος

301 2272 592 2323 Ατίεὺορὴειιιοε
619 2273 715 2324 Byz.
735 2273 783 2312 fr.
805 2273 930 2312 Paris.
949 2287 987 2323 p.
1009 2274 1198 2312 40-42.
1229 2287 1268 2323 p.
1290 2275 1346 2312 84
1362 2286 1420 2324 sq.
1456 2275 1538 2312 172
1572 2270 1761 2326 ἅγγαρος·

183 2330 204 2371 ὁ
230 2331 273 2372 ἐκ
297 2332 486 2384 διαδοχῆς
510 2331 856 2386 γραμματοφόρος,
887 2330 941 2380 ὦς
957 2328 1174 2384 εΗρόδοτος
1201 2327 1260 2386 (8,
1282 2329 1368 2387 98).
1431 2330 1498 2371 καὶ
1530 2332 1571 2372 οἵ
1598 2331 1763 2380 εὐτελεῖς

184 2389 227 2431 δὲ
257 2390 325 2432 καὶ
342 2389 517 2444 ἄφρονες
548 2391 674 2440 οὕτως
693 2389 959 2444 ὠνομάζοντο,
990 2390 1044 2440 ὦς
1067 2390 1323 2445 Μένανδρος.
1373 2388 1561 2446 (ἅγγαρος
1586 2393 1760 2442 primum

182 2465 270 2491 eam
301 2452 384 2493 vim
415 2452 570 2502 accepiss
605 2455 653 2492 ut
690 2455 797 2492 esset
827 2453 870 2492 id
907 2453 1015 2504 quod
1045 2450 1228 2505 ἐργάτης,
1266 2450 1483 2504 ὑπηρέτης,
1515 2450 1762 2504 ἀχθοφόρος,

183 2511 326 2551 deinde
358 2511 410 2550 ad
441 2512 647 2562 stupidum
672 2513 894 2563 quemlibet
924 2513 1123 2551 hominem
1158 2515 1199 2551 eb
1224 2513 1364 2551 inertis
1396 2512 1548 2562 ingenii
1581 2511 1761 2551 baiulum

183 2572 428 2610 translatum
459 2567 550 2611 est'.
600 2572 755 2612 Nauck.
790 2572 910 2612 Arist.
945 2571 1045 2624 Byz.
1072 2586 1109 2623 p.
1145 2575 1240 2612 172.
1276 2593 1330 2598 -
1365 2573 1413 2611 cf.
1447 2573 1547 2610 440.

927 2676 1014 2720 983

471 2735 641 2791 ἀγυιετς

307 2821 350 2862 οἱ
375 2820 484 2876 παρὰ
513 2825 596 2870 τοῖς
621 2818 809 2871 Ἀττικοῖς
844 2821 1046 2877 λεγόμενοι
1077 2822 1120 2863 ot
1145 2820 1222 2874 πρὸ
1253 2826 1331 2861 τῶν
1363 2820 1500 2862 οἰκιῶν
1531 2821 1679 2874 βωμοί,
1710 2821 1763 2871 ὥς

185 2891 284 2981 (ζέσοι
309 2882 507 2981 Ιξὲοὲτῖνος
538 2879 675 2936 (375)
701 2881 769 2923 καὶ
793 2880 1048 2935 Μένανδρος.
1115 2882 1412 2932 Harpocration
1443 2883 1483 2933 4,
1507 2883 1572 2921 17.
1611 2882 1661 2922 cf.
1692 2884 1762 2923 45,
