2014 3334
865 241 964 275 ΤΗΣ
990 241 1119 275 ΝΕΑΣ
1696 238 1782 282 467

202 353 419 407 σουδάριον
445 351 685 406 ὀνομάζεται.
730 353 903 405 Hesyoh.
927 353 1215 408 καψιδρώτιον·
1243 348 1349 402 εἶδος
1368 352 1612 406 χιτωνίσκου.
1645 367 1785 394 vocem

199 427 280 455 non
316 415 526 467 vulgarem
567 414 710 462 fuisse,
754 414 823 452 sed
862 427 886 453 a
917 415 1068 454 comico
1107 415 1243 465 aliquo
1281 414 1358 454 ioci
1397 427 1518 454 causa
1558 414 1784 454 adhibitam

201 476 338 515 censet
368 474 521 514 Fielitz.
556 474 617 514 De
648 475 732 513 ΑΗ..
766 486 866 513 com.
898 475 979 525 bip.
1014 476 1081 514 19.

949 590 1036 634 326

486 653 706 707 λουτῆρας

319 737 464 778 Pollux
498 739 535 789 7,
571 739 653 778 167
686 734 713 788 ἡ
744 735 816 777 νέα
847 737 1038 794 κωμῳδία
1068 736 1135 777 καὶ
1165 740 1197 778 λ.
1230 735 1343 792 λέγει.

756 893 760 896 .
949 854 1035 898 327

486 915 698 971 μαχαίρια

319 999 488 1042 ἐκάλουν
519 1000 562 1042 οἱ
594 1000 678 1041 νέοι
708 999 894 1058 κωμῳδοὶ
931 999 974 1041 ἐν
1006 997 1066 1049 οἷς
1103 1000 1323 1055 ἀπέσχαζον
1354 1000 1381 1054 ἢ
1413 979 1585 1055 ἔσχαζον.
1637 1002 1781 1042 Pollux

201 1064 240 1110 4,
275 1063 373 1102 182.
423 1060 527 1102 οὕτω
563 1060 638 1115 γὰρ
676 1060 811 1114 ἔλεγον
847 1060 890 1101 τὸ
928 1059 1131 1113 ἀμύσσειν.
1192 1060 1427 1115 κατέσχαζον
1472 1062 1615 1101 deletis
1659 1060 1702 1102 ἐν
1739 1065 1782 1101 et

198 1119 420 1175 ἀπέσχαζον
444 1119 472 1174 ἢ
486 1122 702 1162 ‘Herwerd.
724 1121 818 1161 Obs.
837 1122 926 1161 crit.
950 1124 1046 1162 116.
1097 1123 1146 1162 cf.
1166 1123 1339 1162 Lobeck.
1359 1123 1500 1162 Rhem.
1521 1124 1590 1162 84.
1623 1122 1780 1162 Pathol.

199 1182 248 1222 el.
280 1182 301 1221 I
335 1183 433 1222 128.

709 1293 714 1303 f
946 1263 1034 1307 328

485 1322 664 1380 ὀρεινόν

317 1409 462 1449 Pollux
495 1411 532 1461 7,
567 1412 620 1450 69
666 1408 708 1449 τὸ
746 1407 951 1450 ἅκναπτον
988 1409 1144 1462 ἱμάτιον
1182 1408 1339 1464 ὀρεινὸν
1376 1411 1420 1451 οἱ
1452 1409 1563 1463 μέσοι
1600 1411 1781 1464 κωμικοί,

198 1467 329 1522 ὥσπερ
348 1467 605 1523 εἰργασμένον
623 1467 666 1509 τὸ
686 1467 945 1523 ἕγναμμένον.
972 1467 1143 1523 (ὀρεινὸν
1163 1485 1242 1511 non
1263 1468 1457 1524 expedio'.
1477 1472 1596 1511 Mein.
1617 1474 1666 1513 cf.
1682 1475 1779 1512 323.

949 1588 1035 1631 329

483 1669 752 1726 ὀστοθήκην,
787 1670 1036 1715 ὀστοκόπον

318 1756 462 1796 Pollux
495 1759 534 1809 2,
567 1759 651 1797 232
697 1755 723 1809 ἡ
755 1755 826 1797 νέα
856 1759 1046 1814 κωμῳδία
1077 1757 1143 1798 καὶ
1174 1756 1309 1799 ὃστοθ.
1340 1758 1407 1798 καὶ
1438 1757 1565 1800 ὄστοκ.
1597 1759 1708 1814 λέγει.

943 1875 1031 1918 330

484 1958 731 2013 πισύγγους
739 1991 750 2013 ,
782 1958 996 2014 πισύγγια

317 2044 463 2083 Pollux
497 2047 534 2097 7,
567 2047 621 2084 82
653 2044 747 2093 τοὺς
777 2044 823 2085 τὰ
855 2044 1092 2098 ὑποδήματα
1124 2045 1343 2099 ράπτοντας
1377 2047 1650 2101 πισύγγους
1682 2047 1781 2089 ἔνιοι

199 2098 262 2156 (οἱ
299 2101 380 2143 νέοι
412 2099 553 2158 Mein.)
595 2110 674 2144 τῶν
716 2111 903 2158 κωμικῶν
947 2109 1130 2158 καλοῦσι,
1173 2105 1240 2146 καὶ
1282 2106 1329 2147 τὰ
1371 2106 1605 2161 ἐργαστήρια
1648 2107 1782 2148 αὐτῶν

197 2163 436 2217 πισύγγια.
499 2164 673 2216 Hesyoh.
709 2168 751 2205 et
789 2166 904 2206 Phot.
945 2162 1182 2221 (Herodian.
1215 2167 1256 2206 II
1290 2169 1387 2217 567,
1422 2165 1498 2221 28)
1547 2168 1776 2222 πισύγγιον·

199 2227 390 2263 σκυτεῖον.
416 2224 509 2265 Hes.
535 2224 758 2278 πισύγγων·
792 2223 977 2266 σκυτέων.
1028 2228 1077 2268 cf.
1107 2228 1278 2267 Lobeok.
1312 2228 1470 2267 Pathol.
1496 2229 1596 2279 prol.
1619 2231 1715 2269 306.
1743 2232 1779 2269 7.

949 2343 1033 2387 331

484 2402 710 2458 πονηρούς

319 2486 494 2526 Cramer.
515 2489 662 2528 Anecd.
683 2488 753 2528 Ox.
773 2489 793 2528 Ι
814 2491 911 2530 372.
946 2492 969 2530 3
1003 2489 1192 2543 πονηρός,
1224 2489 1245 2530 ὃ
1271 2490 1367 2531 κατὰ
1399 2490 1536 2544 ψυχὴν
1568 2490 1799 2544 ὀξυτόνως,“

200 2543 221 2585 ὁ
255 2543 297 2585 δὲ
328 2545 425 2585 κατὰ
458 2553 570 2599 σῶμα
599 2548 958 2601 προπαροξυτόνως
991 2582 999 2589 .
1021 2582 1058 2590 ..
1092 2550 1135 2590 οἵ
1162 2548 1294 2602 μέντοι
1326 2551 1506 2604 νεώτεροι
1539 2558 1609 2604 τῆς
1639 2568 1780 2608 κωμῳ-

201 2605 288 2653 δίας
318 2605 478 2658 ποιηταὶ
509 2639 517 2647 .
552 2639 559 2647 .
591 2606 633 2647 τὸ
665 2606 792 2660 ὄνομα
822 2609 1071 2662 πονηροὺς
1108 2609 1322 2664 ἐξήνεγκαν
1353 2610 1446 2659 τοὺς
1477 2610 1648 2663 ἐρῶντας
1671 2611 1781 2664 παρὰ

199 2664 241 2705 τὸ
272 2669 412 2706 πονεῖν
443 2665 486 2706 ἐν
516 2669 570 2723 τῷ
601 2666 706 2720 ἐρᾶν.

941 2750 1028 2794 332

485 2810 831 2863 προσωποποιόν

320 2882 462 2921 Pollux
495 2884 533 2934 2,
565 2884 619 2922 47
665 2878 691 2933 ἡ
729 2881 801 2922 νέα
843 2884 1031 2941 κωμῳδία
1074 2883 1140 2924 καὶ
1176 2899 1241 2938 πρ.
1286 2885 1440 2938 εἴρηκεν
1484 2883 1532 2926 ὃν
1572 2883 1598 2938 ἡ
1636 2885 1780 2939 ἀρχαία

200 2940 437 2981 σκευοποιόν
469 2936 614 2996 (Arist.
645 2943 719 2993 Eq.
753 2938 870 2998 232).

1419 3013 1492 3049 30²²
