2014 3334
528 254 894 295 ΚΑΤΑΛΟΓΑΔΗΝ
919 261 1345 295 ΜΕΤΕΣΧΗΜΑΊῚΣΜ
1350 263 1412 295 ΕΝ
1414 264 1444 296 Α
1682 261 1739 304 68
1749 262 1763 302 l

189 371 351 412 Ruhnk.
384 371 485 412 Tim.
515 366 636 426 199)·
674 369 780 429 ᾅδει
811 369 860 412 δὲ
897 370 1024 421 άλλως
1055 371 1121 413 καὶ
1158 376 1258 422 τοῖς
1290 372 1479 426 ἐμοῖσιν
1511 372 1627 415 ὠσὶν
1658 373 1770 415 ἀπι-

187 430 353 480 θάνως
378 430 386 481 Ι
413 430 480 472 καὶ
504 413 804 485 ἀμουσότερα
829 433 1145 486 Λειβηθρίων
1172 428 1243 487 (Λ.
1268 430 1301 473 τ’
1331 429 1635 490 ἀμουσότερον),
1661 431 1764 475 οὐδ’

188 489 394 548 ἐρυθριᾷ
424 490 647 604 Ι)περιττῶς
683 490 961 547 ἐκπεριτρέχων
1006 492 1196 542 διαύλους
1234 490 1426 548 (fortasse
1465 494 1583 544 όλους
1615 495 1650 536 δ.
1683 495 1769 536 δια-

189 565 258 592 κεν
288 567 309 600 ς
339 549 422 592 ἐκπ.

258 556 286 604 ἣ
310 614 354 651 Γ.
376 607 453 652 οἷα
473 607 632 667 (ὁποῖα)
653 612 818 666 βούλει
842 611 921 653 καὶ
941 612 1025 653 ὅσα
1044 608 1269 687 (χώπόσ’)
1256 613 1313 653 ἀν
1338 612 1486 671 θέλῃς
1506 613 1590 656 εἶπέ
1609 611 1745 669 (λέγε).
1762 611 1767 671 Ι

189 670 248 717 οὐ
275 670 362 725 γὰρ
395 669 472 724 ἐμὲ
502 674 659 729 γελᾷς,
691 670 717 726 ἡ
749 672 870 725 καλή,
908 671 1023 714 ἀλλὰ
1057 670 1179 728 (ἀλλ’,
1212 668 1242 713 ὦ
1273 670 1426 729 γύναι,)
1456 675 1461 726 Ι
1489 674 1569 715 τὸν
1590 673 1770 728 ’Ἐρωτα

188 731 373 780 παίζεις
417 728 493 787 (sic
527 734 702 784 Me1·.‚cer
745 731 871 782 πέζεις
903 730 1053 787 Vind..)
1115 732 1245 782 ἐλπὶς
1289 732 1378 787 ἄρα
1418 734 1499 775 τὸν
1530 735 1728 788 τοξότην

188 789 377 832 ἐκεῖνον
413 797 594 833 τοιοῦτον
633 790 800 847 (τοιόνδ’
834 792 988 834 ἐκεῖνον
1025 789 1132 848 τάχ’)
1165 793 1430 846 ἐπαφεῖναί
1465 807 1540 836 σοι
1575 793 1734 848 βέλος,

189 850 256 891 ἵνα
293 851 443 893 τούτων
461 851 856 906 προκαλινδουμένη
897 859 975 894 τῶν
1013 854 1152 894 ποδῶν
1192 851 1383 907 (fortasse
1421 854 1518 896 ὥστε
1555 859 1770 909 προκαλιν-

190 911 352 952 δεῖσθαί
387 923 429 953 σε
459 904 538 952 τῶν
573 913 713 954 ποδῶν
751 911 863 968 ἐμοί)
902 913 1077 970 ἱκετεύῃς
1109 911 1174 965 ἐμὲ
1205 912 1247 954 τὸ
1280 913 1351 954 σὸν
1383 913 1605 955 ἀκέσασθαι
1635 916 1771 964 πάθος

189 968 251 1023 (τὸ
283 970 355 1012 σὸν
385 970 446 1012 ἀκ.
478 969 588 1013 πόλλ’
623 972 878 1014 ἱκετεύουσαν
910 970 1034 1026 π.)..
1062 1005 1071 1014 .
1113 973 1253 1025 ἔνθα,
1285 975 1424 1026 φασίν,
1455 973 1630 1027 άνεμος
1661 974 1770 1016 ούτε

189 1029 322 1083 μένειν
353 1030 460 1072 ούτε
491 1035 628 1073 πλεῖν
660 1032 709 1090 ἐᾷ
744 1031 937 1088 (fortasse
969 1005 1058 1074 ἕνθ’
1094 1027 1178 1074 ούτ’
1213 1033 1404 1087 ἐφορμεῖν
1436 1033 1499 1075 άν.
1531 1036 1642 1091 κτλ).

309 1093 471 1144 superbi
509 1075 777 1134 adulesce‘ntis
819 1108 995 1134 amorem
1029 1095 1239 1146 superbior
1270 1095 1419 1135 inridet
1450 1097 1597 1147 puella.
1632 1118 1687 1124 —-
1721 1098 1769 1136 de

190 1165 286 1192 voce
306 1151 539 1206 εὐπάρυφος
558 1155 608 1193 cf.
628 1154 805 1195 Nicostr.
828 1157 867 1194 9.
899 1155 1001 1194 Poll.
1023 1157 1061 1206 7,
1082 1157 1150 1195 46.
1191 1155 1238 1195 de
1259 1156 1472 1196 Libethriis
1491 1157 1715 1210 Thugenid.
1731 1159 1769 1196 4.

923 1284 1038 1328 1574

309 1370 591 1411 Aristaenetus
619 1373 657 1424 2,
686 1374 710 1412 9
743 1386 782 1423 p.
813 1374 894 1412 163
927 1370 1033 1424 ἐμοὶ
1065 1370 1112 1412 δὲ
1143 1371 1320 1412 τούτου
1353 1369 1405 1425 (τ.
1432 1369 1470 1412 δ’
1499 1369 1577 1428 ἐμ.)
1607 1368 1612 1427 Ι
1641 1371 1691 1425 νὴ
1729 1372 1772 1414 τὸ

191 1427 263 1470 σὸν
293 1429 508 1482 πρόσωπον
533 1431 733 1484 βραχεῖα
763 1430 963 1505 φροντὶς
996 1431 1111 1484 πρὸς
1140 1430 1300 1485 ετερόν
1324 1448 1374 1486 γε
1399 1435 1561 1485 μεῖζον
1586 1433 1746 1474 κακόν.
1765 1429 1769 1486 Ι

189 1505 226 1541 p.
271 1491 353 1530 164
397 1489 511 1542 ἐμὸν
553 1491 560 1540 Ι
602 1489 645 1531 τὸ
694 1489 916 1544 ἀτύχημα
961 1497 1122 1544 τοῦτο,
1168 1490 1216 1532 σὲ
1261 1491 1310 1532 δὲ
1352 1492 1400 1533 τὸ
1444 1493 1671 1545 παράπαν
1714 1493 1771 1534 οὐ

188 1547 332 1603 ψέγω.
358 1549 366 1600 Ι
394 1555 607 1604 τοιγαροῦν
639 1551 866 1592 ἱκετεύων
903 1549 1002 1605 υπὲρ
1035 1558 1108 1592 σοῦ
1140 1551 1225 1604 τὴν
1262 1553 1416 1604 Δίκην
1455 1550 1604 1594 ου’ποτ’
1636 1551 1708 1606 άν,
1740 1549 1772 1593 ὦ

191 1610 377 1662 φιλτάτη,
420 1611 681 1664 παυσαίμην
723 1607 914 1666 (fortasse
949 1608 1192 1666 παύσομαι),
1233 1613 1425 1664 μηδαμῶς
1465 1612 1592 1665 αὐτὴν
1631 1614 1686 1662 εἰς
1717 1629 1772 1654 τι-

190 1670 344 1722 μωρίαν
375 1676 453 1710 τῶν
483 1667 770 1723 ημαρτημένων
803 1671 950 1723 ἐλθεῖν,
982 1671 1079 1712 ἀλλὰ
1110 1672 1176 1712 καὶ
1205 1670 1210 1725 Ι
1240 1667 1386 1720 αὖθις
1417 1671 1701 1726 ἀδικούσης,
1733 1675 1780 1714 εἴ

188 1728 239 1783 γέ
270 1741 345 1770 σοι
381 1736 520 1770 τοῦτο
560 1726 699 1786 (τοῦτό
732 1727 819 1787 σοι)
859 1733 1022 1783 φίλον,
1062 1732 1068 1782 Ι
1109 1731 1370 1785 ἀνέχεσθαι
1410 1733 1558 1773 πάλιν
1591 1730 1655 1787 (π.
1682 1731 1771 1787 ἀν.)

190 1789 257 1830 καὶ
289 1787 374 1842 (σοί
401 1785 459 1845 τε)
492 1791 782 1845 συγγνώμην
814 1790 1067 1844 ἀπονέμειν
1094 1790 1101 1846 Ι
1128 1798 1180 1848 τῇ
1212 1798 1267 1848 σῇ
1293 1791 1573 1845 πρέπουσαν
1598 1791 1772 1849 ἡλικία.

190 1873 247 1878 -
273 1853 431 1890 amator
460 1852 655 1902 perfidam
687 1853 864 1903 puellam
891 1853 1036 1893 lenitel
1062 1854 1262 1893 admonet.
1313 1854 1362 1892 ef.
1390 1854 1526 1894 Henn.
1552 1855 1645 1893 XXI
1674 1857 1772 1895 391

926 1981 1040 2025 1575

313 2067 596 2108 Aristaenetus
623 2071 661 2121 2,
691 2070 744 2108 12
778 2083 815 2119 p,
844 2070 927 2108 165
961 2066 1037 2122 ἐγὼ
1068 2067 1154 2122 γὰρ
1186 2068 1419 2122 πενιχρὰν
1453 2065 1512 2124 (π.
1537 2066 1591 2123 γ.)
1618 2069 1773 2119 ἐξεπί-

146 2141 163 2153 ·
190 2127 328 2180 τηδες
359 2126 631 2181 ἠγαγόμην,
663 2123 815 2182 ὅπωςΙ
842 2127 1051 2181 εὐπόρου
1083 2135 1290 2183 γαμετῆς
1315 2127 1464 2182 μηδὲν
1489 2128 1774 2182 ὑποστήσωμαι

191 2186 402 2240 σοβαρόν
441 2183 557 2242 (μηδ.
589 2189 675 2241 σοβ.
707 2188 881 2240 πάθοιμι
912 2205 946 2242 γ.
979 2183 1100 2243 eina).
1130 2189 1136 2238 Ι
1163 2187 1230 2228 καὶ
1266 2187 1396 2242 ἤρων
1433 2188 1580 2243 αὐτῆς
1616 2187 1696 2245 (ἥρ.
1731 2189 1774 2231 δὲ

190 2242 354 2302 ταύτης)
386 2246 577 2299 αὐτίκα,
609 2247 651 2288 τὸ
682 2253 839 2302 πρῶτον
871 2254 940 2300 τῆς
966 2247 1134 2301 ἀπορίας
1159 2247 1286 2301 αὐτὴν
1313 2248 1580 2302 ἐποικτείρων,
1611 2249 1678 2290 καὶ
1702 2256 1773 2303 τῆς

190 2307 311 2361 τύχης
342 2306 523 2360 ἐνόμιζον
555 2306 682 2359 αὐτὴν
714 2307 849 2361 ἐλεεῖν,
881 2307 956 2349 οὐκ
986 2306 1099 2365 ᾔδειν
1132 2307 1174 2349 δὲ
1207 2309 1263 2349 ὅτι
1294 2316 1472 2358 τοιοῦτος
1498 2309 1605 2358 ἕλεος
1631 2309 1774 2364 ἔρωτός

190 2365 295 2408 ἐστιν
332 2365 444 2421 ἀρχή.
472 2366 555 2418 Ιέκ
591 2367 678 2423 γὰρ
711 2367 844 2409 ἐλέου
882 2367 934 2408 τὰ
971 2367 1120 2409 πολλὰ
1158 2368 1331 2421 φύεται
1374 2369 1540 2418 πόθος.
1575 2366 1580 2425 Ι
1615 2368 1710 2410 ἀλλ’
1746 2369 1772 2423 ἡ

191 2432 424 2468 τοσοῦτον
461 2426 500 2477 ἐξ
538 2426 660 2483 ἀρχης
696 2427 780 2481 τὴν
819 2428 965 2482 τύχην
995 2427 1171 2481 ἐνδεὴς
1209 2425 1308 2483 (ἐνδ.
1346 2445 1424 2483 μου
1450 2445 1481 2470 τ.
1507 2426 1557 2485 τ.)
1587 2426 1592 2485 Ι
1620 2430 1774 2484 πάσης

192 2486 390 2541 ὁμοζύγου
423 2483 650 2543 (γυναικὸς)
687 2489 922 2537 πλουσίας
960 2488 1189 2543 φρύαγμα
1226 2488 1305 2529 καὶ
1331 2489 1338 2541 Ι
1365 2495 1519 2542 τῦφον
1556 2493 1688 2548 πολλῷ
1719 2494 1773 2548 τῷ

192 2546 296 2603 μέσῳ
328 2551 603 2602 παρηλθεν,
635 2547 732 2589 ἔστι
764 2547 812 2589 δὲ
843 2548 922 2590 καὶ
954 2545 1085 2603 (κάστι
1116 2554 1193 2589 νῦν
1224 2548 1305 2599 καὶ)
1340 2548 1421 2590 τὸν
1459 2549 1634 2625 τρόπον
1663 2533 1673 2601 Ι
1696 2549 1775 2591 καὶ

192 2605 401 2659 τοῦνομα
432 2604 612 2660 (τοῦνομ’
642 2605 784 2663 ὄντως)
813 2609 1107 2662 Δεινομάχη,
1138 2608 1204 2649 καὶ
1235 2607 1288 2650 τὼ
1321 2613 1422 2663 χεῖρε
1454 2609 1566 2664 μόγις
1592 2609 1773 2664 ἀπέχεται

193 2664 318 2720 (Plat.
350 2667 488 2720 Symp.
515 2665 656 2723 213d)
696 2667 764 2708 καὶ
801 2668 942 2722 ὥσπερ
983 2667 1215 2710 δέσποινα
1247 2669 1357 2722 δεινὴ
1391 2669 1651 2723 κεκράτηκέ
1681 2687 1772 2723 μου

191 2732 373 2780 πικρῶς
410 2723 579 2781 (πικρῶς
615 2726 655 2768 τέ
691 2744 769 2781 μου
797 2725 803 2783 Ι
831 2744 933 2782 κεκρ.
973 2727 1026 2777 ὡς
1064 2726 1192 2782 δέσπ.)
1232 2727 1339 2769 οὔτε
1376 2735 1478 2783 γοῦν
1517 2725 1679 2783 (κούθ’)
1713 2729 1774 2779 ὥς

192 2785 402 2840 εύπορον
419 2782 422 2842 Ι
439 2793 588 2839 τιμῶσα
608 2786 716 2829 ούτε
735 2804 816 2841 μην
836 2787 895 2837 ὡς
915 2789 1147 2830 σύνοικον
1167 2788 1436 2841 αἰδουμένη
1457 2785 1650 2844 <fortasse
1671 2787 1770 2831 οὔθ’

194 2846 247 2896 ὥς
284 2847 370 2896 ξύν.
407 2845 572 2895 ἐνδίκως
608 2844 720 2903 αἰδ.).
747 2844 904 2911 Ιταῢτά
941 2864 1019 2901 μοι
1056 2865 1137 2901 της
1174 2855 1380 2902 γαμετῆς
1418 2848 1544 2890 ἐστιν
1576 2866 1602 2902 η
1635 2851 1773 2904 προίξ

196 2903 362 2960 (αὕτη’
367 2905 450 2947 στὶν
482 2922 508 2958 η
539 2921 604 2962 πρ.
642 2903 720 2960 ἆρα
750 2924 782 2949 τ.
812 2925 848 2963 γ.
880 2905 997 2963 ἐμοί).
1037 2910 1044 2958 Ι
1083 2907 1150 2949 ναὶ
1181 2908 1236 2960 μὰ
1274 2906 1358 2962 (καὶ
1389 2904 1462 2964 νὴ)
1494 2907 1565 2951 Δί’
1606 2932 1658 2939 -—-
1698 2909 1773 2951 ’ὑπ-

195 2966 451 3020 εμνήσθην
489 2962 612 3022 (ἐμν.)
595 2967 729 3022 )γάρ
764 2991 813 2997 -
848 2968 1131 3022 θαυμαστὸν
1163 2967 1448 3025 ἕπηνέγκατό
1480 2985 1546 3023 μοι
1578 2968 1774 3012 κάκεῖνο
