2014 3334
291 214 376 256 752
784 195 1138 250 'SUPPLEMENTA
1164 217 1271 253 VOL.
1284 218 1352 268 v111

412 329 515 374 113,
550 328 573 364 2
619 325 812 376 μάττομεν
850 326 1057 366 Kaibelius
1094 329 1194 366 conl.
1226 327 1325 367 Poll.
1359 330 1403 379 3,
1442 330 1494 367 41
1541 326 1566 379 ’ἦ
1598 328 1645 368 τὰ
1680 328 1860 382 πέμματα

291 385 507 436 μάττουσα.
530 415 537 423 .
557 414 567 423 .
581 384 830 438 δημιουργός.
1734 395 1739 397 ’
1838 391 1847 395 ”

412 447 506 483 185.
556 447 649 494 post
679 446 754 483 hoc
785 446 832 483 fr.
865 445 953 484 add.
987 441 1217 485 ‘Praeterea
1248 448 1295 486 cf.
1329 446 1508 487 Chionid.
1542 444 1595 488 6.'

414 506 508 543 199.
553 501 606 550 ὡς
637 502 782 560 ἐσχάτῳ
814 500 1192 557 Μυσῶν’κέχρηταί
1219 521 1287 557 μοι
1319 502 1361 559 (υ
1372 502 1427 560 ,).
1476 506 1519 546 Ο.
1547 507 1710 547 Orusius
1741 508 1857 548 Anal.

289 564 374 602 crit.
408 565 476 603 49.

411 625 506 662 241.
551 623 775 662 Philemoni
819 621 869 662 ἐν
913 623 1080 678 Νόθῳ,
1131 638 1232 676 quae
1274 626 1397 664 verba
1441 627 1585 665 desunt
1622 627 1856 677 Diogenian.

291 682 459 722 Vindob.
489 684 528 732 2,
554 684 623 733 45,
649 683 793 721 tribuit
819 684 901 722 cod.
922 684 1048 722 Paris.
1070 685 1198 734 suppl.
1220 698 1278 735 gr.
1301 687 1385 724 676
1406 699 1442 723 n.
1465 687 1516 724 41
1543 682 1683 738 (Cohn.
1711 701 1747 737 p.
1771 682 1857 741 76).

289 742 358 780 sed
390 743 438 780 cf.
472 741 514 781 O.
549 741 660 780 Orus.
694 742 837 781 Philol.
870 742 997 782 XLVI
1030 745 1125 783 629.

407 804 504 851 320,
538 804 562 840 3
597 799 759 856 δευτέρα
791 798 872 852 μετ’
908 802 1066 849 εἰκάδας
1097 803 1261 843 Usener.

407 862 504 911 325,
539 863 574 900 6.
627 862 675 899 of.
709 862 830 900 etiam
862 863 961 913 407,
995 864 1031 901 3.
1065 865 1102 901 4.

406 923 504 970 518,
541 923 605 960 16.
650 920 865 972 σύμμεικτα
897 921 1053 960 δειπνεῖ
1082 921 1129 960 τὰ
1160 922 1374 974 μελίπηκτα
1403 926 1487 970 ταῖς
1521 923 1668 975 κίχλαις
1699 924 1854 964 Kaibel.

407 982 503 1028 531,
538 982 561 1019 9
595 979 695 1019 κούκ
726 977 925 1033 ὀργιστέον
958 982 999 1020 F.
1027 982 1095 1021 W.
1117 982 1308 1021 Schmidt.
1361 983 1472 1022 Stud.
1505 983 1591 1022 crit.
1621 984 1685 1022 ΙΠ
1717 985 1784 1023 63.

407 1041 505 1090 534,
540 1042 593 1078 12
638 1039 772 1091 νόμοι]
806 1040 959 1091 φθόνοι
991 1042 1032 1080 F.
1060 1041 1121 1080 W.
1148 1041 1337 1081 Schmidt.

407 1102 505 1149 538,
541 1101 563 1137 7
610 1097 839 1151 ἐπήρκεσεν·
871 1099 998 1156 χρόνῳ
1030 1099 1167 1140 κοινὸν
1198 1104 1275 1140 κτλ.
1324 1102 1432 1141 idem
1465 1104 1531 1142 69.

409 1161 506 1210 546,
540 1161 577 1198 2.
622 1158 689 1198 διὰ
719 1158 792 1210 τὴν
822 1160 961 1199 λαλιάν
992 1161 1040 1199 A.
1074 1161 1226 1200 Nauck.
1254 1162 1344 1200 Mel.
1377 1176 1436 1212 gr.
1461 1175 1559 1201 rom.
1586 1162 1627 1200 II
1660 1164 1757 1212 335,
1789 1161 1856 1202 διὰ

287 1216 359 1268 τὴν
390 1219 537 1269 μανίαν
569 1219 611 1257 F.
639 1219 700 1258 W.
735 1219 927 1258 Schmidt.
963 1222 1027 1259 63.

406 1280 505 1329 559,
537 1280 575 1316 4.
619 1276 793 1329 ἀστεῖον]
826 1279 1043 1318 πανάκειον
1074 1280 1180 1318 idem
1207 1282 1282 1320 69:
1315 1294 1393 1331 qua
1418 1281 1546 1321 forma
1573 1282 1730 1320 Atticos
1761 1294 1855 1321 usos

286 1350 371 1376 esse
403 1339 469 1377 vix
501 1338 629 1377 credo.

408 1399 505 1448 714,
539 1400 574 1436 1.
620 1396 852 1449 συμβουλὴν
883 1399 964 1437 iam
994 1399 1239 1439 Heimsoeth.
1271 1400 1357 1438 Ind.
1383 1400 1507 1439 Bonn.
1543 1397 1697 1451 1866s7
1725 1414 1794 1441 vn.

407 1459 502 1496 763.
557 1453 790 1496 ‘Menandro
834 1471 997 1497 versum
1039 1459 1183 1498 tribuit
1225 1459 1448 1498 Meinekius
1493 1462 1534 1498 et
1578 1463 1639 1499 est
1681 1461 1854 1500 fortasse

284 1517 426 1556 comici
456 1512 627 1567 poetae?
677 1517 831 1556 Nauck.
853 1519 917 1557 Tr.
944 1532 1002 1570 gr.
1035 1519 1081 1557 fr.
1109 1519 1243 1568 adesp.
1271 1520 1326 1557 94
1358 1533 1396 1568 p.
1418 1521 1514 1558 668.
1537 1522 1573 1559 9.
1624 1520 1730 1570 quod
1761 1533 1854 1559 con-

283 1577 376 1626 latis
424 1577 620 1615 Demetrii
662 1577 795 1616 verbis
842 1578 909 1617 vix
958 1578 1170 1629 quisquam
1214 1578 1418 1617 dubitabit
1460 1579 1557 1628 quin
1605 1592 1745 1618 verum
1789 1580 1853 1618 sit.

282 1637 421 1687 itaque
451 1637 554 1674 nihil
586 1638 671 1686 agit
697 1636 901 1687 Gomperz.
932 1638 975 1676 in
1005 1638 1095 1676 Act.
1127 1638 1235 1677 acad.
1262 1638 1432 1677 Vindob.
1461 1639 1574 1677 1888
1606 1653 1644 1689 p.
1665 1641 1732 1678 50.
1757 1642 1792 1677 1.

405 1697 501 1735 915.
548 1694 800 1747 ἕκκεχύκασιν
832 1696 1092 1736 Choerobosc.
1125 1712 1161 1747 p.
1196 1698 1294 1747 241,
1331 1699 1395 1736 15.
1426 1699 1477 1736 16
1512 1697 1636 1737 Gaisf.
1658 1698 1852 1737 cod.Ven.

283 1757 386 1794 teste
419 1755 580 1795 Cobeto.
632 1756 678 1794 cf.
714 1755 997 1795 Schneidewin.
1032 1756 1077 1795 G.
1098 1770 1141 1810 >g.
1169 1757 1216 1794 A.
1254 1758 1378 1807 1848,
1413 1758 1538 1796 1796.

403 1817 502 1855 939.
545 1816 592 1854 cf.
626 1828 727 1867 quae
767 1828 889 1866 supra
920 1829 956 1866 p.
993 1817 1073 1854 741
1109 1818 1207 1854 extr.
1247 1816 1298 1854 ad
1329 1815 1506 1854 Alexidis
1545 1815 1752 1867 Κρατεύαν
1783 1816 1852 1855 ad-

282 1877 485 1914 notantur.

404 1937 489 1974 960
521 1935 775 1974 referendum
808 1937 898 1973 erat
927 1935 1034 1973 inter
1065 1935 1269 1985 adespota.

403 1995 454 2032 ad
486 1995 634 2033 calcem
665 1995 983 2046 fragmentorum
1009 1994 1216 2032 Menandri
1246 1994 1485 2045 fragmentis
1516 1994 1717 2045 adespotis
1749 2007 1851 2045 quae

282 2054 491 2093 Menandri
527 2054 592 2093 vel
629 2067 714 2093 esse
753 2056 923 2104 possunt
959 2054 1023 2093 vel
1062 2054 1259 2092 habentur
1296 2054 1478 2093 addenda
1515 2055 1608 2093 sunt
1646 2056 1743 2094 217.
1786 2057 1850 2093 18.

284 2115 380 2152 514.
417 2115 512 2153 613.
550 2115 615 2152 14.
651 2115 746 2154 747.

939 2205 1200 2238 SOSIPATER

403 2280 466 2319 Fr.
504 2283 538 2318 1.
583 2280 782 2331 copiosius
815 2280 862 2318 de
894 2281 969 2319 hoc
1001 2281 1296 2330 disputabimus
1327 2280 1368 2318 in
1400 2280 1501 2318 Mus.
1536 2279 1659 2318 Rhen.

954 2419 1185 2453 EUPHRON

403 2483 467 2521 Fr.
505 2486 539 2521 1.
585 2483 631 2522 cf.
665 2495 766 2534 quae
799 2483 848 2521 de
879 2483 954 2522 hoc
986 2483 1033 2521 fr.
1066 2482 1361 2532 disputabimus
1392 2482 1435 2520 in
1465 2482 1565 2521 Mus.
1599 2481 1722 2519 Rhen.

905 2621 1232 2658 PHOENIOIDES

402 2699 465 2737 Fr.
501 2700 538 2748 2,
572 2700 608 2736 5.
662 2698 710 2736 cf.
743 2697 865 2736 etiam
897 2697 1102 2746 Aristoph.
1135 2697 1182 2735 fr.
1215 2697 1312 2735 433.
1358 2696 1528 2734 Martial.
1566 2697 1631 2744 13,
1665 2697 1730 2734 61.

928 2823 1207 2857 POSIDIPPUS

401 2902 465 2939 Fr.
498 2901 536 2939 4.
582 2899 804 2949 disputavit
836 2899 883 2938 de
918 2900 992 2939 hoc
1023 2899 1070 2936 fr.
1098 2897 1141 2937 O.
1163 2897 1326 2937 Crusius
1352 2898 1468 2936 Anal.
1496 2897 1583 2936 crit.
1611 2897 1666 2935 64
1685 2909 1722 2934 n.
1749 2897 1787 2934 4.
