2014 3334
304 232 387 273 186
630 231 633 235 ’
942 233 1241 268 MENANAPOT

513 425 705 480 χαλεπόν
736 440 786 479 γε
817 422 982 467 τοιαῦτ’
1020 423 1140 467 ἐστὶν
1171 424 1498 483 ἐξαμαρτάνειν,

513 494 540 537 ἃ
572 495 645 538 καὶ
676 495 821 551 λέγειν
855 495 1075 551 ὀκνοῦμεν
1107 497 1154 539 οἱ
1180 499 1457 553 πεπραχότες.

423 582 618 622 Stobaeus
646 583 784 622 Floril.
805 585 844 633 4,
877 585 901 623 8
936 588 1005 623 τοῦ
1038 582 1160 623 αὐτοῦ
1193 578 1460 639 (Μενάνδρου
1495 587 1531 624 6.
1567 580 1611 639 7)
1646 586 1692 624 A.
1724 583 1873 626 ἄτοπον

307 663 349 669 *-
388 642 424 681 εἰ
458 642 710 695 πεπράχαμεν
746 643 892 682 Naber.
925 644 1069 683 Mnem.
1101 657 1189 684 nov.
1223 644 1322 682 VIII
1356 646 1454 684 423.
1487 646 1556 684 sed
1589 647 1637 685 ef.
1672 647 1768 685 628.
1832 648 1870 685 2.

298 701 536 755 πεπραγότες
568 703 703 754 Steph.

1047 784 1133 827 620

514 854 676 911 εὐηθία
708 870 783 910 μοι
815 857 1036 911 φαίνεται,
1073 855 1341 912 Φιλουμένη,

513 927 562 969 τὸ
594 934 718 970 νοεῖν
750 924 830 982 μὲν
863 927 945 970 ὅσα
978 928 1059 982 δεῖ,
1093 928 1151 983 μὴ
1185 928 1488 983 φυλάττεσθαι
1521 926 1561 971 δ’
1599 928 1625 971 ἃ
1658 930 1736 972 δεῖ.

422 1014 619 1053 Stobaeus
652 1014 790 1053 Floril.
824 1016 863 1063 4,
897 1016 950 1054 28
985 1014 1233 1068 Μενάνδρου
1264 1016 1312 1054 Α.
1361 1016 1520 1055 Maxim.
1547 1015 1657 1056 Conf.
1687 1018 1742 1055 24
1774 1018 1874 1056 extr.

298 1088 335 1124 p.
358 1076 441 1113 606
471 1074 681 1113 Combefis.
747 1077 782 1113 1.
815 1072 983 1124 εὐήθεια
1015 1075 1117 1114 Max.
1139 1074 1250 1114 Conf.
1287 1074 1514 1127 Φιλουμένη
1547 1071 1693 1130 BentL]
1728 1076 1871 1128 δηλου-

297 1131 411 1184 μένη,
452 1134 574 1172 etiam
606 1134 708 1172 Max.
792 1136 815 1172 2
855 1132 898 1183 ἃ]
940 1132 1012 1172 ὅσα
1052 1134 1116 1173 hic
1155 1146 1313 1187 quoque
1349 1131 1412 1174 B¹.
1475 1132 1725 1186 ‘intellegere
1769 1149 1871 1187 quae

297 1194 479 1245 intellegi
512 1206 610 1244 opus
643 1193 707 1243 sit,
741 1194 809 1232 sed
840 1206 920 1233 non
952 1206 1092 1233 cavere
1125 1207 1149 1232 a
1180 1195 1326 1246 quibus
1358 1196 1579 1235 cavendum
1612 1191 1693 1234 sit'.

1047 1311 1130 1353 621

513 1381 536 1424 ὁ
569 1381 627 1436 μὴ
661 1378 813 1437 φέρων
845 1381 929 1437 γὰρ
963 1377 1013 1423 εὖ
1045 1396 1086 1423 τι
1117 1388 1207 1424 τῶν
1240 1381 1288 1424 ἐν
1322 1388 1381 1440 τῷ
1414 1384 1497 1440 βίῳ

512 1452 698 1507 ἀγαθῶν
730 1451 962 1507 ἀλόγιστός
994 1452 1124 1508 ἐστιν,
1157 1451 1257 1508 οὐχὶ
1289 1454 1513 1510 μακάριος.

418 1539 614 1578 Stobaeus
646 1539 784 1578 Floril.
819 1541 844 1577 4
879 1542 932 1579 39
979 1540 1228 1592 Μενάνδρου
1260 1540 1308 1579 A.
1391 1543 1427 1579 2.
1466 1539 1684 1593 ἀλόγιστός]
1731 1539 1874 1594 ἄλογός

297 1599 381 1637 ΑΒ.
426 1595 568 1651 ἄλογός
599 1613 655 1646 τις
676 1599 799 1638 Gaisf.
844 1597 930 1651 οὐχὶ
951 1599 1088 1650 Mein.]
1111 1598 1171 1640 οὐ.
1217 1597 1326 1639 οὔτοι
1345 1601 1475 1639 Bentl.
1527 1599 1728 1653 ἀλόγιστος
1760 1596 1874 1649 οὗτός

300 1654 400 1709 ἐστ’,
432 1657 481 1697 οὐ
513 1674 551 1709 μ.
584 1659 753 1698 antehae
784 1659 902 1698 Mein.

1041 1752 1128 1794 622

512 1822 765 1866 τάπίθανον
799 1824 927 1879 ἰσχὺν
958 1828 1035 1878 τῆς
1066 1822 1278 1878 ἀληθείας
1309 1824 1397 1879 ἔχει

513 1893 653 1937 ἐνίοτε
685 1895 813 1950 μείζω
845 1892 918 1937 καὶ
949 1893 1263 1952 πιθανωτέραν
1295 1896 1422 1953 ὄχλῳ.

421 1981 618 2020 Stobaeus
644 1981 781 2020 Floril.
811 1983 877 2032 12,
911 1984 934 2021 8
968 1981 1216 2034 Μενάνδρου
1243 1982 1290 2021 A.
1357 1985 1391 2021 1.
1424 1980 1698 2021 τάπίθανον
1730 1981 1797 2033 K]
1829 1981 1872 2022 τὸ

298 2038 486 2079 πιθανὸν.
552 2039 594 2080 τὸ
631 2041 783 2091 ψεῦδος
814 2041 1004 2081 Valcken.
1037 2043 1164 2081 Diatr.
1199 2043 1295 2081 258.
1378 2044 1415 2081 2.
1452 2039 1730 2093 πιθανωτέραν
1772 2040 1871 2098 ὄχλῳ

301 2099 485 2150 Salmas]
520 2099 798 2153 πιθανώτερον
824 2098 953 2152 ὄχλου.
1005 2098 1271 2141 ‘incredibilia
1296 2102 1402 2152 apud
1427 2102 1729 2140 multitudinem
1755 2115 1872 2152 saepe

298 2161 389 2210 plus
423 2160 514 2198 fidei
546 2160 695 2199 habent
727 2174 848 2211 quam
879 2157 1001 2200 vera’.
1051 2162 1158 2200 Plut.
1185 2162 1303 2200 Phoe.
1338 2164 1359 2199 1
1397 2156 1487 2212 (att.
1507 2161 1625 2199 Mein.
1656 2163 1675 2199 1
1705 2175 1743 2211 p.
1765 2156 1870 2215 575)

300 2218 348 2258 οὗ
380 2221 558 2258 πιθανὸν
589 2218 699 2271 ἔσχεν
737 2217 832 2259 οὐδὲ
862 2218 1076 2272 προσφιλὲς
1107 2218 1206 2276 ὄχλῳ
1238 2218 1280 2260 τὸ
1305 2214 1420 2271 ἦθος.
1471 2218 1672 2267 ἀπίθανος
1703 2233 1778 2260 vox
1809 2224 1871 2260 est

300 2279 459 2318 Platoni
491 2279 729 2330 philosopho
762 2280 930 2331 aliisque
961 2281 1100 2320 multis
1131 2280 1293 2319 usitata.

514 2468 618 2517 τοὺς
649 2467 727 2509 τὸν
760 2467 879 2510 ἴδιον
912 2468 1201 2517 δαπανῶντας
1231 2466 1475 2521 ἀλογίστως
1506 2468 1607 2521 βίον

514 2539 562 2580 τὸ
595 2541 738 2588 καλῶς
769 2537 948 2581 ἀκούειν
980 2540 1089 2594 ταχὺ
1103 2544 1241 2604 ,ποιεῖ
1267 2543 1403 2580 πᾶσιν
1434 2546 1587 2589 κακῶς.

421 2625 617 2664 Stobaeus
649 2625 786 2664 Floril.
824 2626 888 2676 15,
925 2627 945 2663 1
980 2623 1228 2676 Μενάνδρου
1256 2624 1302 2662 A.
1354 2624 1499 2663 Anton.
1532 2625 1621 2664 Mel.
1655 2626 1708 2665 56
1742 2640 1780 2675 p.
1802 2627 1870 2665 83.

301 2685 461 2723 Maxim.
494 2684 606 2723 Conf.
641 2687 709 2734 61,
745 2687 825 2723 122
859 2699 896 2735 p.
932 2686 1014 2723 672
1049 2683 1256 2723 CombeRS.
1339 2685 1375 2722 2.
1407 2682 1448 2722 τὸ
1481 2683 1572 2734 AB]
1612 2686 1676 2740 τῷ.
1731 2683 1870 2734 πᾶσιν]

299 2749 443 2794 πεινῆν
462 2745 592 2783 Bentl.
641 2744 760 2783 πάλιν
779 2745 844 2783 vel
862 2743 1024 2795 πάσχειν
1043 2743 1162 2782 Mein.
1211 2742 1400 2794 πράσσειν
1421 2738 1590 2796 (πράττ.)
1612 2745 1711 2783 Ellis
1730 2744 1757 2782 J
1759 2757 1868 2783 ourn.

301 2803 438 2852 philol.
471 2804 506 2841 X
540 2806 606 2842 21.
658 2817 749 2843 eum
780 2804 963 2843 Bentleio
994 2803 1094 2842 facit
1124 2802 1263 2842 Cobet.
1295 2804 1439 2841 Mnem.
1473 2803 1591 2841 VIIII
1627 2805 1721 2842 114.
1772 2799 1871 2842 ‘lau-

302 2862 450 2900 dantur
481 2863 672 2912 primum,
710 2863 851 2902 deinde
889 2864 990 2902 male
1021 2864 1195 2902 esuriwnt
1233 2862 1301 2912 qui
1333 2875 1425 2901 suas
1459 2875 1552 2912 opes
1586 2863 1708 2901 stulte
1740 2865 1782 2901 et
1811 2863 1870 2901 in-

302 2922 480 2960 consulte
512 2918 786 2972 profundunt'.
847 2922 980 2962 neseio
1013 2922 1209 2973 quomodo
1252 2921 1346 2960 huic
1383 2921 1706 2972 interpretationi
1737 2923 1872 2961 obstat
