2014 3334
237 255 324 297 292
620 255 623 259 ’
832 257 1209 292 ΑΠΟΛΛΟΔΩΡΟΤ

451 364 638 419 κλέπτει,
671 368 865 419 τελωνεῖ,
899 365 1177 422 ῥᾳδιουργεῖ·
1209 367 1258 409 τὸ
1292 364 1340 409 δὲ
1371 366 1520 423 πέρας,

453 436 506 478 οὐ
538 438 670 479 πόλιν
702 437 812 492 ὅλην
844 438 993 492 φυλὴν
1026 435 1074 480 δὲ
1106 439 1298 493 μαλακὸς
1330 438 1582 494 ἀνατρέπει·

392 519 431 550 15
453 507 546 551 ἐπεὶ
567 509 686 555 ,κατὰ
718 507 851 564 μέρος
881 509 958 559 τὰς
989 511 1151 564 πόλεις,
1185 506 1218 551 ὦ
1251 512 1367 565 φίλε,
1399 514 1507 564 θεῶ,

451 579 537 622 ὑπὸ
570 581 860 623 Λαισποδιῶν
891 581 976 636 γάρ
1008 582 1122 623 εἰσιν
1154 581 1545 637 ἀνατετραμμέναι,

451 653 622 694 σκόπει·
661 658 777 694 νεῶν
810 650 859 694 δὲ
890 652 1138 706 κατάλογον
1171 653 1313 704 δόξεις
1344 651 1388 708 μ’
1426 653 1554 709 ἐρεῖν.

358 738 553 777 Stobaeus
580 739 718 777 Floril.
739 740 808 790 46,
837 740 888 777 15
917 735 1218 791 Ἀπολλοδώρου
1240 741 1301 778 Α.·
1353 742 1389 778 1.
1421 737 1533 787 ὄντος
1552 741 1599 778 A.
1663 742 1700 779 2.
1732 746 1810 780 τῶν

235 795 458 849 λεγομένων
478 797 615 837 Cobet.
636 799 684 837 V.
704 793 749 836 1.2
770 799 866 837 640.
890 797 932 848 1]
959 804 1029 838 τοῦ
1055 797 1279 851 λεγομένου.
1332 800 1380 838 cf.
1398 799 1542 838 Mnem.
1566 799 1684 838 VIIII
1714 802 1809 840 128.

235 858 274 895 4.
307 855 448 907 αὐτοῦ]
488 856 615 904 εὐθὺς
652 858 858 897 Hei-werd.
891 857 984 898 Obs.
1017 859 1104 897 crit.
1139 861 1236 899 101.
1288 872 1338 897 an
1370 855 1519 898 αὐτίκ’
1555 858 1609 906 εἰς
1639 859 1677 898 τί
1704 860 1809 900 mk?

233 915 332 968 πρός
374 932 411 956 τι
453 915 721 968 καταθέμενος
764 920 811 957 ut
854 918 1015 957 videtur
1047 919 1094 956 A.
1144 910 1242 973 κᾷτα
1281 915 1451 968 θέμενος
1494 915 1546 965 ὡς
1584 916 1714 958 ὡύτοῦ
1745 914 1811 959 ΒΞ.

234 975 559 1028 κατατεθειμένος
591 978 708 1017 Mein.
741 978 784 1016 in
816 977 926 1016 Stob.
957 975 1055 1029 πρὸς
1086 977 1124 1016 τί
1151 975 1420 1028 καταθέμενος
1451 975 1551 1031 λέγει
1583 975 1689 1030 (cum
1716 993 1808 1030 pro-

234 1031 535 1091 celeusmatico)
557 1036 693 1076 Cobet.
738 1037 852 1077 scrib.
873 1038 1008 1087 potius
1040 1035 1308 1088 καταθέμενος
1339 1035 1442 1089 ἔχει.
1497 1038 1671 1078 aoristus
1704 1039 1809 1077 enim

234 1096 276 1134 in
306 1097 381 1135 hac
412 1097 640 1147 periphrasi
677 1110 757 1136 non
793 1097 925 1135 minus
964 1097 1140 1136 usitatus
1177 1097 1370 1147 perfecto.
1431 1099 1524 1136 ante
1555 1110 1593 1137 v.
1629 1100 1651 1136 7
1691 1099 1810 1148 plura

235 1156 425 1195 excidisse
446 1156 670 1195 arbitratur
688 1157 806 1195 Mein.
828 1156 938 1195 Stob.
957 1155 1043 1195 IIII
1062 1169 1186 1196 van.
1251 1159 1288 1196 7.
1315 1154 1453 1207 αὐτὸν]
1481 1155 1615 1204 αὐτοῖς
1635 1157 1806 1209 Gesner„

235 1216 341 1266 quod
372 1216 505 1255 deleta
536 1217 856 1267 interpunctione
889 1211 955 1268 (ut
981 1217 1276 1268 coniungantur
1301 1215 1434 1263 αὐτοῖς
1458 1212 1690 1270 πράττουσι)
1714 1231 1805 1268 pro-

234 1275 304 1314 bat
335 1275 454 1314 Mein.
486 1277 527 1314 in
560 1276 669 1315 Stob.
706 1274 841 1323 αὐτοῖς
871 1274 949 1315 ἀπὸ
980 1275 1099 1327 τύχης
1129 1276 1305 1326 Madvig.
1336 1275 1504 1316 Advers.
1537 1277 1624 1316 crit.
1655 1277 1676 1315 I
1711 1279 1804 1317 719.

238 1337 302 1374 10.
334 1333 453 1386 ἀπηρ.
494 1335 626 1374 Halm.
659 1336 768 1374 Lect.
801 1335 909 1375 Stob.
944 1335 1018 1385 52]
1052 1334 1163 1387 ἀπερ.
1244 1337 1310 1374 14.
1344 1335 1379 1374 εἰ
1407 1333 1461 1386 μὴ
1501 1335 1635 1387 πόλιν,
1672 1335 1806 1387 φυλὴν

233 1391 253 1433 ὅ
287 1393 447 1433 Gesner.
488 1389 746 1448 (adversatur
777 1409 815 1435 v.
848 1391 905 1448 6).
944 1394 1105 1447 φύρδην
1141 1393 1168 1434 ὁ
1205 1395 1358 1434 Iacobs.
1389 1395 1526 1434 Addit.
1557 1395 1703 1435 Athen.
1736 1397 1805 1435 25.

232 1452 329 1504 ὅλην
364 1453 499 1505 πόλιν,
537 1452 586 1494 ού
624 1470 666 1505 φ.
697 1455 872 1506 Madvig.
951 1469 988 1494 v.
1024 1457 1077 1493 14
1120 1454 1425 1505 suppositicium
1470 1467 1634 1494 censens
1676 1453 1719 1494 τὸ
1763 1452 1806 1495 δὲ

231 1511 366 1565 πέρας,
393 1512 491 1552 κατὰ
514 1512 629 1565 μέρος
655 1513 776 1561 αὐτὰς
801 1513 869 1561 τὰς
893 1513 1038 1564 πόλεις,
1064 1508 1094 1552 ὦ
1115 1514 1218 1564 φίλε,
1243 1517 1342 1564 θεῶ,
1367 1512 1445 1553 ὑπὸ
1464 1516 1613 1553 Λαισπ.
1633 1513 1687 1562 ὥς
1705 1514 1804 1555 εἰσιν

231 1571 566 1624 ἀνατετραμμέναι
597 1573 642 1613 Ο.
674 1574 807 1612 Hense
845 1574 954 1613 Lect.
987 1574 1095 1613 Stob.
1129 1575 1165 1613 8.
1194 1575 1231 1612 9.
1287 1576 1407 1624 atque
1445 1573 1498 1621 ὥς
1541 1574 1639 1613 εἰσιν
1682 1575 1804 1613 etiam

235 1632 281 1671 G.
294 1633 342 1671 A.
364 1633 566 1685 Hirschig.
589 1634 692 1671 Ann.
713 1634 798 1672 crit.
822 1635 889 1672 28.
955 1634 1020 1672 15.
1052 1631 1154 1682 θεῶ]
1185 1630 1296 1672 Θέων
1323 1633 1501 1681 Salmas„
1528 1633 1635 1684 quod
1659 1648 1804 1673 nomen

231 1692 348 1731 hodie
381 1692 541 1743 quidem
573 1693 681 1743 apud
713 1693 884 1732 comicos
915 1705 994 1731 non
1026 1695 1165 1732 exstat.
1232 1694 1298 1732 16.
1329 1693 1592 1732 Λαισποδίων
1624 1689 1699 1745 (sic
1729 1707 1802 1744 pro

235 1747 388 1804 -ιῶν)
422 1749 606 1804 Salmas]
639 1752 862 1803 λεπριδίων.
911 1752 1147 1805 λεσπριδίων
1165 1752 1214 1790 A.
1263 1751 1338 1804 γάρ
1369 1751 1468 1791 εἰσιν
1499 1751 1671 1803 Iacobs.]
1704 1753 1803 1792 εἰσιν

229 1810 315 1864 γὰρ.
381 1814 446 1851 17.
477 1810 580 1851 νέων
612 1811 839 1864 καταλόγων
869 1807 934 1852 Bl.
983 1810 1104 1864 ἐρεῖν]
1138 1810 1264 1863 αἴρειν
1294 1812 1343 1850 A.

353 1872 390 1910 2.
429 1867 572 1911 ‘dicere
610 1871 771 1912 videtur
807 1874 928 1922 poeta
964 1884 1062 1920 quae
1098 1873 1210 1921 vulyo
1249 1873 1298 1911 ab
1335 1872 1553 1911 hominibus
1589 1873 1635 1911 de
1672 1874 1802 1921 aliwo

230 1927 477 1970 narrantur'.
526 1931 644 1972 Mein.
666 1931 778 1970 Stob.
797 1931 882 1970 lIII
906 1944 1030 1971 van.
1079 1931 1202 1970 immo
1231 1927 1475 1980 ‘priusquam
1506 1943 1552 1970 ea
1582 1944 1681 1980 quae
1710 1933 1802 1972 dicit

224 1993 368 2040 probes
397 1992 479 2030 vita
509 1993 675 2031 oratoris
706 1992 968 2031 examinanda
999 1987 1077 2030 cst.³
1127 1991 1312 2030 Aeschin.
1335 1993 1372 2041 1,
1396 1993 1453 2030 30
1484 1989 1559 2030 οὐκ
1590 1987 1684 2047 ᾤετο
1717 1991 1801 2031 δεῖν

230 2048 251 2089 ὃ
282 2048 504 2102 νομοθέτης
540 2049 608 2090 τὸν
645 2049 790 2102 ρ”ήτορα
826 2050 939 2102 ἥκειν
976 2048 1040 2089 ἐπὶ
1077 2048 1119 2089 τὸ
1156 2051 1266 2102 βῆμα
1301 2055 1392 2089 τῶν
1429 2049 1582 2103 λόγων
1618 2049 1800 2103 ἐπιμελη-

228 2108 352 2149 θέντα
371 2109 561 2162 πρότερον
581 2107 663 2149 ἀλλ’
693 2109 741 2150 ού
761 2115 830 2150 τοῦ
850 2110 942 2162 βίου
969 2105 1091 2162 (cont.
1111 2105 1279 2163 Cobet).
1311 2110 1495 2149 Aeschin.
1509 2113 1545 2160 1,
1571 2112 1655 2150 180
1677 2107 1800 2164 (Gall.

232 2172 299 2219 18,
334 2164 379 2222 3)
412 2172 567 2209 confert
597 2170 645 2208 H.
666 2170 803 2209 Iacobi
828 2170 865 2207 V
891 2182 1025 2209 cocx1.
1088 2171 1129 2208 5.
1160 2168 1346 2208 Aeschin.
1380 2171 1417 2219 1,
1451 2171 1534 2208 182
1567 2167 1695 2222 εὑρὼν
1725 2169 1798 2221 τὴν

230 2227 374 2268 ἑαυτοῦ
404 2227 605 2282 θυγατέρα
641 2227 713 2279 τὴν
750 2226 907 2279 ἡλικίαν
939 2227 1010 2268 οὐ”
1025 2231 1153 2275 καλῶς
1186 2228 1486 2279 διαφυλάξασαν
1522 2227 1631 2280 μέχρι
1666 2229 1796 2282 γάμου

230 2285 330 2327 ‘rem
354 2289 513 2328 foedam
538 2290 753 2329 verborum
772 2289 938 2327 lenitate
965 2284 1221 2328 obumbrans'
1243 2287 1380 2326 Cobet.
1398 2288 1543 2327 Mnem.
1556 2288 1676 2327 VIIII
1700 2291 1795 2328 128.

230 2351 267 2388 9.
300 2346 429 2400 ἑτέρας
459 2348 591 2400 θύρας
613 2350 791 2397 podicem
822 2348 931 2386 dicit.
962 2348 1069 2386 Plut.
1095 2348 1193 2386 Mor.
1216 2348 1333 2386 6456
1366 2343 1504 2401 (Mein.
1525 2347 1560 2384 V
1588 2343 1692 2401 113)
1723 2347 1796 2399 τὴν

229 2406 295 2446 διὰ
332 2413 410 2447 τῶν
447 2406 557 2446 ὤτων
594 2406 789 2447 ἀποκλείει
826 2405 983 2460 τρυφὴν
1019 2405 1084 2445 καὶ
1121 2403 1377 2456 ἡδυπάθειαν
1416 2411 1462 2461 τῇ
1501 2405 1662 2463 αὐλείῳ,
1698 2406 1795 2447 κατὰ

174 2498 177 2501 .
229 2466 276 2505 τὰ
309 2465 461 2518 ὄμματα
492 2467 558 2506 καὶ
588 2466 656 2514 τὰς
687 2466 799 2519 ῥῖνας
825 2466 954 2518 ὥσπερ
985 2462 1092 2504 καθ’
1128 2464 1288 2518 ἑτέρας
1318 2465 1472 2518 θύρας
1503 2464 1718 2519 ἐπεισάγων
1748 2473 1792 2521 τῇ

227 2532 350 2580 ψυχῇ.
415 2530 482 2566 17.
514 2530 596 2566 tam
629 2528 778 2566 multas
809 2539 974 2565 numero
1004 2526 1124 2564 urbes
1150 2538 1235 2565 esse
1262 2525 1368 2575 dicit,
1402 2525 1503 2576 quae
1526 2527 1576 2564 ab
1595 2526 1793 2576 inpudicis

228 2587 456 2626 hominibus
483 2600 645 2626 eversae
678 2586 769 2637 sint,
800 2591 849 2625 ut
874 2585 1053 2625 oratione
1080 2586 1258 2636 opus-sit
1281 2586 1464 2636 longiore
1491 2599 1609 2636 quam
1630 2587 1794 2625 Homeri

227 2648 390 2685 navium
409 2647 619 2697 catalogus
639 2646 773 2695 fuerit,
807 2646 840 2684 si
866 2646 954 2697 quis
981 2657 1116 2684 omnes
1144 2657 1374 2683 enumerare
1402 2645 1511 2685 velit.
1572 2645 1724 2684 scilicet
1750 2647 1792 2684 in

229 2706 285 2744 eis
305 2718 407 2756 quae
426 2720 464 2745 v.
487 2708 539 2745 17
568 2706 838 2757 sequebantur
870 2704 1048 2756 singulas
1068 2705 1251 2743 civitates
1270 2704 1508 2743 nominatim
1525 2707 1791 2744 recensuerat.

348 2766 385 2804 5.
416 2765 590 2815 protasis
615 2766 703 2804 loco
729 2766 828 2804 haec
860 2768 969 2803 sunt:
1001 2766 1036 2803 si
1061 2766 1146 2812 quis
1169 2765 1232 2802 sui
1251 2765 1432 2812 proditor
1457 2767 1511 2803 est
1535 2765 1608 2802 cet.
1653 2764 1790 2815 itaque

227 2827 318 2874 post
360 2823 489 2874 φύλαξ
532 2825 898 2876 interpungendum
941 2825 1038 2862 erat.
1121 2825 1159 2862 7.
1191 2823 1305 2862 scrib.
1350 2820 1469 2862 οὐδὲν
1511 2820 1586 2875 γὰρ
1630 2822 1789 2875 αἰσχρόν

226 2882 329 2922 ἐστιν
361 2882 511 2931 αὐτοῖς·
549 2881 638 2923 ἀπὸ
670 2883 810 2935 τύχης
840 2882 1053 2937 πράττουσι
1082 2882 1222 2921 πάντα.
1270 2883 1368 2921 nihil
1399 2885 1453 2922 est
1476 2883 1577 2930 quod
1601 2885 1711 2931 turpe
1736 2886 1790 2922 eis

226 2945 424 2990 videatum
467 2945 580 2982 sicuti
615 2945 699 2992 fors
735 2945 828 2992 fert,
872 2945 1003 2982 omnia
1046 2946 1176 2991 ayunt.
1231 2942 1325 2993 Lys.
1359 2944 1432 2994 21,
1466 2943 1521 2980 10
1563 2946 1677 2981 τοῦτο
1716 2941 1816 2982 οὐκ
