2014 3334
538 227 736 264 KATAAO
741 226 903 261 PAAHN
929 226 965 259 M
970 225 1355 259 ΕΤΕΣΧΗΜΑΤΙΣΜ
1361 225 1455 259 ENA
1692 222 1779 265 679

201 343 437 398 μυρρίνης
463 342 470 393 Ι
498 340 593 383 εἶσὶ
633 333 847 395 (πρόσεισι)
888 336 1367 390 θάμνοι...περιθεῖ
1399 335 1558 384 κιττὸς
1597 335 1647 377 έν
1687 338 1780 392 χρῷ

200 407 260 445 τῶ
291 401 369 458 (sio
399 403 589 443 Hercher.
620 414 693 453 pro
724 395 790 456 τῇ)
822 398 941 454 λίθῳ
974 393 1030 451 (κ.
1054 395 1105 437 ’ἐν
1137 412 1193 450 χρ.
1218 410 1249 436 τ.
1276 399 1307 437 λ.
1336 396 1343 445 Ι
1369 392 1569 451 περιθεῖ).
1625 398 1651 437 5
1679 399 1779 436 extr.

199 445 250 505 τό
279 462 449 505 λοιπὸν
480 461 725 514 εὐτρεπεῖς
758 454 834 514 (sie
866 458 993 497 Seiler
1023 470 1096 508 pro
1134 451 1266 510 εὐπρ.)
1305 454 1381 496 ἐπὶ
1411 454 1498 507 τὴν
1529 454 1735 509 εὐωχίαν
1769 451 1774 509 Ι

199 519 338 577 ἦμεν.
361 555 368 562 .
389 553 398 563 .
441 524 466 563 6
493 518 553 575 ἣν
586 519 693 561 ἰδοὺ
724 518 772 559 τὸ
804 517 979 572 χωρίον
998 516 1014 566 -Ι
1041 514 1100 564 ὡς
1128 515 1363 568 ἔνδροσόν
1393 514 1522 556 ἐστιν
1553 514 1597 555 ἐν
1621 515 1777 572 κύκλῳ

199 582 278 624 καὶ
319 585 580 637 τρυφεροῖς
623 578 797 621 ἄνθεσι
839 577 1064 618 ποικίλον
1110 572 1224 631 (ἄνθ.
1264 590 1303 616 τε
1342 590 1447 616 ποικ.
1476 576 1482 625 Ι
1509 575 1641 633 κύκλῳ
1685 590 1778 629 τρυ-

198 647 394 697 φεροῖσιν,
425 641 468 683 ἐν
499 641 630 697 κύκλῳ
656 640 734 680 del.
760 633 938 691 Hereh).
988 638 1013 677 9
1041 635 1257 689 ἐαρινοῖς
1288 634 1606 687 ἕφιζάνουσαι
1636 636 1778 676 πετά-

197 706 299 752 λοις
334 700 414 756 ἡδὺ
445 700 511 742 καὶ
542 701 708 741 κωτίλον
745 696 950 751 ἀηδόνες
989 695 1286 750 ἐψιθύριζον
1325 691 1408 751 (ἐφ.
1435 693 1469 735 δ’
1506 694 1609 750 ἠριν.
1649 691 1774 751 ἀηδ.Ι

198 762 422 804 πετάλοισιν
454 757 551 817 ἕψ.).

320 825 375 864 10
401 817 499 863 εἶτα
525 818 635 876 (add.
662 817 698 860 δ’
728 814 799 873 ἦν)
824 817 1087 872 γαλάκτινα
1113 814 1187 868 (sic
1213 816 1402 856 Hercher.
1434 830 1507 868 pro
1538 811 1746 870 γαλάκτια)
1770 811 1775 871 Ι

197 882 410 934 ποικίλα,
434 881 487 922 τὰ
513 879 597 934 μὲν
622 879 885 933 μελίπηκτα
909 876 963 917 τὰ
989 873 1026 917 δ’
1053 874 1144 917 ἀπὸ
1169 875 1383 929 ταγήνου
1409 870 1504 930 (ser.
1535 873 1730 930 τηγάνου)
1756 871 1779 931 Ι,

199 946 251 984 11
281 942 367 983 ὅσα
408 956 454 982 τε
497 940 640 996 ἀγρὸς
683 937 799 992 ἡμῖν
844 936 1022 990 ἐαρινῆς
1065 935 1171 989 ὥρας
1216 933 1309 990 (ὅσα
1350 932 1382 975 τ’
1418 930 1515 989 ἦρος
1557 933 1624 988 ἡμ.
1669 934 1776 990 άγρ)

197 1001 562 1054 ἕπεδαψιλεύετο
607 996 714 1055 (ἑὰ).
754 999 761 1050 Ι
801 996 915 1050 μετὰ
947 995 990 1037 δὲ
1031 1001 1174 1037 τοῦτο
1214 1002 1423 1049 συνεχῶς
1454 995 1785 1049 περιεσόβουν

198 1062 249 1102 αἱ
286 1063 479 1110 κύλικες
517 1058 583 1116 (αἱ
609 1076 642 1100 κ.
676 1055 752 1114 π.),
791 1056 798 1111 Ι
837 1056 915 1098 καὶ
953 1056 1003 1097 τὸ
1036 1051 1145 1112 (τοῦ)
1183 1059 1315 1096 πιεῖν
1359 1054 1530 1110 μέτρον
1561 1050 1620 1109 ἦν
1651 1058 1778 1110 τρεῖς

198 1122 507 1174 φιλοτησίας,
538 1120 588 1162 οὐ
618 1119 661 1161 τὸ
691 1118 819 1160 ποσόν
851 1114 946 1173 (scr.
977 1111 1029 1170 ἧν
1060 1118 1161 1170 τρεῖς
1193 1116 1418 1168 φιλοτησίαι
1449 1113 1623 1170 μέτρον).

318 1184 603 1236 argumentum
623 1181 819 1232 epistulae
834 1178 1129 1229 Aleiphroneae
1148 1177 1248 1216 mihi
1268 1177 1430 1228 quidem
1447 1190 1529 1216 non
1547 1177 1710 1218 videtur
1729 1190 1778 1216 ex

197 1243 402 1283 comoedia
432 1242 610 1294 petitum
641 1253 738 1289 esse,
771 1239 840 1279 sed
866 1238 1015 1290 singuli
1039 1237 1320 1277 tantummodo
1353 1249 1504 1277 versus.
1552 1249 1683 1288 neque
1709 1250 1776 1276 eos

199 1315 335 1343 omues
375 1316 422 1342 ex
459 1315 542 1342 una
579 1301 795 1352 eademque
827 1299 1031 1339 derivatos
1070 1310 1157 1337 esse
1195 1296 1501 1337 adfirmaverim.
1566 1299 1604 1337 9.
1630 1296 1778 1345 ἱζάνειν

198 1363 321 1403 etiam
351 1363 537 1403 Pherecr.
567 1364 663 1402 172.
712 1358 897 1400 Menand.
925 1360 1024 1399 847.
1075 1356 1256 1409 Thucyd.
1286 1359 1324 1407 2,
1353 1359 1420 1397 76.

905 1484 912 1492 ’
934 1511 1044 1554 1566

262 1649 265 1651 μ
320 1604 602 1644 Aristaenetus
647 1602 775 1652 Epist.
809 1603 853 1651 1,
888 1602 939 1639 17
982 1613 1020 1650 p.
1057 1600 1140 1639 148
1186 1598 1330 1638 Herch.
1373 1596 1525 1651 ἔγνων
1569 1597 1777 1651 ἑταίρας,

198 1662 423 1716 ἐνέτυχον
454 1661 768 1715 θεραπαίναις
797 1655 1135 1715 (θεραπαινίσιν),
1163 1653 1168 1712 Ι
1197 1655 1403 1711 ὃμοζύγων
1427 1658 1665 1710 πεπείραμαι
1691 1659 1776 1698 δια-

197 1723 382 1777 φόρων,
407 1721 473 1762 καὶ
499 1722 506 1772 Ι
533 1719 715 1773 θνητὸς
740 1717 803 1760 ὢν
827 1718 1046 1765 πολλάκις
1069 1716 1214 1765 καύτὸς
1239 1716 1514 1769 ὕπηρέτηκα
1539 1714 1623 1772 (ὑπ.
1650 1717 1776 1758 πολλὰ

197 1788 265 1824 θν.
297 1779 373 1838 ὢν)
406 1785 514 1839 θεῷ.
537 1776 543 1837 Ι
563 1796 602 1833 p.
631 1782 714 1820 149
742 1779 912 1831 κύρβις
942 1776 1030 1832 γὰρ
1061 1776 1316 1829 ἑταιρικῶν
1348 1776 1444 1817 ἐστι
1475 1783 1634 1817 κακῶν
1662 1773 1715 1832 (κ.
1739 1794 1775 1831 γ.

198 1843 277 1883 ἐστι
307 1848 386 1883 τῶν
411 1841 460 1883 ἓτ.
485 1837 553 1896 κ)
576 1839 581 1894 Ι
611 1872 620 1880 .
642 1872 651 1881 .
671 1836 785 1880 ,ἀλλ’
822 1836 966 1879 οὐδὲν
997 1836 1114 1892 αὐτῇ
1146 1842 1239 1876 τῶν
1271 1836 1394 1889 ἐμῶν
1419 1835 1603 1889 ἐμέλησε
1630 1833 1774 1891 (μέλει)

198 1902 367 1957 λόγων·
394 1902 401 1953 Ι
429 1900 540 1950 ὄνος
576 1900 721 1953 λύρας
760 1895 877 1955 (add.
913 1893 1015 1952 γὰρ)
1053 1895 1166 1937 οὐδὲ
1197 1902 1284 1950 γρῦ
1315 1902 1386 1949 τῆς
1417 1896 1514 1950 ε’μῆς
1545 1899 1775 1950 συμβουλῆς

197 1962 385 2004 ἐπαΐειν
429 1963 543 2003 δοκεῖ
574 1958 672 2013 (μου
705 1954 848 2012 ’παΐει)
883 1955 888 2011 Ι
926 1956 1145 2009 ...ῥανὶς
1181 1956 1268 2010 γὰρ
1305 1956 1481 2005 ὕδατος
1517 1955 1775 2010 ἐνδελεχῶς

198 2022 346 2063 ἕπιστά
355 2023 501 2071 ζουσα
526 2019 619 2074 (στ.)
645 2018 724 2060 καὶ
751 2017 757 2071 Ι
784 2017 961 2071 πέτραν
987 2011 1073 2058 οἶδε
1097 2017 1312 2057 κοιλαίνειν
1338 2013 1531 2071 (fortasse
1557 2015 1775 2071 μαλάττει)·

199 2082 488 2136 συχνότερον
520 2075 595 2121 οὖν
625 2079 674 2120 τὸ
699 2077 866 2129 δέλεαρ
892 2076 1009 2132 αὐτῇ
1035 2074 1332 2126 προσακτέον
1361 2073 1445 2130 (πρ.
1474 2078 1480 2127 Ι
1507 2075 1550 2116 τὸ
1577 2078 1611 2118 δ.
1638 2075 1775 2133 αὐτῇ)·

197 2141 286 2182 κᾶν
317 2136 439 2191 αὖθις
464 2138 674 2196 (corrupt,
706 2143 786 2180 scr.'
807 2138 911 2187 ἅπαξ
940 2133 1015 2192 μὴ)
1041 2136 1083 2178 τὸ
1109 2135 1319 2191 ἄγκιστρον
1343 2137 1570 2194 καταπίῃ,
1599 2137 1605 2187 Ι
1632 2137 1776 2177 πάλιν

198 2197 514 2243 ἀσπαλιεύσω.

317 2265 474 2303 amator
509 2262 714 2313 repulsam
752 2260 937 2312 queritur
975 2261 1016 2298 et
1052 2259 1294 2298 consolatur.
1332 2280 1383 2285 —
1417 2257 1572 2309 κύρβις,
1609 2271 1774 2308 prorsus

198 2325 248 2363 ut
280 2323 402 2363 Arist.
430 2323 537 2361 Nub.
562 2323 660 2361 448.
712 2320 857 2359 Zenob.
884 2321 923 2369 4,
952 2321 1005 2358 77
1038 2317 1199 2370 κύρβεις
1228 2322 1381 2357 κακῶν·
1414 2316 1478 2357 ε’πὶ
1508 2323 1587 2356 τῶν
1618 2316 1775 2368 σφόδρα

197 2380 545 2436 πονηρευομένων.
571 2378 664 2429 ὄνος
676 2379 798 2433 λύρας
811 2378 952 2430 ἐπαΐει,
967 2378 993 2419 i.
1006 2391 1038 2418 e.
1053 2374 1078 2429 ἡ
1092 2377 1208 2431 γυνή.
1235 2378 1283 2417 de
1298 2378 1459 2430 syntaxi
1475 2379 1522 2418 cf.
1538 2377 1690 2417 Oratin.
1705 2379 1773 2418 52.

852 2532 979 2575 1567.
1015 2530 1127 2574 1568

318 2633 602 2673 Aristaenetus
631 2636 666 2684 1,
696 2635 748 2673 19
776 2647 814 2683 p.
843 2633 927 2672 150
959 2630 1105 2670 τίκτει
1131 2630 1328 2670 παιδίον
1355 2629 1362 2679 Ι
1390 2628 1580 2670 ἀστεῖον
1612 2627 1668 2680 νὴ
1695 2627 1775 2677 τὰς

200 2693 410 2746 Χάριτας
441 2687 512 2747 (νὴ
538 2707 569 2733 τ.
596 2694 644 2732 X.
670 2689 774 2745 ἀστ.)
804 2690 871 2731 καὶ
901 2692 954 2747 τῷ
985 2689 1158 2742 φύσαντι
1187 2690 1360 2744 γνησίως
1391 2686 1775 2740 ἕξεικονισμένον...

199 2753 483 2808 ὑπεραγαπᾷ
523 2747 600 2807 (sic
632 2753 784 2803 Reisk.‚
822 2750 1060 2803 ὑπερηγάπα
1090 2745 1230 2805 vind.)
1263 2748 1312 2789 δὲ
1343 2747 1391 2789 τὸ
1423 2746 1629 2802 βρέφος.
1650 2780 1658 2788 .
1688 2746 1775 2797 ,ὡς

199 2811 512 2864 ποθούμενον
557 2811 564 2862 Ι
602 2812 764 2852 παιδίον
813 2810 880 2851 καὶ
923 2811 1029 2850 λίαν
1071 2807 1271 2863 ἐμφερὲς
1315 2807 1587 2866 ὡραιοτάτῳ
1635 2809 1779 2862 πατρί

199 2869 392 2928 (fortasse
436 2869 503 2923 ὡρ.
547 2872 635 2911 λίαν
677 2868 946 2926 προσεμφερὲς
989 2866 1138 2923 πατρί).
1203 2885 1242 2921 p.
1284 2871 1365 2910 151
1411 2868 1774 2922 τρυφερώτερον

199 2931 276 2973 καὶ
320 2937 410 2973 τῶν
455 2930 609 2986 ῥόδων
654 2929 714 2985 (τὸ
757 2927 959 2984 παιδίον),
986 2926 993 2983 Ι
1021 2925 1187 2983 οἷσπερ
1232 2928 1358 2970 ἔοικε
1401 2923 1645 2983 (προσέοικε)
1689 2927 1774 2981 τὴν
