2014 3334
244 235 331 277 238
590 246 593 249 ¹
887 234 1187 269 MENANAPOT

990 343 1078 385 910

363 431 589 482 Hesychius
627 426 722 469 ἀλλ’
758 427 880 483 ἄχρι·
912 428 1070 480 ἔξεστιν,
1096 427 1184 468 ἀντὶ
1202 427 1311 468 ἔστω.
1353 427 1607 482 Μένανδρος.
1645 429 1817 468 Bekker.

247 492 393 530 Anecd.
417 493 514 540 376,
537 492 592 529 30
624 488 720 529 ἀλλὰ
752 489 836 542 χρή.
887 487 974 528 ἀντὶ
1004 494 1074 528 τοῦ
1106 487 1214 528 ἔστω.
1264 491 1305 527 et
1331 490 1429 540 378,
1451 491 1504 527 26
1528 489 1688 542 (Zonar.
1711 483 1833 542 135),

245 550 341 590 ἀλλὰ
374 549 463 602 χρή·
506 555 622 589 τοῦτο
655 550 774 601 δηλοῖ
800 549 1111 602 συγκατάθεσιν,
1143 543 1229 588 οἷον
1262 544 1348 587 ’καὶ
1379 544 1514 599 μάλα’.
1578 548 1688 588 Suid.
1720 546 1817 587 ἀλλὰ

246 610 335 663 χρή·
367 609 480 648 ἔστω·
511 615 625 648 τοῦτο
659 610 779 660 δηλοῖ
797 611 932 648 cetera
956 611 1002 647 ut
1021 609 1145 648 Bekk.
1167 610 1264 648 378.
1290 630 1337 635 —
1362 606 1460 647 ἀλλὰ
1491 606 1575 660 χρή.
1607 609 1650 648 Β.
1672 606 1817 655 ἔξεστιν

245 671 407 709 Kuster.
457 668 555 709 ἀλλὰ
587 668 657 723 χρὴ
689 666 868 717 κᾶξεστιν
900 669 1018 708 Mein.

990 785 1074 826 911

364 874 605 913 Plutarchus
641 872 741 911 Mor.
781 873 864 911 995
878 884 898 910 e
941 869 1034 917 τοὺς
1076 869 1276 917 Βοιωτοὺς
1318 866 1423 920 ἡμᾶς
1466 869 1509 908 οἱ
1542 865 1708 909 Ἀττικοὶ
1753 868 1820 909 καὶ

244 938 381 986 παχεῖς
417 932 482 972 καὶ
519 931 792 983 ἀναισθήτους
828 929 894 970 καὶ
936 928 1121 982 ἠλιθίους
1165 930 1329 981 μάλιστα
1374 927 1439 968 διὰ
1479 927 1547 976 τὰς
1590 927 1818 982 ἀδηφαγίας

245 993 553 1047 προσηγόρευον.
614 990 681 1030 καὶ
718 989 738 1030 ὁ
777 988 1019 1042 Μένανδρος
1056 991 1096 1029 οἳ
1129 990 1346 1042 γνάθους
1383 987 1554 1040 ἔχουσι.
1614 989 1687 1028 ubi
1722 987 1819 1028 ’ὑῶν

246 1053 463 1106 γνάθους
513 1051 674 1104 ἔχουσι
711 1051 777 1091 vel
815 1048 939 1090 ὄνων
981 1049 1200 1103 γνάθους
1238 1048 1400 1101 ἔχουσι
1430 1049 1548 1087 Mein.
1596 1049 1821 1099 Hesychius

248 1112 345 1153 ὄνου
377 1113 547 1166 γνάθος·
580 1109 758 1158 Εὔπολις
777 1105 903 1164 (434)
928 1109 1056 1156 παίζει
1081 1109 1135 1156 εἰς
1159 1108 1425 1162 πολυφαγίαν.
1481 1109 1530 1147 cf.
1551 1108 1701 1148 Cratin.
1723 1110 1821 1148 3101

988 1226 1076 1268 912

534 1312 766 1367 φοβοῦμαί
793 1307 833 1352 σ’
870 1308 1072 1365 ἐσχάτως.

370 1400 537 1438 Photius
570 1400 639 1449 24,
673 1399 739 1447 10,
771 1397 914 1435 Suidas
946 1398 987 1434 et
1020 1396 1194 1435 Zonaras
1228 1397 1329 1445 888,
1362 1396 1454 1434 Lex.
1489 1392 1663 1434 Vindob.
1695 1396 1764 1441 80,
1797 1397 1819 1434 7

250 1460 403 1498 Nauck.
436 1457 620 1511 ἐσχάτως·
651 1455 792 1510 ἄκρως.
837 1454 1080 1509 Μένανδρος
1110 1457 1186 1495 κτλ.
1249 1456 1298 1494 cf.
1331 1455 1501 1505 Hesych.
1528 1457 1570 1494 et
1586 1454 1821 1504 Wesseling.

250 1519 413 1558 Diodor.
446 1519 521 1557 Sic.
557 1519 623 1566 18,
655 1519 723 1556 48.
774 1516 989 1567 Phrynich.
1020 1515 1128 1566 Epit.
1161 1516 1258 1554 389.

997 1632 1084 1674 913

538 1712 636 1760 οἷον
667 1713 887 1772 πατάγημ’
922 1716 1052 1771 ἥκεις.

372 1805 540 1844 photius
566 1805 666 1853 402,
699 1806 723 1843 5
758 1806 799 1842 et
830 1803 976 1842 Suidas
1007 1801 1234 1855 πατάγημα·
1267 1799 1353 1840 ἀντὶ
1384 1806 1454 1840 τοῦ
1479 1800 1595 1847 λάλος
1626 1798 1694 1839 καὶ
1724 1813 1823 1838 παν-

257 1870 412 1918 οῦργος.
461 1862 706 1917 Μένανδρος
736 1865 814 1902 κτλ.
863 1861 1067 1909 ἀντίλαλος
1098 1863 1182 1902 cod.
1214 1862 1327 1900 Phot.

998 1979 1086 2021 914

542 2065 670 2106 πότοι
703 2070 921 2119 συνεχεῖς,
952 2063 1083 2118 κύβοι

377 2151 614 2190 Ammonius
649 2153 733 2190 118
778 2149 897 2197 πότος
939 2148 1167 2202 βαρυτόνως
1203 2147 1244 2187 τὸ
1283 2146 1525 2198 συμπόσιον,
1568 2143 1622 2194 ὡς
1658 2143 1825 2185 Μέναν-

255 2211 348 2264 δρος
377 2214 455 2250 κτλ.

1000 2288 1088 2331 915
1357 2346 1365 2359 x

552 2408 562 2421 ‚
631 2407 641 2423 l
1326 2362 1405 2388 τον
1436 2347 1517 2401 χόα

540 2424 784 2464 εκκεχυκας.

375 2497 544 2535 Bekker.
590 2495 738 2534 Anecd.
786 2496 896 2533 1431
949 2499 1020 2546 χοᾶ
1069 2491 1177 2545 παρὰ
1224 2494 1276 2548 τῷ
1330 2491 1561 2548 Μενάνδρῳ
1605 2494 1682 2531 κτλ.
1756 2490 1828 2544 χόα

256 2556 376 2597 Mein.
405 2558 524 2595 recte.

1001 2633 1088 2675 916

545 2717 663 2761 οἷσθ’
700 2718 723 2760 ὅ
754 2734 795 2760 τι
827 2719 1036 2773 ποίησον;

380 2806 512 2844 Schol.
542 2806 681 2856 Eurip.
713 2805 810 2844 Hec.
844 2806 926 2844 229
967 2803 1010 2843 οἷ
1031 2799 1196 2842 Ἀττικοὶ
1225 2807 1393 2855 χρῶνται
1423 2804 1504 2849 τοῖς
1533 2803 1827 2855 προστακτικοῖς

262 2863 350 2904 ἀντὶ
382 2862 597 2918 ὅριστικῶν.
660 2862 903 2918 Μένανδρος
933 2865 1012 2903 κτλ.
1062 2862 1278 2914 Gregorius
1311 2861 1397 2901 Cor.
1428 2876 1467 2912 p.
1501 2863 1554 2900 15
1586 2859 1628 2900 τὸ
1660 2860 1827 2900 Μενάν-

263 2925 362 2977 δρου
393 2927 471 2963 κτλ.
521 2923 608 2963 ἀντὶ
644 2929 714 2963 τοῦ
750 2923 939 2975 ποιήσεις.
1001 2922 1132 2961 Schol.
1163 2921 1287 2963 Arist.
1326 2922 1484 2960 Thesm.
1523 2922 1609 2960 870
1652 2919 1828 2971 σύνηθες
