2014 3334
256 241 344 283 448
622 236 625 241 ’
903 242 1166 276 ΑΔΕΣΠΟΤΑ

258 350 388 404 μηθὲν
421 348 720 404 ἆμαρτάνοντα.’
772 349 854 391 ἀλλ’
897 350 972 392 οὐκ
1002 351 1168 392 ἀστεῖον.
1230 349 1318 404 ’ἔτην
1349 351 1463 401 ἀξίαν
1499 353 1564 393 δεῖ
1587 357 1727 407 γαμεῖν
1756 353 1826 394 τὸν

257 409 396 460 ἅξιον.’
447 408 531 451 ἀλλ’
567 410 642 451 οὐκ
672 410 838 451 ἀστεῖον.
889 410 931 451 δὲ
963 412 1026 451 δεῖ
1051 413 1116 452 vel
1147 410 1226 451 ἔδει
1249 413 1367 453 Mein.
1400 415 1441 452 et
1466 414 1603 463 quidni
1634 413 1708 467 γὰρ
1740 414 1827 454 det?

256 473 303 511 ef.
336 472 564 511 Anaxandr.
598 474 650 511 79

928 576 1028 618 207.
1060 576 1146 619 208

543 658 688 715 ὥσπερ
725 658 968 714 Φιλάμμων
1002 661 1259 715 ζυγομαχῶν
1289 664 1349 717 τῷ
1381 659 1595 718 Κωρύκῳ.

542 729 687 786 ὥσπερ
719 728 900 772 σέλινον
932 725 1043 773 οὖλα
1075 731 1128 772 τὰ
1160 729 1290 785 σκέλη
1323 737 1464 786 φορεῖ.

375 828 617 868 Aristoizeles
655 828 772 867 Rhet.
806 830 850 880 3,
884 830 949 877 11,
992 829 1140 867 1413a
1177 830 1200 868 9
1249 823 1321 882 (αἱ
1359 827 1506 875 εἰκόνες
1549 826 1696 881 τρόπον
1739 827 1827 868 τινὰ

256 884 508 940 μεταφοραί).
558 885 601 926 ἐν
634 883 692 934 οἷς
723 886 887 938 μάλιστα
928 886 1182 927 ἐκπίπτουσιν
1213 887 1256 927 οἵ
1281 887 1454 939 ποιηταί,
1486 886 1555 926 ἐὰν
1586 885 1639 939 μὴ
1672 882 1731 939 εὖ,
1761 885 1828 927 καὶ

257 946 326 986 ἐὰν
358 941 416 998 εὖ,
447 945 737 999 εὐδοκιμοῦσιν.
790 943 902 986 Ἓὸσπ.
935 945 1009 987 σε’λ.
1026 969 1076 974 -
1100 943 1250 999 φορεῖ’.
1283 943 1394 986 εἕόσπ.
1425 948 1473 987 Φ.
1498 969 1545 974 -
1573 943 1826 1022 κωρύκῳ’...

255 1005 298 1045 τὸ
342 1004 384 1045 δὲ
427 1005 555 1058 ὥσπερ
599 1005 640 1045 τὸ
683 1004 749 1045 καὶ
791 1005 848 1058 τό,
891 1005 1089 1059 ὑπερβολὴ
1134 1012 1178 1061 τῇ
1222 1004 1321 1054 λέξει
1364 1004 1620 1058 διαφέρουσα.
1682 1003 1827 1058 ὥσπερ

260 1065 478 1117 Φιλάμμων
510 1067 740 1118 ζυγομαχῶν
770 1067 824 1121 τῷ
854 1062 1050 1119 κωρύκῳῖ
1113 1062 1252 1122 ᾠήθης
1284 1062 1321 1105 δ’
1357 1081 1407 1104 αν
1439 1064 1560 1105 αὐτὸν
1584 1065 1829 1117 Φιλάμμωνα

257 1121 359 1165 εἶναι
384 1125 606 1177 μαχόμενον
637 1128 690 1181 τῷ
715 1124 893 1181 κωρύκῳ.
944 1122 1088 1178 ὥσπερ
1122 1123 1275 1165 σέλινον
1311 1119 1410 1165 ουλα
1439 1124 1486 1164 τὰ
1512 1123 1627 1176 σκέλη
1659 1121 1827 1177 φορεῖν)

258 1181 397 1241 ᾠήθης
429 1182 465 1224 δ’
496 1183 546 1224 ἂν
572 1200 621 1224 ου
648 1183 774 1236 σκέλη,
806 1183 903 1224 ἀλλὰ
935 1183 1066 1224 σέλινα
1097 1183 1197 1236 ε’χειν
1229 1183 1354 1232 οὕτως
1386 1178 1495 1224 οὖλα.
1543 1183 1618 1224 εἰσὶ
1642 1182 1685 1224 δὲ
1706 1183 1828 1237 ὑπερ-

257 1243 373 1296 βολαὶ
391 1243 672 1297 μειρακιώδεις.
717 1243 966 1297 σφοδρότητα
983 1243 1057 1297 γὰρ
1079 1244 1280 1295 δηλοῦσιν.
1322 1243 1518 1300 Κωρύκῳ,
1539 1247 1587 1283 ub
1607 1244 1660 1284 sit
1683 1257 1829 1283 nomen

258 1305 478 1355 proprium,
508 1305 627 1344 Mein.
659 1326 716 1330 —
751 1307 787 1344 1.
819 1304 990 1344 Bekker.
1021 1304 1170 1343 Aneod.
1202 1306 1300 1354 314,
1334 1306 1389 1343 24
1425 1303 1661 1355 Φιλάμμων·
1702 1301 1829 1355 ονομα

257 1363 398 1415 κύριον
436 1363 589 1403 πύκτου
623 1360 859 1415 Ἀθηναίου,
896 1360 940 1411 ὃς
977 1361 1087 1403 ἐνίκα
1113 1359 1358 1415 Ὀλυμπιάδα
1395 1361 1606 1414 ἑκατοστὴν
1636 1360 1828 1415 πέμπτην.

257 1423 462 1463 Demosth.
498 1425 571 1474 18,
605 1425 702 1463 319.
757 1423 944 1462 Aeschin.
979 1425 1026 1474 3,
1061 1425 1156 1463 189.
1210 1423 1448 1474 Harpocrat.
1490 1422 1718 1474 Φιλάμμων.
1779 1422 1828 1461 de

258 1482 402 1533 Coryco
433 1483 481 1522 cf.
514 1496 615 1534 quae
648 1483 698 1521 ad
722 1482 967 1534 Antiphanis
991 1481 1189 1535 Κώρυκον
1220 1483 1512 1534 adnotavimus,
1544 1495 1591 1522 ex
1622 1495 1701 1534 qua
1730 1482 1829 1521 haec

256 1543 386 1593 pefiita
417 1555 501 1582 esse
533 1542 757 1582 Meinekius
789 1542 1073 1582 arbitrabatur.

999 1681 1086 1724 209

545 1764 626 1807 οὐκ
651 1763 708 1807 ἂν
732 1763 881 1819 γένοιο
907 1767 1076 1820 μᾶλλον
1101 1765 1129 1819 ἥ
1155 1775 1204 1807 σε
1231 1765 1304 1807 δεῖ
1327 1762 1450 1816 ξένος
1475 1763 1609 1816 ξένος.

379 1852 619 1891 Arisboteles
650 1852 767 1890 Rhefi.
789 1853 827 1903 3,
862 1854 928 1902 11,
962 1852 1107 1891 141211
1143 1853 1196 1891 13
1228 1851 1297 1890 καί
1326 1847 1415 1890 ζὀὐκ
1446 1848 1497 1889 ἂν
1532 1872 1581 1878 —
1617 1847 1755 1898 ξένοςῖ
1799 1848 1827 1902 ἢ

259 1910 308 1951 οὐ
341 1914 487 1963 μᾶλλον
513 1908 539 1961 ἥ
565 1922 607 1950 σε
640 1910 712 1961 δεῖ,
743 1909 785 1950 τὸ
817 1909 924 1950 αὐτό.
958 1909 1024 1950 καὶ
1049 1906 1114 1950 (οὐ
1146 1910 1212 1950 δεῖ
1229 1909 1297 1950 τὸν
1323 1908 1434 1958 ξένον
1462 1908 1575 1958 ξένον
1607 1908 1667 1950 ἀεὶ
1698 1905 1826 1950 sivan?

259 1970 461 2023 ἀλλότριον
486 1969 560 2024 γὰρ
585 1968 651 2009 καὶ
682 1975 808 2010 τοῦτο.
859 1970 1023 2010 Grotius
1043 1971 1228 2021 Excerpt.
1249 1972 1333 2010 923
1366 1969 1402 2010 εἰ
1432 1965 1470 2009 δ’
1498 1965 1542 2016 ῥεἶ
1570 1967 1693 2021 ξένος,
1720 1966 1727 2024 Ι
1754 1969 1828 2010 οὐκ

259 2029 310 2069 ἂν
347 2028 478 2083 γένοιο
516 2033 664 2082 μᾶλλον
695 2028 721 2081 ἢ
754 2041 795 2069 σε
833 2030 898 2069 δεῖ
929 2027 1047 2078 ξένος.
1112 2031 1282 2069 alterum
1320 2027 1430 2077 ξένος
1468 2031 1515 2068 ut
1553 2030 1698 2069 dubiae
1735 2030 1827 2069 fidei

259 2091 372 2129 uncis
404 2090 568 2130 inclusih
597 2090 769 2129 Bekker.
829 2103 909 2129 non
939 2090 1068 2141 magis
1099 2090 1290 2140 intellego
1323 2102 1443 2140 quam
1476 2089 1708 2128 Meinekius.

998 2229 1086 2271 210

545 2311 629 2367 ἐγώ
662 2310 702 2354 σ’
739 2313 878 2367 ἔθηκα
911 2312 1076 2354 δοῦλον
1107 2309 1200 2354 ὅντ’
1238 2310 1490 2369 ἐλεύθερον.

379 2399 618 2439 Arisboteles
651 2398 772 2449 Soph.
803 2399 953 2437 elench.
986 2399 1024 2448 4,
1059 2401 1081 2438 7
1115 2395 1136 2437 ὁ
1179 2396 1260 2470 γὰρ
1291 2396 1408 2446 αὐτὸς
1446 2397 1571 2472 λόγοςτ
1592 2395 1826 2453 διῃρημένος

196 2466 199 2467 ’
260 2457 326 2498 καὶ
357 2459 608 2511 συγκείμενος
645 2456 720 2498 οὐκ
750 2456 811 2497 ἀεὶ
847 2456 962 2497 ταύτὸ
995 2456 1198 2509 σημαίνειν
1238 2472 1289 2496 αν
1321 2457 1489 2508 δόξειεν,
1527 2452 1614 2497 οἷον
1643 2459 1721 2496 κτλ.
1776 2458 1825 2496 ef.

261 2519 371 2557 Theo
409 2519 622 2570 Progymn.
661 2518 680 2556 I
723 2519 804 2591 1Ἃ79
844 2520 940 2557 6Χ11·.
973 2516 1098 2556 Walz.
1161 2515 1210 2555 ού
1252 2515 1327 2569 γὰρ
1374 2515 1515 2568 σαφές,
1565 2515 1730 2568 πότερον
1773 2515 1825 2556 ἕλ.

260 2576 406 2628 έθηκεν
437 2576 525 2616 ἀντὶ
556 2576 703 2617 δούλου
736 2592 762 2628 η
795 2576 941 2616 δοῦλον
973 2572 1058 2615 ἀντ’
1094 2573 1319 2628 ἐλευθέρου.
1380 2577 1598 2627 Doxopatr.
1617 2576 1660 2615 II
1680 2577 1777 2627 224,
1798 2578 1822 2615 8

261 2632 398 2691 (indic.
424 2634 595 2689 Nauck.)
628 2638 786 2675 Terent.
813 2637 937 2689 Andr.
966 2638 1002 2687 1,
1031 2638 1067 2687 1,
1096 2638 1150 2675 10
1181 2636 1255 2684 fe'ci
1287 2648 1305 2674 e
1328 2648 1437 2675 servo
1467 2640 1510 2675 ut
1540 2636 1639 2675 e'sses
1670 2636 1826 2674 libertas

260 2697 365 2736 mihi.
425 2697 633 2735 Menandri
671 2710 718 2735 ex
754 2696 909 2735 Andria
946 2707 1085 2735 versus
1124 2707 1209 2734 esse
1246 2708 1326 2734 non
1362 2698 1496 2745 potest
1533 2696 1696 2746 propter
1724 2696 1824 2733 tem-

260 2769 402 2805 porum
433 2756 620 2795 rationes.
681 2768 808 2806 neque
840 2755 1060 2794 audiendus
1092 2756 1154 2793 est
1184 2754 1475 2794 Herwerdenus
1499 2753 1592 2793 obs.
1618 2754 1705 2793 crit.
1729 2754 1824 2801 114,

260 2816 492 2865 tragoediae
523 2816 621 2855 haec
651 2816 844 2855 tribuens.
905 2815 953 2854 cf.
985 2814 1151 2854 Philam.
1188 2815 1284 2866 213,
1317 2815 1342 2853 8
1380 2813 1448 2854 τὸν
1484 2811 1657 2868 εὔπορον
1691 2811 1826 2864 τίθησι

261 2873 425 2926 πτωχόν.
