2014 3334
826 234 925 267 ΤΗΣ
950 233 1162 268 ΑΡΧΑΙΑΣ
1664 202 1671 208 ’
1697 232 1782 274 411

966 342 1024 385 60

324 428 566 469 Plutarchus
598 428 739 468 Pericl.
777 431 829 468 16
863 428 951 469 init.
991 426 1065 479 τὴν
1103 427 1277 480 δύναμιν
1308 427 1432 470 αὐτοῦ
1455 461 1463 469 .
1497 461 1505 470 .
1539 461 1548 470 .
1571 429 1786 482 κακοήθως

203 488 549 542 παρεμφαίνουσιν
581 486 624 528 οἰ
644 488 824 539 κωμικοί,
856 488 1267 541 Πεισιστρατίδας
1298 486 1370 541 μὲν
1401 486 1543 538 νέους
1572 489 1666 538 τοὺς
1696 488 1785 542 περὶ

205 547 326 590 αὐτὸν
358 546 535 601 ἑταίρους
566 550 791 596 καλοῦντες,
823 546 945 588 αὐτὸν
978 545 1014 588 δ’
1044 546 1244 600 ἀπομόσαι
1275 547 1328 600 μὴ
1361 549 1622 601 τυραννήσειν
1652 549 1786 590 κελεύ-

204 623 335 662 οντες,
371 606 425 656 «bg
463 605 713 662 ἀσυμμέτρου
750 606 849 662 πρὸς
887 608 1155 662 δημοκρατίαν
1192 623 1259 648 και
1295 606 1514 686 βαρυτέρας
1554 604 1660 665 (τῆς)
1697 608 1786 663 περὶ

205 666 327 709 αὐτὸν
358 665 480 720 οὔσης
511 665 718 722 ὑπεροχῆς.

490 809 812 865 βυρσόκαππον
964 749 990 791 6
999 749 1018 791 l

322 893 391 936 τὸν
409 893 587 936 Κλέωνα.
619 892 856 947 Hesychius.
900 894 1187 948 βυρσοκνάφον
1218 896 1550 937 Hemsterhusius
1582 899 1623 937 et
1648 898 1784 938 Ruhn-

203 956 357 1008 kenius,
382 954 674 1009 βυρσόπαππον
694 955 882 1006 Pearson,
909 955 1217 1008 βυρσοκάπηλον
1236 957 1446 996 Dobraeus
1460 957 1629 998 Advers.
1648 958 1668 997 I
1687 959 1786 999 581.

489 1119 886 1190 προβατοκάπηλος
966 1072 1023 1115 62

323 1218 648 1272 προβατοπώλης.
703 1216 849 1272 ἐλέγετο
889 1216 931 1258 δὲ
969 1221 1187 1272 Λυσικλῆς.
1226 1220 1409 1260 Photius.
1472 1221 1520 1261 cf.
1554 1221 1679 1261 Arist.
1711 1222 1785 1272 Eq.

208 1282 304 1320 132.
337 1281 375 1320 8.
426 1279 558 1320 Schol.
590 1280 662 1331 Eq.
697 1280 781 1319 762
820 1281 1026 1331 Λυσικλῆς
1063 1277 1116 1327 ὡς
1153 1279 1507 1333 προβατοκάπηλος
1548 1278 1785 1334 διεβέβλητο.

205 1340 253 1381 cf.
286 1340 392 1380 Plut.
425 1339 512 1380 Per.
546 1341 614 1379 24.
665 1351 712 1378 ex
744 1339 951 1380 comoedia
983 1339 1110 1378 fluxit.

898 1455 1021 1516 ‚63

328 1543 572 1583 Plutarchus
597 1543 738 1584 Pericl.
765 1544 820 1583 24
858 1540 902 1582 ἕν
938 1545 1022 1591 ταῖς
1058 1543 1284 1599 κωμῳδίαις
1316 1540 1496 1596 Ὀμφάλη
1538 1558 1577 1584 τε
1614 1542 1685 1583 νέα
1721 1543 1788 1585 καὶ

206 1602 474 1658 Δηιάνειρα
505 1600 549 1655 (ἡ
577 1599 787 1658 Ἀσπασία)
909 1603 1253 1657 προσαγορεύεται.
1314 1604 1362 1644 cf.
1396 1603 1546 1644 Oratin.
1580 1607 1678 1644 241.

967 1719 1026 1763 64

325 1807 558 1847 Athenaeus
580 1808 647 1858 10,
668 1806 790 1846 4156
821 1805 863 1846 οἵ
889 1804 1188 1860 κωμῳδιοποιοὶ
1206 1806 1454 1860 Κλεώνυμον
1484 1806 1551 1847 καὶ
1575 1808 1785 1848 Πείσαν-

205 1867 229 1907 δ
237 1881 323 1921 ρον
355 1863 430 1919 (εἰς
460 1866 716 1935 πολυφαγίαν
748 1863 1088 1919 διαβεβλήκασιν).
1138 1867 1188 1906 de
1220 1867 1437 1919 Cleonymo
1468 1870 1566 1907 nota
1596 1881 1660 1908 res
1687 1871 1787 1909 erat.

205 1928 410 1979 Pisander,
441 1927 526 1967 sive
555 1926 663 1966 idem
692 1926 773 1965 fuit
803 1939 924 1978 quem
953 1926 1246 1994 Aristophanes
1279 1922 1391 1982 (Pac
1420 1929 1518 1968 395.
1549 1928 1623 1968 Av.
1659 1930 1786 1969 1556.

204 1987 298 2038 Lys.
330 1958 436 2040 490)
474 1989 515 2026 et
545 1986 713 2037 Eupolis
746 1980 842 2039 (31)
874 1986 1052 2026 inrident
1090 1987 1173 2027 sive
1212 1987 1334 2037 alius,
1372 1988 1437 2027 hic
1467 1990 1629 2027 tantum
1667 1989 1785 2029 modo

205 2049 371 2098 propter
401 2045 664 2087 voracitatem
695 2048 1316 2087 commemoratur..

973 2163 1030 2206 65

323 2219 568 2290 Plutarchus
587 2250 686 2289 Mor.
709 2250 858 2289 1142b
889 2247 956 2289 καὶ
987 2247 1099 2290 αλλοι
1124 2248 1420 2307 κωμῳδιοποιοὶ
1440 2245 1620 2303 (praetm
1638 2250 1785 2290 Phere-

206 2312 358 2349 cratem
389 2311 430 2348 et
460 2304 792 2363 Aristophanem)
825 2307 978 2359 ἔδειξαν
1009 2307 1082 2362 τὴν
1120 2308 1290 2350 ἀτοπίαν
1320 2315 1400 2350 τῶν
1431 2308 1526 2362 μετὰ
1556 2315 1681 2350 ταῦτα
1713 2309 1787 2362 τὴν

207 2367 402 2421 μουσικὴν
433 2368 983 2423 κατακεκερματικότων.

966 2487 1023 2530 66

327 2571 598 2612 Philostratus
618 2571 700 2611 Vit.
734 2573 965 2625 sophist.1‚
999 2574 1067 2625 15,
1101 2575 1124 2612 2
1158 2572 1402 2613 καθάπτεται
1432 2570 1458 2625 ἡ
1490 2573 1678 2631 κωμῳδία
1710 2579 1782 2615 τοῦ

201 2630 517 2683 Ἀντιφῶντος
549 2626 638 2686 (τοῦ
649 2627 932 2688 Ῥαμνουσίου)
965 2630 1019 2681 ὡς
1052 2605 1217 2672 δεινοῦ
1247 2632 1301 2672 τὰ
1333 2632 1559 2673 δικανικα
1589 2632 1671 2673 καὶ
1702 2633 1783 2674 λό-

205 2707 320 2747 γους
351 2689 465 2730 κατὰ
495 2695 577 2731 τοῦ
609 2691 799 2732 δικαίου
832 2691 1176 2747 ξυγκειμένους
1208 2690 1569 2744 ἀποδιδομένου
1593 2696 1781 2734 πολλῶν

208 2750 458 2828 χρημάτων
489 2749 655 2799 αὐτοῖς
686 2751 888 2802 μάλιστα
918 2756 1017 2801 τοῖς
1047 2752 1447 2792 κινδυνεύουσιν.
1498 2751 1595 2793 ,οὐκ
1621 2751 1784 2802 ἀπεικὸς

207 2807 260 2865 ἦν
289 2808 478 2865 γενέσθαι
501 2808 568 2850 καὶ
591 2809 660 2851 τὸν
680 2807 924 2862 Ἀντιφῶντα
948 2812 1158 2869 κωμῳδίας
1184 2811 1303 2865 λόγον
1329 2810 1429 2852 αὐτὰ
1454 2812 1618 2863 μάλιστα
1643 2828 1784 2870 κωμῳ-

151 2915 154 2917 ,
209 2871 358 2924 δούσης
394 2885 441 2910 τα
471 2869 590 2924 λόγου
622 2868 725 2919 αξια.
773 2875 1108 2912 commemoratur
1137 2871 1336 2922 Antiphon
1360 2872 1485 2912 Arist.
1512 2876 1628 2924 Vesp.
1658 2875 1784 2914 1270.

214 2934 326 2973 1301
361 2925 416 2985 (si
446 2930 482 2971 is
513 2932 575 2971 est
599 2931 882 2972 Rhamnusius.
933 2933 982 2972 cf.
1014 2945 1117 2984 quae
1150 2931 1394 2972 adnotantur
1425 2932 1476 2972 ad
1496 2931 1646 2973 Cratin.
1668 2931 1785 2986 201).
