2014 3334
787 254 954 288 ΑΔΗΛΑ
980 253 1241 288 οΠοΤΕΡΑΣ
1709 251 1795 294 517

966 362 1052 406 603

501 435 583 491 τὴν
614 441 739 492 χεῖρα
770 434 1086 491 προσφέροντα
1117 434 1197 477 τὸν
1227 434 1341 477 θεὸν
1372 437 1524 477 καλεῖν

339 523 519 574 Photius,
545 523 725 562 fabulam
743 535 912 562 narrans
933 535 1036 574 quae
1056 522 1230 562 concinit
1248 534 1339 562 cum
1360 522 1478 562 Babr.
1499 523 1578 562 fab.
1599 523 1666 562 20.
1718 518 1798 562 ‘dei

218 583 411 625 auxilium
443 583 646 634 inplorare
677 586 762 622 tum
790 583 950 622 demum
977 583 1102 632 decet,
1133 583 1205 621 ubi
1236 582 1321 633 ipse
1348 595 1511 622 manum
1541 578 1796 623 admoveris'.
1868 605 1875 610 -

960 699 1048 742 604

501 771 528 828 ἢ
559 770 688 815 πέντε
720 773 867 814 πίνειν
898 770 926 827 ἢ
957 766 1044 828 τρί’
1078 770 1105 827 ἢ
1137 770 1196 828 μὴ
1227 769 1412 828 τέτταρα

332 859 503 899 Photius
524 861 621 909 599,
649 860 704 898 24
736 857 779 898 τὸ
800 856 872 911 μὲν
890 857 965 912 γὰρ
990 855 1105 898 πέντε
1131 856 1210 898 ἐστὶ
1239 858 1326 910 τρία
1352 856 1419 897 καὶ
1445 857 1534 908 δύο,
1559 857 1602 898 τὸ
1635 856 1678 899 δὲ
1709 859 1795 911 τρία

214 918 336 971 ἥμισυ
367 917 434 959 καὶ
460 918 682 970 διπλάσιον,
713 917 755 959 τὸ
789 916 830 958 δὲ
862 917 1020 972 τέτταρα
1052 917 1141 959 ἴσον
1173 917 1256 974 ἴσῳ.
1306 918 1438 958 Plaut.
1472 919 1597 958 Stich.
1619 921 1656 967 5,
1678 921 1717 970 4,
1738 921 1792 959 25

216 980 341 1020 ca'ntio
369 981 549 1029 yraeca'st
579 977 606 1032 ἢ
637 975 746 1019 πέντ’
780 976 807 1031 ἢ
833 978 918 1032 τρία
950 974 1034 1018 πῖν’
1070 975 1096 1031 ἢ
1128 977 1182 1030 μὴ
1214 975 1381 1030 τέτταρα.
1433 979 1536 1018 hanc
1568 980 1795 1019 cantionem

215 1039 258 1079 in
286 1039 517 1079 trimetrum
549 1041 706 1092 redegit
737 1040 977 1079 comicorum
1008 1039 1168 1090 aliquis.
1218 1039 1267 1078 cf.
1300 1038 1452 1078 Cratin.
1482 1041 1579 1090 183,
1606 1041 1644 1079 3.
1695 1040 1795 1079 Poll.

216 1101 254 1151 6,
290 1100 355 1139 18.
406 1099 552 1140 Athen.
588 1101 655 1151 10,
688 1101 773 1139 426
787 1113 819 1139 e.

963 1179 1051 1222 605

500 1252 586 1308 ἤδη
617 1252 822 1310 γάρέίμι-
855 1251 1182 1308 μουσικώτερος
1211 1251 1418 1308 τρύχνου.

336 1340 504 1380 photius
536 1339 722 1392 τρύχνον·
760 1337 833 1391 τὴν
864 1338 969 1379 πόαν
1000 1341 1188 1390 θηλυκῶς
1218 1336 1402 1392 λέγουσιν
1432 1337 1505 1390 τὴν
1535 1338 1705 1391 τρύχνον
1726 1371 1734 1378 .
1756 1371 1764 1378 .
1785 1370 1794 1379 .

212 1397 279 1439 καὶ
317 1397 426 1452 παρὰ
462 1397 535 1451 τὴν
572 1399 790 1452 παροιμίαν
826 1398 900 1450 τὴν
944 1397 1245 1450 ἁπαλώτερος
1285 1398 1492 1451 τρύχνου
1533 1398 1733 1455 παρῳδῶν
1772 1396 1794 1439 ὁ

211 1458 384 1511 κωμικός
415 1470 539 1511 φησιν
571 1462 647 1499 κτλ.
711 1460 759 1499 cf.
788 1459 903 1499 Suid:
928 1458 1107 1511 τρύχνον.
1155 1459 1320 1499 Theocr.
1354 1461 1422 1510 10,
1454 1461 1508 1499 37
1543 1456 1569 1498 ἆ
1601 1457 1719 1509 φωνὰ
1751 1456 1795 1499 δὲ

211 1518 389 1571 τρύχνος.
437 1521 646 1559 stridulam
676 1532 804 1560 vocem
834 1520 1126 1570 interpretatur
1158 1519 1383 1559 Lobeckius
1404 1519 1561 1559 Pathol.
1583 1520 1630 1558 el.
1650 1519 1671 1557 1
1696 1521 1791 1559 131.

213 1579 395 1618 Rhemat.
417 1581 514 1619 343.
566 1580 599 1619 si
630 1578 794 1632 τρύχνος
826 1581 889 1619 est
914 1579 1049 1629 herba,
1082 1592 1209 1630 neque
1232 1579 1491 1619 Theocritum
1515 1592 1644 1631 neque
1670 1579 1794 1618 comi-

213 1652 301 1678 cum
342 1639 545 1692 intellego.
607 1639 746 1691 itaque
790 1652 870 1679 non
914 1639 1055 1679 dubito
1099 1640 1196 1690 quin
1239 1638 1405 1692 τρύχνος
1448 1639 1571 1678 etiam
1612 1639 1794 1680 aviculae

214 1699 370 1739 aliusve
403 1700 598 1739 bestiolae
628 1712 774 1739 nomen
805 1699 943 1739 fuerit.

961 1815 1048 1858 606

500 1887 695 1944 τρώκτης
721 1885 880 1943 σφόδρ’
914 1885 1049 1942 ἐστίν,
1075 1887 1165 1943 ἅμα
1191 1886 1389 1943 σεσηρὼς
1412 1885 1488 1930 καὶ
1517 1890 1673 1942 γελῶν.

334 1974 500 2014 Photius
543 1973 731 2026 τρώκτης·
775 1971 1041 2026 ἀποστερητὴς
1080 1972 1147 2013 καὶ
1186 1972 1392 2023 ἄπατεών,
1435 1968 1522 2013 οἷον
1566 1972 1793 2027 ἐπιτρώγων

214 2028 369 2087 (ἀποτρ.
401 2030 538 2085 Mein.)
570 2037 646 2074 κτλ.
709 2034 757 2074 ef.
790 2033 905 2074 Hom.
938 2032 1011 2073 Od.
1050 2036 1113 2084 14,
1147 2036 1246 2073 289.
1281 2035 1348 2082 15,
1380 2034 1478 2073 416.

497 2192 499 2194 ,
961 2151 1046 2194 607

501 2220 798 2278 ἀσπαζόμεσθ’
836 2221 1011 2279 έρετμία
1042 2220 1116 2265 καὶ
1148 2222 1397 2278 σκαλμίδια.

335 2310 480 2349 Suidas
512 2307 774 2357 ἀσπάζεσθαι·
814 2308 1003 2367 αἰτιατικῇ
1021 2340 1030 2349 .
1051 2340 1060 2349 .
1082 2342 1086 2348 .
1107 2307 1174 2348 καὶ
1204 2307 1247 2348 τὸ
1279 2308 1426 2361 χαίρειν
1457 2306 1534 2347 τινὶ
1564 2306 1697 2356 ἁπλῶς
1727 2306 1792 2348 καὶ

216 2368 375 2423 ἀγαπᾶν
406 2368 472 2409 καὶ
502 2371 850 2421 φιλοφρονεῖσθαι.
903 2367 970 2408 καὶ
1001 2367 1298 2420 ἀσπαζόμεσθα,
1330 2367 1406 2408 σὺν
1436 2366 1461 2407 ὃ
1486 2370 1564 2407 κτλ.
1614 2366 1739 2419 φησὶν
1770 2366 1792 2408 ὅ

215 2428 397 2481 κωμικός.
447 2428 600 2482 ἕρετμία
630 2425 769 2480 Mein]
802 2426 951 2481 ἐρετμὰ.

961 2546 1047 2587 608

501 2617 550 2660 τὸ
582 2623 734 2668 κνῖσος
767 2606 913 2660 ὀπτῶν
945 2616 1119 2668 ὀλλύεις
1150 2618 1253 2667 τοὺς
1283 2618 1495 2671 γείτονας.

337 2704 574 2744 Schol.Ven.
586 2704 703 2743 Hom.
717 2705 762 2743 Il.
780 2706 819 2753 2,
840 2706 925 2744 423
948 2700 1195 2757 Ἀρίσταρχος
1213 2702 1259 2743 τὰ
1279 2704 1394 2755 κνίση
1415 2701 1634 2754 οὐδετέρως
1653 2701 1791 2743 ἀκούει

215 2761 282 2803 καὶ
318 2762 422 2803 ἔστιν
463 2761 505 2803 ἕν
536 2769 581 2818 τῇ
618 2763 806 2819 κωμῳδίᾳ
843 2762 886 2803 τὸ
927 2761 1059 2803 ἑνικόν
1090 2766 1168 2803 κτλ.
1219 2763 1392 2803 Cramer.
1424 2763 1573 2802 Anecd.
1607 2763 1697 2802 Par.
1730 2764 1790 2802 III

217 2825 285 2875 28,
313 2825 366 2863 25
394 2825 436 2863 et
460 2825 558 2874 292,
587 2825 638 2863 11
673 2822 840 2862 δύναται
872 2821 914 2863 δὲ
945 2822 1012 2863 καὶ
1036 2820 1250 2876 οὐδετέρως
1280 2823 1435 2874 κνίσση,
1466 2820 1519 2869 ὡς
1550 2819 1575 2873 ἡ
1601 2821 1791 2878 κωμῳδία

217 2879 274 2922 (τὸ
305 2883 441 2930 κνίδος
472 2878 606 2923 ὀπτῶ’.
667 2879 778 2922 ἄλλοι
809 2880 851 2922 δὲ
882 2881 924 2922 τὸ
955 2883 1090 2930 κνίσος
1120 2882 1175 2930 εἰς
1199 2882 1292 2930 τοὺς
1322 2883 1510 2936 γείτονας.
1544 2883 1593 2922 cf.
1615 2882 1789 2923 Lobeck.

216 2942 354 2982 Rhem.
389 2945 487 2983 297.
