2014 3334
530 248 943 303 Amm‘znn'rnzmA
968 269 1055 304 ΚΑΙ
1077 267 1402 303 mmmmm
1666 265 1755 309 625

904 379 1015 422 1301

968 451 1230 510 Ταναγραίῳ
1262 450 1385 506 φυὴν

458 523 600 578 Κητεῐ
630 523 900 578 προσόμοιος

290 609 518 661 Hesychius
555 608 813 662 Ταναγραίων
838 607 968 660 φυήν·
1000 609 1128 660 Κητεῖ
1151 605 1399 660 ὁμοιοτάτην.
1443 604 1622 660 Ἔφορος
1648 604 1749 660 λέγει

173 663 279 709 εἶναί
299 683 388 709 τινα
406 666 451 709 ἐν
473 667 659 724 Τανάγρᾳ
684 667 922 721 παχύτατον,
947 665 991 716 ὃς
1010 665 1158 722 ἐλέγετο
1178 668 1344 720 Κητεύς.
1393 668 1500 708 unde
1524 667 1748 708 Meinekius

174 725 291 778 (Ath.
322 740 428 780 spec.
453 728 498 768 II
524 724 599 782 25)
632 742 680 768 ea
723 742 825 780 quae
869 741 991 779 supra
1033 729 1315 779 exscripsimus
1358 728 1471 777 fecit,
1515 723 1566 767 ‘si
1607 728 1749 768 comici

171 790 314 839 poetae
350 788 476 828 verba
513 784 634 827 sunt-‚⁹
697 788 844 829 Athen.
881 790 952 839 12,
985 790 1083 828 550.
1115 791 1134 827 1
1170 787 1279 844 πόσῳ
1318 787 1479 828 κάλλιον
1517 781 1748 840 (πένεσθαι)

171 844 199 900 ἢ
217 845 567 900 ὑπερπλουτοῦντα
591 850 645 904 τῷ
668 847 901 904 Ταναγραίῳ
926 849 1054 899 Κητεῖ
1073 843 1151 901 (sic
1171 848 1289 887 Mein.
1314 861 1388 899 pro
1414 845 1540 899 κήτει)
1566 844 1748 887 ἐοικέναι.

172 903 350 947 ‘videtur
392 908 545 948 homini
587 907 655 947 isti
699 907 853 959 Κητεύς
896 921 1041 947 nomen
1085 910 1250 958 propter
1292 907 1534 947 obesitatem
1574 907 1747 947 indissum

171 967 548 1019 fuisse'verumque
585 980 730 1007 nomen
768 963 974 1018 ignorari?
1034 967 1152 1006 Mein.
1183 967 1300 1006 Anal.
1333 968 1479 1007 Athen.
1509 968 1604 1007 253.
1661 965 1748 1018 φυή

171 1027 215 1066 in
244 1027 426 1079 reliquiis
458 1027 699 1079 comoediae,
730 1028 763 1067 si
794 1031 902 1067 recte
933 1027 1107 1079 memini,
1139 1027 1257 1066 hodie
1288 1040 1368 1067 non
1400 1029 1543 1066 exstat.

905 1143 1020 1186 1302

506 1260 514 1269 .
547 1261 555 1269 .
585 1226 880 1283 ὑπερείδοντα
908 1228 1014 1277 τοὺς
1044 1228 1224 1278 νεανίας

287 1313 560 1366 ΙΕίιᾱίῑιοΙοςίο.
585 1327 635 1352 m.
663 1315 767 1364 372,
794 1315 850 1352 24
882 1311 1038 1366 ἐρείδω,
1074 1312 1289 1368 ὑπερείδω,
1326 1311 1366 1361 ἐξ
1404 1307 1453 1353 οὗ
1493 1311 1560 1352 καὶ
1595 1312 1639 1353 τό
1669 1315 1747 1352 κτλ.

173 1371 432 1426 ὑπερείδοντα
457 1372 595 1423 Mein]
622 1371 914 1426 ὑπερείδοντας.
965 1369 1015 1412 ‘si
1041 1374 1158 1414 modo
1183 1376 1291 1414 reete
1316 1374 1415 1413 haec
1440 1373 1581 1413 comici
1605 1375 1747 1424 poetae

173 1433 298 1473 verba
329 1445 415 1472 esse
447 1428 626 1473 conicio?

892 1489 1018 1533 ‘1303

502 1606 512 1614 .
544 1606 553 1614 .
583 1572 661 1623 τὰς
686 1570 1002 1629 Ῥαδάμανθυς
1034 1576 1239 1629 πιμπλεῐς
1269 1575 1384 1629 βίαν.

292 1659 559 1710 Etymologic.
585 1673 638 1698 m.
664 1659 812 1699 Minori
837 1655 1061 1713 (Melanges
1085 1657 1158 1712 76)
1184 1663 1385 1712 πιμπλεῖς·
1412 1655 1500 1700 οἷον
1525 1663 1602 1700 κτλ.
1646 1661 1748 1708 nihil

174 1718 301 1758 audeo
348 1720 506 1758 mutare
546 1719 588 1758 in
627 1719 762 1759 verbis
808 1732 974 1770 prorsus
1018 1720 1196 1759 obscuris
1237 1725 1397 1771 praeter
1433 1716 1748 1772 Ῥαδαμάνθυος.

173 1791 302 1835 nsque
322 1790 416 1818 vero
437 1780 595 1819 constat
614 1779 755 1818 comici
774 1779 855 1818 sint
874 1792 923 1818 an
939 1779 1042 1819 alius
1056 1782 1210 1830 poetae.
1246 1780 1311 1819 hic
1325 1782 1460 1820 tamen
1475 1781 1612 1846 deesse
1625 1780 1749 1820 nolui.

905 1895 1020 1938 1304

460 1967 548 2021 βαὺ
579 1967 667 2022 βαὺ
696 1965 771 2009 καὶ
801 1967 936 2017 κυνὸς
967 1967 1127 2022 φωνὴν
1157 1968 1236 2018 ίείς

293 2052 463 2092 Ioannes
495 2053 608 2092 Alex.
639 2053 699 2092 De
731 2066 809 2093 acc.
839 2055 907 2106 32,
935 2055 989 2094 23
1022 2052 1089 2093 καὶ
1118 2052 1162 2094 τὸ
1193 2053 1274 2107 βαὺ
1305 2053 1404 2094 κατὰ
1434 2054 1599 2107 μίμησιν
1627 2054 1749 2104 κυνὸς

176 2108 356 2160 ὀξύνεται
397 2114 475 2152 κτλ.
537 2111 608 2160 ἱείς
651 2112 787 2162 Mein]
833 2112 915 2161 ἴεις.
985 2109 1144 2162 ‘comici
1188 2116 1330 2165 poetae
1374 2127 1425 2153 an
1467 2115 1750 2167 iambographi

176 2172 231 2210 sit
258 2171 452 2212 incertum
478 2168 566 2214 est?
615 2172 733 2212 Mein.
783 2171 850 2212 καὶ
875 2173 950 2212 del.
978 2173 1160 2214 Bothius.
1204 2172 1284 2225 βαὺ
1309 2172 1388 2226 βαὺ
1414 2171 1575 2226 βαΰζων
1592 2175 1747 2215 Naber.

174 2231 318 2271 Mncm.
345 2244 435 2272 nov.
462 2231 560 2271 VIII
588 2234 686 2272 434.
737 2235 780 2272 at
811 2233 951 2284 quidni
983 2230 1108 2286 λέγων
1139 2228 1278 2288 (λέγει)
1312 2230 1354 2273 δὲ
1388 2233 1467 2286 βαὺ
1499 2233 1578 2286 βαὺ
1610 2236 1687 2274 κτλ.

906 2349 1020 2392 1305

461 2420 594 2475 λόγος
623 2436 690 2472 τις
720 2421 934 2464 ἔπνευσεν
966 2420 1025 2472 ὡς
1055 2420 1251 2477 τέθνηκα
1282 2454 1292 2464 .
1324 2454 1335 2466 .
1367 2455 1376 2465 .

295 2504 470 2545 Cramer.
494 2507 642 2546 Anecd.
669 2506 740 2547 Ox.
767 2507 851 2546 IIII
879 2509 978 2559 328,
1005 2510 1058 2548 22
1092 2506 1169 2547 ἔστι
1200 2507 1315 2562 λόγος
1340 2507 1406 2548 καὶ
1430 2505 1456 2560 ἡ
1482 2509 1612 2562 φωνή.
1659 2505 1747 2550 οἷον

175 2566 253 2604 κτλ.
307 2565 478 2605 fortasse
517 2579 565 2605 ex
603 2566 808 2606 comoedia
845 2562 980 2621 (λόγος
1009 2563 1042 2606 τ’
1077 2565 1304 2620 ἔπνευσεν);
1342 2582 1584 2621 quamquam
1617 2583 1665 2609 ne
1698 2570 1746 2610 de

178 2624 311 2664 verbis
343 2625 504 2676 quidem
535 2629 704 2666 constat..
766 2627 901 2666 soluta
931 2627 1062 2667 oratio
1094 2640 1179 2667 esse
1211 2639 1291 2667 non
1322 2628 1492 2668 videtur.

905 2743 1019 2786 1306

746 2813 1006 2879 ποολύπους
1036 2813 1183 2870 ὥσπερ
1214 2812 1375 2872 πέτρας

461 2885 614 2940 ἔχεται.

297 2958 496 2998 Macarius
523 2960 563 3011 4,
590 2961 643 2999 26
671 2957 795 3012 ἔχεται
820 2956 857 2999 δ’
886 2959 1016 3011 ὥσπερ
1040 2959 1247 3008 πολύπους
1270 2958 1424 3013 πέτρας.
1477 2962 1513 3008 7,
1541 2963 1591 3001 21
1621 2962 1745 3002 πολύ-

249 3029 364 3057 Comici
383 3032 495 3066 graeei,
514 3031 561 3060 ed.
580 3032 635 3059 Th.
653 3033 751 3060 Kock.
769 3033 828 3060 111.
1413 3032 1459 3062 40
