2014 3334
233 245 321 287 496
621 224 623 228 ’
887 247 1150 280 ΑΔΕΣΠΟΤΑ

972 354 1061 397 465
1123 393 1126 395 ,

520 438 567 480 οί
595 435 634 480 δ’
671 436 719 480 ἐκ
748 443 850 493 μιᾶς
879 434 984 495 τῷδ’
1021 439 1227 494 οἰνοχόης
1257 440 1506 490 πεπωκότες

353 525 595 564 Plutarchus
626 525 725 564 Mor.
761 526 908 564 1089a
939 524 981 564 οἵ
1007 523 1256 576 Κυρηναϊκοὶ
1286 525 1425 576 καίπερ
1457 524 1500 564 ἐκ
1531 541 1570 576 μ.
1595 524 1670 565 οἶν.
1697 521 1806 564 Ἐπι-

234 584 365 640 κούρῳ
397 583 629 631 πεπωκότες.
678 597 758 623 non
789 585 1056 623 necessarium
1090 586 1151 623 est
1175 584 1298 623 etiam
1330 585 1525 624 comicum
1551 585 1600 623 de
1631 585 1806 635 philoso-

234 645 323 695 phis
355 645 533 683 locutum
565 657 663 683 esse.
724 647 902 683 ceterum
934 645 983 683 cf.
1015 644 1197 694 Append.
1222 658 1333 694 prov.
1368 647 1404 693 2,
1439 647 1506 684 47.
1541 646 1595 684 68
1628 657 1716 683 cum
1751 644 1806 683 eis

234 717 336 754 quae
368 704 502 743 adnot.
535 704 675 744 editor.

974 784 1063 826 466

518 866 566 910 ἐκ
596 873 676 910 τοῦ
708 867 814 922 βοὸς
845 868 930 924 γὰρ
961 869 1066 917 τοὺς
1098 866 1280 923 ἱμάντας
1311 867 1538 923 λαμβάνει.

351 954 593 994 Plutarchus
616 955 714 994 Mor.
737 955 880 994 1090f
906 950 931 1005 ἡ
965 953 1085 1005 φύσις
1115 958 1185 1006 τῆς
1217 952 1359 1006 σαρκὸς
1383 985 1391 992 .
1420 985 1429 994 .
1456 985 1464 993 .
1487 958 1627 993 τοῦτο
1649 946 1719 1004 ’δὴ
1758 952 1807 993 τὸ

231 1013 525 1065 παιζόμενον,
557 1013 599 1053 ἐκ
620 1036 674 1042 -
695 1013 970 1066 λαμβάνουσα,
1001 1012 1069 1061 τὰς
1099 1011 1321 1066 ἀλγηδόνας
1346 1012 1389 1053 ἐκ
1417 1018 1488 1054 τοῦ
1521 1012 1699 1066 σώματος
1723 1043 1733 1052 .
1759 1045 1766 1053 .
1794 1043 1804 1052 .

231 1073 299 1113 τὸν
330 1074 421 1126 βίον
453 1072 651 1126 ἐπισφαλῆ
682 1077 794 1113 ποιεῖ
818 1072 885 1112 καὶ
915 1072 1101 1127 φοβερόν.
1152 1074 1299 1113 Macar.
1326 1076 1364 1123 3,
1399 1076 1451 1113 69
1486 1072 1527 1113 ἐκ
1551 1078 1622 1113 τοῦ
1653 1071 1748 1125 βοὸς
1778 1070 1804 1124 ἡ

232 1133 385 1185 μάστιξ·
418 1134 539 1173 λείπει
570 1130 652 1173 εκαὶ
682 1134 785 1185 βοῦν
817 1129 946 1185 δέρει’.
997 1135 1045 1172 cf.
1077 1133 1257 1184 Append.
1288 1146 1400 1184 prov.
1434 1135 1471 1184 2,
1504 1135 1573 1173 49.

972 1250 1059 1292 467

517 1332 581 1391 (ἢ)
607 1339 683 1389 τῆς
714 1333 936 1388 θαλάττης
967 1332 1307 1389 ἐξαριθμεῖσθαι
1337 1334 1442 1383 τοὺς
1473 1334 1578 1388 χόας

353 1420 551 1459 Aristides
583 1420 602 1458 I
635 1422 691 1459 30
723 1421 857 1459 Dindf.
903 1419 1032 1471 ὥσπερ
1065 1418 1115 1459 ἂν
1146 1419 1187 1459 εἴ
1207 1434 1263 1468 τις
1293 1418 1596 1471 ἐξαριθμεῖσθαι
1621 1418 1802 1471 βούλοιτο

230 1479 322 1528 τοὺς
354 1495 385 1532 χ.
410 1494 442 1520 τ.
466 1483 510 1518 θ.
542 1502 600 1506 —
640 1480 687 1518 de
719 1493 815 1519 voce
853 1478 945 1527 τοὺς
983 1479 1075 1531 χόας
1107 1481 1156 1518 cf.
1188 1481 1340 1519 Iacobs.
1365 1480 1474 1518 Leot.
1508 1480 1618 1518 Stob.
1653 1481 1697 1529 6,
1735 1480 1803 1530 qui

229 1542 435 1590 comparat
465 1540 604 1579 Liban.
637 1539 656 1576 I
690 1541 788 1589 312,
821 1542 844 1579 9
889 1538 982 1586 τοὺς
1019 1538 1112 1590 χόας
1151 1544 1220 1590 τῆς
1256 1538 1454 1590 θαλάττης
1484 1541 1648 1592 μετρεῖν.
1699 1539 1803 1577 Plat.

231 1601 435 1639 Theaetet.
471 1601 588 1639 173b
627 1598 669 1638 οἷ
695 1603 765 1650 τῆς
795 1598 993 1650 θαλάττης
1030 1597 1232 1651 λεγόμενοι
1271 1597 1367 1650 χόες.
1418 1599 1611 1638 Themist.
1646 1601 1682 1649 7,
1716 1600 1802 1638 970

228 1664 298 1711 τῆς
328 1658 533 1710 θαλάσσης
564 1657 656 1705 τοὺς
687 1658 791 1710 χόας.

969 1739 1056 1782 468

932 1806 1093 1867 (οἶνος)

514 1889 631 1924 ποιεῖ
662 1883 893 1938 χορευτήν,
924 1881 1007 1924 κᾶν
1038 1882 1234 1936 ἄμουσος
1263 1875 1292 1938 ᾗ
1322 1882 1371 1923 τὸ
1403 1883 1518 1937 πρίν.

350 1970 546 2008 Aristides
565 1969 585 2007 I
606 1971 657 2008 51
694 1969 810 2008 Dind.
860 1969 1034 2008 variavit
1065 1968 1239 2007 comicus
1272 1969 1410 2018 Eurip.
1433 1942 1621 2007 Stheneli.
1643 1970 1726 2008 666
1751 1968 1800 2008 N.

228 2028 397 2080 ποιητὴν
430 2025 465 2068 δ’
501 2026 578 2082 ἄρα
606 2026 759 2081 Ι”Ερως
791 2028 980 2079 διδάσκει,
1011 2025 1087 2067 κᾶν
1117 2030 1195 2067 κτλ.

974 2144 1062 2188 469

514 2217 597 2259 οὐκ
629 2217 894 2270 εἰσενεγκεῖν
926 2216 1044 2258 ἔστιν
1075 2215 1222 2271 ὥσπερ
1253 2217 1463 2271 χρήματα.

349 2304 548 2343 Aristides
582 2303 623 2343 II
658 2305 738 2342 137
773 2301 822 2342 οὐ
853 2301 928 2355 γὰρ
961 2300 1010 2352 δὴ
1044 2312 1234 2341 συνεισεν.
1273 2316 1316 2355 γε
1346 2304 1427 2341 κτλ.

971 2418 1059 2460 470

514 2492 623 2547 ὄναρ
655 2490 796 2545 λέγεις
826 2489 853 2545 ἢ
885 2496 1052 2544 γρῖφον
1082 2488 1110 2544 ’ἢ
1137 2488 1218 2531 οὐκ
1248 2489 1331 2544 ἔχω
1362 2490 1409 2530 τί
1430 2495 1512 2543 φῶ.

345 2577 544 2616 Aristides
575 2578 616 2616 II
651 2579 733 2617 198
772 2574 799 2629 ἢ
829 2575 904 2630 γὰρ
938 2573 1036 2628 ὄναρ
1066 2578 1144 2614 κτλ.
1176 2588 1286 2614 -non
1321 2575 1523 2626 intellegit
1560 2576 1663 2614 alter
1699 2576 1797 2614 alte-

226 2637 310 2675 rius
343 2638 474 2676 verba.

965 2717 1050 2759 471

511 2789 560 2830 τὸ
592 2805 673 2844 μεν
703 2789 788 2844 γαρ
820 2789 940 2831 ἔλιπε
971 2793 1102 2843 κῦμα,
1133 2788 1182 2829 τὸ
1216 2785 1256 2829 δ’
1294 2786 1607 2842 ἐπελάμβανεν.

346 2875 544 2913 Alistides
576 2876 614 2913 ΙΙ
648 2877 731 2914 239
765 2873 807 2913 τὸ
838 2880 907 2926 τῆς
937 2874 1158 2951 παροιμίας
1181 2872 1286 2929 αὐτῷ
1317 2872 1572 2926 περιειστήκει
1596 2871 1638 2912 τὸ
1663 2870 1734 2923 μὲν
1760 2887 1794 2925 γ.

227 2932 277 2971 ἕλ.
310 2932 430 2972 αὐτὸν
461 2949 510 2984 κ.,
541 2932 583 2973 τὸ
616 2930 654 2972 δ’
688 2933 855 2987 ε’γκατελ.
