2014 3334
556 252 721 286 KAPXH
726 252 911 287 ΔΟΝΙΟΣ
960 253 1432 289 ΚΑΤΑΨΕΤΔΟΜΕΝΟΣ
1730 254 1753 296 7
1761 254 1783 296 7

324 363 523 404 Stobaeus
566 365 706 405 Floril.
746 366 791 415 9,
831 367 884 405 17
940 365 1188 419 Μενάνδρου
1232 367 1523 420 Καρχηδονίων
1566 368 1615 407 A.
1677 369 1784 407 idem

204 423 403 464 Stobaeus
435 425 573 464 Floril.
607 427 676 477 43,
711 427 765 464 24
799 424 1050 478 Μενάνδρου
1084 422 1178 480 (om.
1211 428 1291 467 fab.
1323 424 1448 480 nom.)
1480 428 1528 468 A.

951 554 1039 597 266

486 624 760 681 ἀσκοπυτίνη

319 713 464 752 Pollux
493 715 558 763 10,
585 714 639 752 73
673 710 917 766 Μένανδρος
949 711 992 752 έν
1017 713 1281 770 Καρχηδονίῳ
1312 712 1493 768 κέχρηται
1524 717 1577 771 τῷ
1609 712 1783 767 ὀνόματι.

0 764 11 838 ξ
206 772 255 813 ef.
286 772 497 824 Aristoph.
530 773 578 812 fr.
614 774 711 812 174.
745 774 843 813 577.
894 773 1115 824 Antiphan.
1151 775 1246 814 150.
1298 774 1448 825 Diphil.
1482 777 1551 825 55,
1585 778 1622 815 2.

950 902 1035 944 267

483 971 672 1029 μέσατος

317 1057 405 1099 ἀντὶ
447 1065 519 1100 τοῦ
564 1058 698 1111 μέσος·
741 1058 808 1099 καὶ
840 1057 1085 1113 Μένανδρος
1123 1060 1399 1115 Καρχηδόνιος
1432 1057 1509 1116 (sic
1540 1063 1591 1114 V,
1622 1064 1781 1116 Καρχη-

197 1119 348 1167 δονίοις
378 1116 470 1174 rel.)
503 1120 633 1160 Schol.
660 1120 867 1171 Aristoph.
902 1119 1023 1172 Vesp.
1059 1122 1186 1161 1502.

0 869 13 906 3.

0 1077 12 1213 ἓ

754 1261 1228 1296 ΚΑΤΑΨΕΤΔΟΜΕΝΟΣ

949 1359 1034 1401 268

485 1440 629 1491 ἱππεῖς
659 1444 983 1498 προκαλεῖσθαι
1014 1443 1077 1493 εἰς
1108 1443 1265 1485 πεδίον

316 1526 380 1567 ἐπὶ
419 1533 498 1567 τῶν
535 1527 628 1575 τοὺς
665 1527 708 1567 ἕν
746 1539 822 1568 τισι
865 1529 1043 1581 βελτίους
1079 1528 1146 1569 καὶ
1183 1528 1611 1582 ἕπιστημονικωτέρους
1649 1529 1780 1570 αὐτῶν

196 1587 252 1636 εἰς
293 1586 375 1642 ἔριν
419 1586 757 1640 προκαλουμένων
795 1618 804 1628 .
837 1619 846 1628 .
879 1619 888 1628 .
914 1587 1174 1643 ,Μένανδρος
1218 1588 1581 1647 Καταψευδομένῳ.
1651 1591 1781 1630 Schol.

195 1648 300 1687 Plat.
328 1650 412 1688 365
445 1648 618 1688 Bekker.
681 1649 731 1688 cf.
762 1649 865 1688 Plat.
900 1650 1064 1691 Theaet.
1101 1652 1183 1690 183
1201 1652 1227 1690 d
1258 1653 1300 1690 et
1330 1651 1387 1690 ibi
1417 1651 1626 1690 Heindorf.

947 1767 1034 1810 269

481 1838 562 1881 τὸν
593 1836 671 1894 ἀφ’
709 1838 830 1895 ἱερᾶς

315 1923 474 1977 γραμμὴ
508 1923 550 1964 ἕν
575 1930 620 1980 τῇ
646 1930 725 1964 τῶν
756 1931 906 1965 πεττῶν
936 1926 1089 1982 παιδιᾷ.
1152 1924 1396 1979 Μένανδρος
1427 1924 1779 1983 Καταψευδομένῳ

195 1984 364 2024 Photius
397 1987 438 2024 et
457 1985 614 2024 Suidas.
645 1983 714 2024 τὸν
746 1982 818 2036 ἀφ’
855 1985 978 2038 ἱερᾶς·
1017 1984 1176 2039 γραμμὴ
1210 1987 1294 2026 cod.
1328 1987 1443 2026 Phot.
1477 1989 1518 2025 et
1550 1986 1659 2025 Suid.
1682 1985 1776 2036 AV]

194 2042 263 2083 τὸν
294 2040 368 2096 ἀφ’
404 2044 510 2097 ἵερᾶς
540 2050 734 2098 γραμμῆς.
796 2046 1022 2097 Hesychius
1060 2059 1219 2098 quoque
1250 2044 1319 2085 τὸν
1351 2042 1424 2096 ἀφ’
1465 2046 1572 2098 ἱερᾶς
1603 2044 1779 2099 γραμμὴ,

193 2105 309 2143 nulla
326 2107 463 2144 tamen
483 2105 694 2145 Menandri
713 2106 915 2145 mentione
935 2107 1055 2146 faeta.
1103 2105 1458 2157 καταψευδόμενον
1477 2107 1562 2146 cod.
1583 2107 1701 2145 Phot.
1724 2127 1777 2134 —

195 2164 326 2204 Schol.
348 2165 452 2204 Plass.
476 2167 559 2205 451
589 2166 714 2204 Bekk.
746 2165 897 2217 κινήσω
929 2165 998 2206 τὸν
1029 2163 1102 2218 ἀφ’
1138 2166 1259 2219 ἱερᾶς,
1291 2163 1521 2219 (παροιμία)
1554 2163 1579 2217 ἣ
1605 2163 1780 2205 τέτακται

195 2222 259 2263 ἐπὶ
295 2229 374 2264 τῶν
405 2223 478 2276 τὴν
510 2224 676 2278 ἐσχάτην
708 2225 907 2278 βοήθειαν
942 2226 1176 2267 κινούντων.
1239 2226 1484 2278 μετείληπται
1516 2223 1558 2265 δὲ
1590 2224 1668 2265 ἀπὸ
1699 2231 1778 2265 τῶν

194 2283 459 2325 πεττευόντων
490 2288 567 2335 κτλ.
630 2287 678 2325 cf.
710 2286 847 2325 Aleae.
879 2287 954 2337 lyr.
988 2289 1040 2326 81
1075 2300 1167 2326 cum
1193 2287 1249 2326 eis
1289 2300 1390 2338 quae
1422 2286 1622 2338 Bergkius
1655 2286 1777 2325 adno-

195 2344 311 2385 tavit.
372 2345 610 2398 Diogenian.
644 2347 682 2396 5,
716 2347 784 2386 41.

944 2464 1033 2506 270

482 2532 802 2589 ἐπεπτώκειμεν

316 2617 560 2674 Μένανδρος
590 2618 954 2678 Καταψευδομένῳ.
1017 2621 1186 2660 Bekker.
1219 2621 1367 2660 Anecd.
1403 2623 1471 2672 97,
1505 2623 1541 2659 2.

945 2738 1029 2780 271

482 2809 727 2860 Μυλασεύς

315 2894 543 2945 Stephanus
575 2895 669 2946 Byz.
719 2895 913 2946 Μύλασα,
947 2893 1060 2942 πόλις
1092 2895 1244 2948 Καρίας
1276 2925 1285 2934 .
1318 2925 1327 2934 .
1359 2924 1369 2934 .
1406 2893 1448 2934 τὸ
1481 2893 1644 2935 ἐθνικὸν
1677 2896 1774 2933 Μυ-

195 2953 335 3001 λασεύς
366 2984 376 2993 .
404 2986 411 2993 .
438 2984 447 2993 .
480 2951 533 3002 ὥς
565 2953 808 3008 Μένανδρος
836 2953 1200 3011 Καταψευδομένῳ.

0 3065 42 3143 κν
