2014 3334
279 243 366 285 532
662 215 665 220 ‘
931 245 1192 279 ΑΔΕΣΠΟΤΑ

1021 376 1107 418 697

984 457 1147 513 ὀβολὸν
1178 456 1280 515 εὗρε
1305 460 1562 516 ·Παρνύτης.

400 545 579 595 Append.
618 557 730 594 prov.
769 546 813 594 4,
850 547 896 582 11
945 544 1232 596 Καλλίστρατος
1271 541 1466 597 Ἀθήνησι
1506 545 1849 597 πολιτευσάμενος,

278 603 585 655 ἐπικαλούμενος
622 600 665 642 δὲ
702 602 936 655 Παρνύτης,
980 602 1129 654 μισθὸν
1167 603 1273 652 ἔταξε
1310 608 1389 652 τοῖς
1427 605 1624 652 δικασταῖς
1663 603 1727 644 καὶ
1767 608 1849 653 τοῖς

277 662 585 714 ἐκκλησιασταΐς·
630 662 728 702 ὅθεν
767 661 1025 702 σκωπτόντων
1062 662 1184 703 αὐτὸν
1215 670 1293 703 τῶν
1333 671 1517 715 κωμικῶν
1549 664 1604 711 εἰς
1634 665 1849 717 παροιμίαν

278 717 378 774 ἦλθε
403 722 444 761 τὸ
476 725 642 775 γελοῖον.
691 723 914 773 Hesychius
934 724 1151 774 Παρνόπη·
1182 724 1468 775 Καλλίστρατος
1482 720 1711 775 Ἀθηναῖος,
1741 724 1848 763 unde

277 783 500 821 Lobeckius
520 782 677 821 Pathol.
697 782 797 832 prol.
819 783 902 822 387
930 781 1159 834 Παρνόπης.
1213 783 1260 822 de
1282 783 1504 823 Callistrato
1536 784 1583 822 cf.
1605 784 1848 834 Theopomp.

275 855 374 881 com.
408 844 475 881 30.
526 842 746 892 Antiphan.
779 843 877 892 300,
909 843 949 881 4.
998 843 1226 893 Anaxandr.
1247 844 1315 893 40,
1337 845 1374 882 3.
1424 843 1570 881 Bubul.
1593 846 1660 881 11.
1692 844 1788 894 107,
1809 843 1848 882 5.

276 901 534 940 Callistratus
560 905 602 940 et
621 901 847 952 Agyrrhius
881 906 952 940 τοῦ
978 899 1295 952 ἐκκλησιαστικοῦ
1327 905 1476 952 μισθοῦ
1509 904 1693 941 auctores
1723 902 1848 941 fuisse

277 962 476 1001 dicuntur.
520 961 692 1000 Boeckh.
714 959 857 999 Oecon.
870 960 1017 999 Athen.
1037 961 1055 999 I
1077 963 1174 1000 245.
1218 962 1266 1000 cf.
1288 962 1488 1000 Schaefer.
1508 961 1652 1000 Philol.
1667 961 1728 999 III
1749 963 1848 1001 578.

274 1033 401 1059 novae
429 1021 656 1059 comoediae
682 1032 767 1059 esse
794 1021 922 1072 credo,
949 1021 1016 1059 sed
1042 1034 1133 1059 cum
1153 1020 1411 1059 Callistratus
1443 1022 1522 1060 iam
1548 1034 1573 1059 a
1593 1021 1848 1071 Theopompo

276 1083 619 1128 commemoretur,
651 1081 743 1118 huic
774 1080 892 1119 classi
923 1092 1130 1119 accensere
1161 1081 1299 1120 malui.

1021 1219 1107 1262 698

989 1300 1088 1352 ὄξος
1118 1301 1437 1358 ἠκρατισμένος

397 1389 580 1440 Append.
604 1402 715 1439 prov.
743 1389 782 1439 4,
809 1390 862 1427 28
897 1385 960 1426 ἐπὶ
989 1393 1066 1426 τῶν
1098 1385 1264 1441 ὀργίλων
1295 1386 1362 1427 καὶ
1392 1388 1648 1440 δριμυτάτων.
1691 1386 1850 1441 ἠκρατι-

278 1446 418 1500 σμένος
438 1447 504 1499 K]
526 1445 825 1500 ἠκρατισμένον,
845 1449 950 1498 quod
969 1448 1132 1486 retineri
1150 1450 1296 1500 potest,
1315 1448 1350 1487 si
1368 1449 1626 1487 antecessisse
1646 1451 1850 1488 statuatur

276 1522 420 1547 nomen
452 1508 682 1547 accusativo
715 1520 809 1546 casu
835 1507 1023 1558 positum.
1074 1510 1141 1556 qui
1169 1520 1248 1547 non
1273 1508 1423 1558 vinum,
1455 1508 1524 1547 sed
1556 1511 1703 1547 acetum
1724 1521 1850 1557 pran-

275 1569 368 1607 dens
392 1569 556 1617 potavit.

1021 1646 1106 1688 699

989 1729 1096 1771 αὐτὸ
1127 1707 1376 1784 τοῦμπαλιν
1408 1728 1561 1783 λέγεις.

396 1817 566 1855 Bekker.
597 1817 743 1855 Anecd.
771 1818 810 1866 4,
839 1818 891 1855 16
926 1811 1014 1854 οἷον
1045 1813 1141 1854 αὐτὸ
1173 1813 1406 1854 τούναντίον
1438 1813 1579 1868 λέγεις.
1601 1847 1608 1855 .
1630 1815 1692 1855 ,τὸ
1718 1814 1850 1868 μέντοι

278 1875 373 1915 αὐτό
405 1875 630 1927 πρόσκειται
660 1882 736 1915 νῦν
768 1878 964 1927 σημαῖνον
995 1873 1036 1914 τὸ
1069 1873 1240 1926 ἀκριβῶς
1271 1873 1338 1913 καὶ
1366 1873 1540 1926 άληθῶς.
1577 1897 1624 1902 ——
1659 1873 1850 1916 τὸύπαλιν

277 1937 362 1975 cod.
392 1935 495 1975 πολὺ
528 1933 747 1992 τοῦμπαλιν
778 1936 903 1975 Arist.
935 1935 1028 1986 Lys.
1064 1936 1190 1974 1045.

1021 2073 1106 2115 700

989 2152 1123 2206 αὖθις
1153 2151 1211 2198 αὗ
1244 2153 1434 2197 Πυθώδ’
1471 2155 1586 2206 ὁδός.

396 2245 565 2283 Bekker.
597 2243 746 2283 Anecd.
780 2246 846 2293 11,
881 2245 934 2282 12
973 2228 1164 2294 παροιμία
1195 2239 1259 2280 ἐπὶ
1289 2246 1367 2280 τῶν
1397 2239 1444 2279 τὰ
1469 2240 1568 2280 αὐτὰ
1597 2242 1847 2294 πραττόντων

279 2302 346 2342 καὶ
377 2302 631 2354 ἐπανιόντων,
662 2301 745 2342 ἐπεὶ
777 2302 818 2342 οἱ
845 2301 1038 2355 χρώμενοι
1069 2303 1121 2357 τῷ
1146 2303 1245 2356 θεῷ,
1276 2299 1312 2339 εἰ
1339 2298 1477 2352 ἀσαφῆ
1510 2301 1647 2352 σφίσιν
1672 2300 1847 2355 ἔχρησεν,

277 2363 395 2402 πάλιν
409 2359 531 2419 ᾔεσαν
546 2362 600 2410 εἰς
610 2362 807 2413 Δελφούς,
821 2360 1153 2414 ἕπανερησόμενοι
1168 2357 1450 2411 σαφέστερα.-
1463 2357 1639 2399 Πυθώδ’
1655 2361 1844 2413 Bekker.]

275 2423 454 2462 πυθῶδε.
505 2423 553 2462 cf.
585 2422 716 2462 Arist.
748 2423 822 2461 Av.
858 2423 952 2461 189.
1009 2420 1045 2460 εἰ
1073 2418 1210 2471 ἀσαφῆ
1242 2418 1402 2471 ἔχρησεν
1432 2418 1577 2469 ΒθΗζ.]
1619 2420 1673 2468 εἰς
1703 2419 1847 2472 ἄφεσιν

280 2481 460 2534 ἔχρησαν.
493 2481 629 2532 σφίσιν
655 2482 742 2520 add.
770 2482 818 2520 Κ.
867 2482 915 2520 cf.
935 2481 1053 2519 Phot.
1086 2481 1127 2518 et
1157 2478 1329 2530 Hesych.
1359 2477 1540 2517 Πυθώδε
1571 2476 1663 2527 ὁδός
1695 2483 1734 2520 et
1751 2481 1847 2521 Dio-

278 2542 434 2593 genian.
457 2543 494 2587 3,
517 2543 584 2579 34.
608 2563 660 2567 —
687 2541 730 2579 in
750 2541 954 2580 comoedia
973 2541 1071 2578 haec
1091 2537 1315 2600 sinetdubio
1343 2550 1432 2576 cum
1453 2538 1583 2577 ironia
1600 2539 1845 2579 dicebantur.

1021 2678 1102 2721 701

989 2760 1100 2804 αὐτὰ
1129 2757 1202 2802 καὶ
1232 2759 1286 2800 τὰ
1317 2760 1505 2813 φίλτατα

395 2848 565 2887 Bekker.
597 2848 745 2887 Anecd.
781 2832 849 2895 16ss
880 2850 935 2886 24
974 2845 1038 2886 ἐπὶ
1073 2851 1152 2885 τῶν
1183 2844 1379 2895 φιλτάτων
1415 2843 1566 2895 θήσεις.
1615 2839 1703 2895 οἷον
1733 2843 1845 2885 αὐτοὶ

277 2904 349 2953 οὓς
379 2906 615 2958 ἐβουλόμην,
652 2906 718 2946 καὶ
749 2907 791 2946 οἵ
818 2907 1006 2958 φίλτατοι.
1066 2904 1257 2956 παροιμία
1292 2902 1405 2943 ἐστίν.
1453 2901 1479 2954 ἡ
1511 2903 1654 2955 φράσις
1681 2899 1844 2956 Ἀττική.
