2014 3334
244 246 331 289 330
600 259 604 265 2
754 241 980 276 ΒΑΤῼΝΟΣ
1007 240 1150 291 ΑΔΗΧΛ.
1178 238 1317 275 ΔΡΑΜ,
1343 258 1388 264 .-

246 360 284 398 4.
316 356 496 397 ἐπιεικῶν
528 354 762 394 Wakefield.
843 354 880 392 6.
917 349 1187 404 περιπέττουσι
1222 350 1354 390 neseio
1399 350 1488 401 quis
1527 349 1634 400 apud
1670 347 1807 400 Mein]

244 420 545 484 παρακεντοῦσι,
577 415 683 464 quod
715 413 894 452 defendit
914 411 1118 450 Helmwerd
1138 411 1282 450 Mnem.
1300 422 1388 450 nov.
1410 410 1467 448 VI
1489 410 1545 448 84
1577 405 1810 459 significari

243 477 377 528 potuit
407 476 440 515 is
473 475 542 526 qui
575 473 760 524 ambiguo
792 472 988 512 vocabulo
1019 483 1115 510 usus
1148 470 1301 521 aliquid
1331 470 1423 508 falsi
1459 464 1640 508 statuat&
1703 470 1740 507 8.
1770 481 1810 507 τε

244 551 320 576 om.
351 536 399 574 A.
437 556 495 561 ——
536 536 572 572 7.
603 546 683 572 non
720 545 876 571 molum
914 530 1181 570 differentiam
1210 530 1253 569 in
1291 529 1426 580 pueris
1465 531 1506 568 et
1537 527 1704 579 adultis,
1740 526 1811 567 sed

244 595 467 636 venustatis
500 596 540 633 et
571 592 747 643 eorporis
780 603 864 631 esse
894 591 1004 630 dicit.

1014 707 1039 749 8

363 797 604 835 Plutalehus
637 795 734 849 Mer.
767 794 851 834 550
891 793 1048 832 Βάτωνι
1078 790 1150 843 τὴν
1188 789 1332 844 σχολὴν
1364 790 1527 831 ἀπεῖπεν
1553 787 1811 844 Ἀρκεσίλαος,

245 855 305 895 ο’τε
337 854 434 909 πρὸς
465 854 682 906 Κλεάνθην
721 854 849 906 στίχον
889 851 1072 904 ἐποίησεν
1109 850 1151 892 ἐν
1189 851 1391 908 κωμῳδία·
1427 851 1634 897 πείσαντος
1672 845 1714 889 δε
1743 847 1812 890 τὸν

245 915 460 967 Κλεάνθην
491 913 557 954 καὶ
588 911 898 967 μεταμελομένου
932 911 1133 965 διηλλάγη.
1195 911 1349 951 Βάτωνι
1366 911 1483 950 Mein.
1502 911 1522 949 Ι
1542 908 1646 961 480]
1675 908 1812 966 βάττῳ.

701 1121 706 1127 “
747 1113 790 1161 Ε
826 1114 878 1161 Π
910 1113 937 1160 Ι
970 1112 1018 1161 N
1050 1111 1075 1159 Ι
1107 1111 1159 1159 K
1195 1110 1239 1160 O
1274 1110 1317 1158 Σ

792 1209 961 1247 Meinek.
994 1208 1014 1246 Ι
1045 1208 1143 1247 438.
1177 1208 1274 1246 481.

814 1298 1247 1334 ΜΝΗΣΙΠΤΟΛΕΜΟΣ

365 1376 520 1415 Nomen
542 1377 701 1415 fabulae
723 1376 833 1414 dedit
852 1389 984 1414 rerum
1009 1375 1180 1425 scriptor
1200 1375 1268 1424 qui
1287 1373 1393 1424 apud
1414 1371 1657 1411 Antiochum
1677 1370 1816 1421 Syriae

247 1448 383 1487 regem
414 1436 586 1474 multum
619 1436 757 1475 valuit.
789 1435 934 1474 Athen.
971 1436 1037 1485 15,
1071 1435 1189 1474 697d
1229 1429 1567 1484 Μνησιπτολέμου
1606 1435 1675 1470 τοῦ
1715 1430 1816 1470 ἴστο-

246 1493 489 1547 ριογράφου,
526 1499 596 1534 τοῦ
628 1493 734 1546 παρὰ
761 1490 944 1550 Ἀντιόχῳ
975 1495 1028 1550 τῷ
1058 1490 1416 1546 προσαγορευθέντι
1455 1490 1608 1546 μεγάλῳ
1638 1492 1817 1530 πλεῖστον

247 1553 487 1606 ἰσχύσαντος.
521 1555 569 1594 cf.
600 1555 648 1593 fr.
683 1557 719 1593 1.

1025 1635 1045 1674 1

465 1716 529 1759 ἐπ’
569 1717 760 1772 ἀλφίτου
792 1719 978 1760 πίνοντα
1007 1721 1088 1758 τοῦ
1119 1714 1285 1772 θέρους
1315 1712 1419 1758 ποτὲ

463 1788 573 1830 ι’δὼν
601 1787 826 1831 Σέλευκον
858 1787 997 1843 ἡδέως
1027 1788 1106 1830 τὸν
1137 1785 1320 1842 βασιλέα

463 1861 647 1915 ἔγραψα,
680 1858 753 1902 καὶ
784 1857 1019 1915 παρέδειξα
1049 1865 1142 1909 τοῖς
1173 1861 1355 1908 πολλοῖς
1385 1857 1467 1912 ὅτι,

462 1929 545 1972 κᾶν
576 1931 624 1972 τὸ
657 1931 792 1986 τυχὸν
823 1924 851 1986 ᾗ
882 1930 1159 1986 πραγμάτιον
1190 1928 1217 1984 ἢ
1251 1927 1412 1985 σφόδρ’
1449 1927 1635 1983 εὐτελές,

423 2013 442 2044 5
464 2002 628 2057 σεμνὸν
661 2002 848 2044 δύναται
878 1997 1009 2044 τοῦθ’
1047 2001 1074 2056 ἡ
1108 2001 1295 2056 δύναμις
1326 2000 1352 2055 ἡ
1381 1996 1454 2056 ’μὴ
1487 2007 1641 2043 ποιεῖν.

457 2071 662 2129 “γε’ροντα
697 2074 865 2116 Θάσιον
896 2075 974 2116 τόν
1005 2087 1051 2115 τε
1083 2078 1162 2128 γῆς
1194 2069 1267 2114 ἀπ’
1300 2067 1503 2122 Ἀτθίδος

465 2144 600 2201 ἑσμὸν
632 2147 839 2200 μελίσσης
869 2150 947 2200 τῆς
979 2144 1227 2201 ἀκραχόλου
1257 2144 1428 2197 γλυκὺν

464 2218 829 2273 συγκυρκανήσας
860 2216 908 2258 ἐν
940 2215 1096 2274 σκύφῳ
1129 2220 1262 2271 χυτῆς
1293 2215 1444 2268 λίθου,

462 2289 701 2344 Δήμητρος
732 2287 838 2343 ἀκτῇ
870 2293 959 2330 πᾶν
989 2286 1253 2343 γεφυρώσας
1283 2284 1423 2341 ὑγρὸν

403 2370 444 2402 10
464 2361 739 2415 κατῃσίμωσε
771 2365 916 2414 πῶμα,
948 2358 1169 2413 καύματος
1201 2353 1353 2399 λύσιν.’

371 2445 604 2485 Athenaeus
626 2448 694 2498 10,
714 2446 836 2485 432b
869 2443 1007 2484 ἔπινον
1039 2443 1082 2484 οἱ
1107 2441 1245 2484 πολλοὶ
1275 2440 1342 2482 καὶ
1372 2438 1516 2492 ἄλφιτα
1547 2439 1820 2493 ἐπιβάλλοντες

252 2506 304 2559 τῷ
337 2504 431 2560 σι’νῳ
459 2501 740 2552 ...Ἐπίνικος
770 2509 890 2558 γοῦν,
923 2500 1259 2555 Μνησιπτολέμου
1292 2500 1519 2554 ἀνάγνωσιν
1549 2498 1820 2553 ποιησαμένου

252 2569 329 2602 τῶν
373 2564 554 2616 ἱστοριῶν
598 2563 640 2604 ἐν
678 2560 741 2612 αἷς
784 2562 992 2617 ἐγέγραπτο
1037 2560 1090 2610 ὡς
1120 2560 1315 2608 Σέλευκος
1359 2559 1621 2611 ἐπηλφίτωσε,
1664 2560 1821 2613 γράψας

255 2624 384 2676 δρᾶμα
422 2623 779 2676 Μνησιπτόλεμον,
822 2622 887 2662 καὶ
924 2622 1128 2676 κωμωδῶν
1173 2619 1293 2660 αυτὸν
1343 2618 1409 2659 καὶ
1445 2618 1534 2670 περὶ
1572 2625 1641 2672 τῆς
1671 2619 1822 2668 πόσεως

254 2685 336 2729 ταῖς
361 2681 514 2723 ἐκείνου
537 2682 734 2735 χρώμενος
769 2685 924 2734 φωναῖς
955 2681 1111 2733 ἐποίησε
1143 2678 1304 2734 λέγοντα
1322 2682 1399 2719 κτλ.
1464 2682 1500 2719 1.
1532 2677 1822 2730 ἐπαλφιτοῢντα

254 2746 325 2780 τοῦ
355 2745 398 2781 θ.
429 2740 521 2782 ποτὲ
542 2743 944 2782 Cobet.Mnem.1111
970 2743 1067 2782 322.
1130 2742 1167 2780 5.
1199 2743 1342 2790 ποιεῖν,
1374 2752 1453 2778 non
1483 2741 1611 2790 ποεῖν,
1642 2738 1690 2777 Α.
1754 2740 1820 2777 10.

256 2801 498 2856 κατησίμωσε
531 2801 770 2853 Schweigh]
803 2801 1054 2853 κατησίμωσα
1085 2800 1133 2839 Α.
1182 2799 1434 2850 κατησίμωκα
1465 2797 1506 2837 O.

377 2862 413 2899 6.
446 2862 494 2899 ef.
525 2861 680 2900 Alexid.
716 2863 811 2909 167,
845 2863 883 2900 5.
964 2863 1001 2900 7.
1034 2857 1152 2911 ἐσμὸν
1184 2858 1461 2899 condemnavit]
1492 2856 1695 2896 Herwerd.
1728 2855 1822 2895 Obs.

257 2919 344 2958 crit.
368 2921 462 2958 110.
495 2916 590 2959 non
621 2921 727 2959 enim
746 2921 860 2960 dulce
892 2932 1049 2960 examen
1074 2932 1195 2971 apum
1216 2919 1425 2957 Seleucum
1450 2914 1543 2957 vino
1568 2915 1818 2955 inmiscuisse
