2014 3334
683 257 912 292 ΓΕῼΡΓΟΣ
961 258 1247 294 ΔΑΚΤΤΛῙΟΣ
1698 259 1751 302 31

169 371 464 428 πράγμασιν,
508 369 558 412 ἐν
608 370 790 424 μάχαις.
869 374 1075 423 postrema
1117 370 1183 411 καὶ
1227 370 1470 427 Μένανδρος
1518 395 1565 401 -
1615 374 1756 428 μάχαις

169 435 363 476 omittunt
394 434 492 474 Rav.
525 435 565 472 et
598 433 697 472 Ven.
737 432 847 471 Suid.
879 432 1105 486 πράγματα·
1146 431 1209 472 ἐπὶ
1240 435 1350 490 κακῷ
1381 439 1550 486 χρῶνται
1579 440 1625 490 τῇ
1658 434 1756 483 λέξει

169 494 213 536 οἱ
242 493 414 534 παλαιοί.
476 494 575 537 haec
618 490 661 532 ἐν
703 492 844 544 μάχαις
889 493 1148 543 scholiastae,
1192 507 1271 533 non
1314 497 1460 544 poetae
1497 507 1583 535 esse
1628 496 1756 546 suspi-

167 558 284 595 eatur
316 555 436 594 Dobr.
468 553 570 593 Adv.
603 553 644 592 II
677 555 776 593 272.

286 614 504 654 Praeterea
535 614 584 652 of.
620 614 703 653 1·79
737 616 778 653 et
809 613 945 663 adesp.
979 615 1078 653 347.

816 729 1104 763 ΔΑΚΤΤΑΙΟΣ

290 795 355 834 Sic
397 794 616 846 inscriptae
659 795 827 833 fuerunt
871 794 992 833 etiam
1038 793 1271 844 Amphidis‚
1316 794 1519 844 Alexidis,
1565 796 1754 837 Timoelis

166 855 339 896 fabulae.
402 855 451 895 U.
482 855 661 894 Koehler
691 855 722 894 Ι.
753 854 803 894 A.
840 867 879 894 n.
913 856 997 894 992
1041 851 1390 905 Δακτ[ύ]-[λιος].
1442 855 1490 895 cf.
1522 856 1571 895 H.
1603 856 1756 908 Haupt.

167 916 272 970 Alin.
304 915 500 955 Fleckeis.
535 917 662 966 1876,
696 917 794 955 671.

922 995 1009 1039 102

382 1070 449 1120 τίς
479 1069 566 1126 γὰρ
599 1065 754 1111 οὑτοσὶ
784 1067 1073 1123 κακοδαίμων
1105 1068 1208 1124 ἔφυ,

384 1139 433 1192 ὃς
465 1140 548 1183 οὐκ
579 1139 635 1183 ἂν
667 1140 819 1195 ἐκδοίη
852 1138 1108 1197 θυγατέρας
1139 1140 1346 1196 ἄσμενος,

383 1211 458 1256 καὶ
489 1218 627 1256 ταῦτα
659 1213 935 1268 πεντήκοντα
966 1212 1204 1263 παιδίσκας
1235 1213 1361 1268 ἔχων.

286 1289 527 1329 Ammonius
560 1291 645 1329 110
677 1287 867 1339 παιδίσκη
899 1286 967 1327 καὶ
996 1291 1091 1335 παῖς
1124 1285 1321 1340 διαφέρει·
1353 1287 1543 1340 παιδίσκη
1576 1286 1648 1340 μὲν
1679 1288 1754 1342 γὰρ

167 1346 193 1401 ἡ
227 1347 419 1402 ἐλευθέρα
455 1345 548 1401 παρ’
587 1345 794 1400 Ἀττικοῖς,
831 1351 925 1396 παῖς
965 1345 1008 1387 δὲ
1045 1344 1071 1399 ἡ
1111 1347 1247 1399 δούλη.
1308 1345 1554 1401 Μένανδρος
1592 1347 1634 1388 ἐν
1672 1351 1756 1388 Δα-

166 1409 310 1466 κτυλίῳ
343 1407 408 1449 ἐπὶ
437 1414 509 1449 τοῦ
535 1410 703 1448 Δαναοῦ
728 1411 806 1447 κτλ.
851 1411 994 1459 poetae
1021 1409 1146 1448 verba
1171 1408 1223 1447 ad
1249 1408 1434 1447 codicum
1458 1409 1755 1449 Marcianorum

166 1471 285 1510 fidem
307 1482 407 1522 quos
428 1470 601 1509 eontulit
621 1469 796 1508 Cobetus
817 1468 992 1508 exhibui.
1051 1471 1087 1507 1.
1109 1468 1166 1516 τίς
1184 1466 1259 1521 γὰρ
1278 1482 1357 1508 non
1377 1469 1420 1507 in
1438 1469 1635 1509 omnibus.
1686 1471 1757 1509 alii

168 1529 295 1578 οὕτως
320 1527 341 1570 ὀ
367 1543 440 1581 pro
467 1527 613 1569 οὑτοσί.
656 1527 753 1580 ἔφυ]
774 1529 867 1568 Ald.
894 1531 935 1568 et
960 1527 1091 1579 cod.‘?]
1119 1527 1209 1580 ἔφη.
1273 1531 1309 1567 2.
1328 1525 1518 1582 θυγατέρ’
1549 1527 1599 1568 ἂν
1619 1530 1754 1569 Pauw.

168 1589 232 1631 ἐπὶ
267 1595 339 1630 τοῦ
371 1592 539 1630 Δαναοῦ
578 1590 739 1642 egregie
779 1588 906 1628 Cobet
936 1589 986 1628 N.
1018 1589 1044 1628 1.
1077 1587 1153 1639 43]
1199 1586 1264 1628 ἐπὶ
1299 1594 1371 1628 τοῦ
1405 1588 1480 1628 δάν
1518 1592 1559 1628 et
1591 1588 1654 1628 ἐπὶ
1684 1595 1755 1630 τοῦ

169 1650 269 1692 δάου
291 1648 524 1701 cod.Marc.,
552 1650 622 1689 alii
648 1647 712 1689 ἐπὶ
736 1649 853 1689 τοῦδε
880 1645 916 1688 δ’
941 1642 1059 1700 αὖθ’,
1085 1647 1150 1688 ἐπὶ
1172 1644 1284 1689 τοῦδ’
1313 1642 1449 1700 αὖθις,
1475 1645 1584 1689 τοῦδ’
1614 1647 1665 1689 ἄν
1687 1665 1755 1698 τις.

169 1711 218 1750 de
239 1710 486 1751 emendando
507 1712 617 1750 certa
643 1710 800 1749 ratione
824 1723 857 1749 v.
881 1711 902 1748 1
927 1709 1103 1749 Cobetus
1131 1710 1373 1761 desperavit.
1399 1710 1574 1749 fortasse
1600 1710 1656 1758 τίς
1679 1710 1755 1763 γάρ

167 1768 269 1812 ποθ’
296 1770 422 1818 οὕτως
442 1768 495 1818 ὡς
515 1769 564 1810 σὺ
584 1770 841 1822 κακοδαίμων
861 1768 951 1820 ἔφυ.
1002 1783 1081 1821 quo
1108 1773 1271 1821 recepto
1297 1782 1552 1821 nequaquam
1572 1771 1756 1822 sequitur

168 1831 299 1871 Danai
336 1832 380 1871 in
419 1831 495 1871 hae
538 1831 678 1870 fabula
713 1832 851 1881 partes
887 1830 1026 1869 fuisse.
1090 1829 1139 1869 σύ
1179 1829 1287 1869 enim
1323 1831 1453 1869 altera
1490 1843 1663 1881 persona
1695 1833 1756 1870 est

168 1905 288 1944 quam
320 1891 500 1942 adpellat
532 1891 600 1943 qui
632 1891 826 1942 loquitur.
877 1892 916 1930 3.
946 1890 1082 1942 tangit
1107 1890 1248 1941 Eurip.
1275 1891 1321 1929 fr.
1345 1892 1444 1941 230,
1468 1893 1489 1929 1
1511 1890 1561 1930 N.
1593 1889 1756 1938 Δαναὸς

169 1949 190 1992 ὅ
221 1950 467 2003 πεντήκοντα
498 1949 733 2004 θυγατέρων
763 1949 903 2003 πατήρ.
924 1971 979 1977 —-
1008 1946 1081 1989 ‘sic
1107 1951 1268 1989 demum
1293 1950 1514 2001 adparebat
1544 1950 1756 1998 παιδίσκας

169 2012 248 2052 dici
277 2010 346 2060 τὰς
371 2009 598 2064 ἐλευθέρας,
630 2011 822 2063 quoniam
841 2011 1004 2049 Danaus
1038 2011 1246 2050 dicebatur
1271 2009 1516 2061 πεντήκοντα
1544 2010 1755 2078 παδίσκας

169 2070 285 2125 ἔχειν,
317 2073 424 2123 quod
455 2072 585 2111 facete
618 2071 771 2111 dictum
803 2084 875 2122 pro
908 2067 1158 2124 θυγατέρας.’
1210 2070 1347 2110 Cobet.
1372 2071 1494 2123 vulgo
1528 2085 1633 2110 emm
1664 2085 1757 2110 παι-

170 2132 285 2185 δίσκη
317 2129 343 2184 ἡ
375 2131 616 2185 θεράπαινα.
679 2131 789 2171 Suid.
821 2132 870 2170 ef.
903 2133 1002 2171 338.

919 2248 1001 2291 103

867 2321 1093 2363 οἰκόσιτον
1123 2321 1326 2375 νυμφίον

460 2389 596 2435 οὐδὲν
629 2392 846 2448 δεόμενον
877 2392 1061 2448 προικὸς
1093 2390 1399 2447 ἐξευρήκαμεν.

294 2467 526 2506 Athenaeus
549 2469 586 2516 6,
608 2470 693 2506 247
710 2469 729 2506 f
756 2470 928 2507 καλεῖται
960 2466 1154 2514 οἰκόσιτος
1180 2465 1201 2506 ὁ
1227 2465 1281 2518 μὴ
1309 2470 1459 2518 μισθοῦ
1486 2464 1584 2504 ἀλλὰ
1609 2468 1755 2517 προῖκα

170 2531 216 2580 τῇ
247 2526 358 2566 πόλει
382 2525 589 2579 ’ὑπηρετῶν
610 2557 619 2566 .
640 2557 649 2567 .
670 2557 680 2566 .
699 2525 946 2581 Μένανδρος
971 2527 1179 2582 Δακτυλίῳ
1205 2529 1283 2565 κτλ.
1327 2526 1535 2581 Δακτυλίῳ
1565 2523 1752 2575 Cas-dub]

173 2586 368 2626 δακτύλωι
397 2588 448 2627 Α.
482 2609 534 2614 -—
569 2589 619 2627 ef.
651 2587 871 2638 Antiphan.
906 2590 1004 2627 200.
1055 2587 1286 2626 Anaxandr.
1320 2588 1388 2626 24.
1432 2586 1592 2633 Anaxil.
1625 2587 1693 2624 39.

924 2704 1011 2747 104

459 2775 692 2832 ἀνεμιαῖον
724 2775 899 2832 ἐγένετο

292 2851 463 2890 Photius
505 2853 546 2890 et
584 2851 728 2891 Suidas
759 2847 978 2903 ὑπηνέμια·
1028 2847 1272 2902 Μένανδρος
1304 2848 1511 2904 Δακτυλίῳ
1543 2850 1621 2887 κτλ.
1678 2846 1753 2900 ἐγί-

172 2924 279 3010 Ἆειτζῐ
305 2911 389 3011 ogd.
426 2911 544 2950 Phot.
585 2933 636 2939 ——
677 2912 791 2951 addit
827 2912 938 2950 Suid.
982 2909 1028 2949 τὰ
1073 2909 1161 2961 δίχα
1208 2906 1425 2961 σπέρματος
1469 2906 1646 2960 ἄρρενος.
1703 2908 1753 2948 cf.
