2014 3334
285 245 372 286 622
624 234 627 239 ’
935 246 1196 280 ΑΔΕΣΠΟΤΑ

1011 377 1124 420 1285

569 457 703 501 οὐδὲν
735 460 871 502 κακὸν
902 459 987 515 γὰρ
1020 460 1184 516 ῥᾳδίως
1216 459 1467 503 ἀπόλλυται.

407 546 578 583 Bekkcr.
610 545 759 584 Aneed.
787 547 861 595 53,
889 547 942 584 24
976 544 1037 584 ἐπὶ
1069 551 1146 584 τῶν
1179 540 1222 584 εὖ
1253 546 1499 597 πραττόντων
1530 553 1728 600 πονηρῶν.
1776 546 1850 600 γὰρ

287 604 376 643 add.
401 605 519 643 Mein.
572 605 620 642 cf.
647 605 792 644 Macar.
821 607 858 653 6,
887 607 952 644 76.
984 627 1031 632 —
1062 606 1183 644 etiam
1216 606 1360 656 tragici
1391 619 1476 646 esse
1501 609 1642 656 potest.
1695 608 1847 646 Nauck.

285 665 349 702 Tr.
377 678 435 715 gr.
462 665 510 702 fr.
535 663 669 714 adesp.
698 666 794 703 276.

1011 746 1124 788 1286

568 825 702 883 χωρὶς
732 827 817 884 γὰρ
850 826 1019 870 οἰκοῦσ’
1056 826 1207 883 ἀρεταὶ
1237 835 1327 871 τῶν
1357 828 1546 884 ἡδονῶν.

403 914 574 953 Bekker.
599 914 748 953 Anecd.
778 917 845 966 72,
873 917 927 954 23
955 910 1042 954 οἷον
1069 914 1326 966 διεστήκασιν.
1376 912 1527 955 οἰκοῦσ’
1557 913 1688 968 ἀρεταὶ
1713 915 1847 966 Mein]

286 972 464 1012 οἰκοῦσιν
502 971 644 1024 ἀρεταὶ.
696 971 787 1013 ‘nisi
812 975 846 1013 is
883 975 1030 1026 tragici
1066 978 1207 1024 poetae
1245 988 1384 1015 versus
1423 971 1510 1014 est?
1542 976 1660 1014 Mein.
1712 975 1847 1015 Cobet.
1915 996 1918 999 ·

284 1033 332 1072 N.
358 1033 383 1071 1.
410 1034 477 1072 47.
541 1033 692 1073 Nauck.
725 1034 790 1072 Tr.
821 1047 880 1084 gr.
910 1035 956 1073 fr.
983 1034 1116 1084 adesp.
1146 1036 1241 1074 278.
1303 1035 1447 1087 tragici
1485 1047 1569 1074 esse
1607 1047 1722 1085 posse
1761 1048 1848 1074 con-

285 1093 393 1142 cedo,
425 1092 565 1131 comici
598 1105 682 1131 esse
712 1106 792 1132 non
823 1106 940 1143 posse
971 1107 1085 1144 nego.

1012 1210 1124 1252 1287

573 1293 679 1347 μετὰ
710 1293 794 1348 γὰρ
826 1293 1087 1335 νοσούντων
1116 1291 1191 1335 καὶ
1221 1293 1271 1335 τὸ
1303 1294 1541 1348 μαίνεσθαι
1571 1295 1720 1336 καλόν.

405 1366 549 1417 Suidas
575 1377 668 1430 μετὰ
696 1377 770 1431 γὰρ
795 1381 872 1418 κτλ.
916 1377 982 1418 καὶ
1005 1377 1046 1418 τὸ
1073 1379 1160 1417 add.
1188 1379 1372 1418 Leutsch.
1407 1380 1673 1432 Paroemiogr.
1699 1380 1719 1419 I
1745 1381 1843 1420 509.

285 1438 397 1489 origo
429 1451 569 1477 versus
600 1438 732 1477 dubia.

1011 1507 1124 1550 1288

569 1590 618 1632 τὸ
650 1588 730 1645 μέν
761 1605 802 1631 τι
833 1590 992 1645 χαίρω,
1024 1591 1073 1632 τὸ
1107 1588 1159 1632 δέ
1186 1606 1228 1632 τι
1256 1589 1329 1633 καὶ
1361 1591 1634 1646 λυπούμεθα.

404 1675 635 1715 Boissonad.
674 1676 823 1715 Anecd.
855 1677 917 1714 III
945 1678 1027 1716 239
1067 1676 1214 1728 γίνεται
1246 1672 1556 1730 (σολοικισμὸς).
1577 1708 1586 1716 .
1613 1675 1726 1730 ,περὶ
1755 1677 1848 1725 τοὺς

289 1733 488 1786 ἀριθμούς
519 1738 595 1774 κτλ.
638 1757 686 1762 —
729 1737 895 1774 dubium
931 1738 1068 1774 utrum
1105 1749 1152 1775 ex
1189 1737 1337 1776 comico
1370 1750 1420 1775 an
1453 1750 1499 1775 ex
1531 1737 1685 1788 tragico
1717 1750 1847 1776 excer-

285 1795 422 1844 pserit.
443 1813 452 1822 ·
472 1796 624 1835 Nauck.
653 1796 719 1835 Tr.
745 1809 803 1846 gr.
830 1797 876 1834 fr.
910 1796 1044 1846 adesp.
1072 1798 1136 1835 17.

1014 1911 1124 1954 1289

569 2001 657 2037 τῶν
689 1993 996 2049 εὐτυχούντων
1028 1994 1355 2050 ἀνταγωνιστὴς
1385 1997 1502 2045 θεός.

403 2081 637 2132 Gnomolog.
670 2082 762 2132 Byz.
788 2095 825 2120 n.
854 2083 938 2120 110
970 2081 1246 2121 Wachsmuth.
1274 2081 1386 2122 Stud.
1412 2095 1471 2133 gr.
1498 2081 1637 2120 Gnom.
1666 2083 1763 2121 184.
1791 2102 1841 2109 -—

285 2142 419 2190 potest
450 2141 572 2179 etiam
602 2141 747 2192 tragici
778 2153 875 2180 esse.

1012 2222 1125 2264 1290

570 2303 616 2346 ἐκ
647 2310 726 2346 τοῦ
757 2305 842 2359 γὰρ
875 2303 1034 2360 ἐσορᾶν
1064 2302 1198 2359 γίνετ’
1235 2304 1492 2358 ἀνθρώποις
1522 2304 1638 2360 ἐρᾶν.

403 2390 631 2441 Hesychius
676 2387 882 2441 ὄμμάτειος
924 2389 1071 2437 πόθος·
1117 2388 1182 2429 διὰ
1218 2388 1260 2429 τὸ
1298 2388 1341 2429 ἐκ
1375 2395 1446 2430 τοῦ
1483 2388 1581 2443 ὁρᾶν
1618 2388 1847 2429 ἁλίσκεσθαι

285 2448 395 2500 ἔρωτι
420 2452 496 2489 κτλ.
549 2449 730 2488 Clemens
757 2450 870 2488 Alex.
896 2450 1068 2500 Paedag.
1090 2452 1127 2498 3,
1148 2451 1186 2501 5,
1215 2452 1268 2489 32
1295 2448 1409 2489 κοινὰ
1434 2447 1624 2505 ἀνέῳκται
1654 2448 1846 2502 ἀνδράσιν

284 2506 384 2559 ὁμοῦ
410 2507 474 2547 καὶ
499 2507 654 2561 γυναιξὶ
679 2508 726 2547 τὰ
744 2509 934 2561 βαλανεῖα
952 2507 1171 2548 κάντεῦθεν
1199 2507 1263 2547 ἐπὶ
1286 2507 1359 2559 τὴν
1384 2502 1576 2560 ἀκρασίαν
1602 2507 1844 2548 ἀποδύονται

283 2570 359 2607 κτλ.
411 2569 459 2606 cf.
488 2569 722 2618 Diogenian.
742 2570 780 2617 4,
808 2571 876 2607 49.
927 2569 1115 2607 Philostr.
1139 2568 1212 2618 Ep.
1239 2570 1292 2607 52
1322 2563 1440 2622 (249,
1462 2571 1516 2608 28
1538 2564 1678 2621 Kays.)
1705 2567 1741 2607 εἰ
1767 2566 1844 2606 ἀπὸ

284 2632 353 2666 τοῦ
386 2625 483 2678 ὁρᾶν
519 2625 561 2666 τὸ
599 2625 712 2679 ἐρᾶν,
749 2626 890 2678 τυφλοὶ
922 2627 964 2667 οἷ
990 2625 1042 2678 μὴ
1076 2625 1248 2679 ἐρῶντες.
1299 2630 1407 2666 recte
1444 2628 1665 2667 Meinekius
1696 2627 1846 2666 refellit

283 2687 541 2725 Leutschium
578 2686 781 2737 Sophoclis
818 2700 979 2726 versum
1014 2700 1101 2726 esse
1140 2687 1354 2736 dicentem,
1391 2687 1502 2726 cuius
1540 2687 1639 2725 nihil
1677 2689 1739 2725 est
1768 2686 1844 2724 nisi

285 2742 491 2796 ὀμμάτειος
515 2744 644 2793 πόθος
670 2743 736 2798 (fr.
765 2748 846 2786 162
872 2742 952 2799 Ν.).
1002 2746 1071 2786 sed
1098 2746 1243 2784 Zenob.
1294 2746 1438 2785 Milleri
1466 2749 1508 2797 2,
1535 2747 1592 2785 54
1618 2741 1842 2800 (Melanges

285 2799 390 2858 364)
424 2804 465 2844 ἐκ
501 2804 643 2845 τούτου
675 2804 749 2858 γὰρ
787 2804 929 2856 ἐσορᾶν
960 2801 1076 2858 γίνετ’
1111 2803 1382 2856 ἀνθρωπίνοις
1413 2803 1511 2857 ὁρᾶν
1536 2799 1642 2859 (sic).
1703 2809 1842 2843 τοῦτον

283 2861 351 2902 τὸν
389 2865 519 2916 στίχον
557 2864 599 2904 οἱ
634 2862 705 2916 μὲν
742 2863 1027 2915 Σθενέλ[ε]ου,
1068 2863 1110 2904 οἱ
1143 2861 1184 2903 δὲ
1220 2860 1461 2917 Ἀγάθωνος.
1528 2865 1662 2915 itaque
1699 2863 1844 2915 tragici

284 2925 392 2962 certe
423 2924 582 2964 videtur
613 2937 711 2964 esse.
759 2928 935 2963 ceterum
968 2925 1014 2963 cf.
1048 2924 1212 2962 Philem.
1241 2926 1336 2963 138.
