2014 3334
702 242 1055 278 SUPPLEMENTA
1078 242 1188 278 VOL.
1213 242 1231 276 Ι
1636 280 1638 282 ,
1662 238 1745 281 717

292 356 481 397 Fortasse
513 355 727 407 Hermippi
758 357 822 395 est
852 355 987 406 adesp.
1022 355 1148 396 1325.

838 470 1080 504 MYRTILUS

295 545 637 593 Τιτανόπανες.
692 547 741 586 cf.
772 559 877 586 nunc
912 546 1034 585 etiam
1066 545 1282 585 Herodian.
1315 545 1423 595 Epit.
1455 558 1538 584 can.
1570 557 1676 584 nom.
1706 545 1748 584 in

169 607 310 658 Progr.
341 619 475 659 gymn.
509 605 692 645 Heidelb.
725 607 839 668 3887
873 620 911 657 p.
946 608 1013 654 11,
1045 607 1072 645 4
1103 604 1242 655 παιάν,
1274 604 1399 643 Πάν.
1428 635 1436 644 .
1464 635 1472 644 .
1496 604 1673 645 σύνθετα
1706 601 1748 643 δὲ

169 666 403 720 βαρύνεται·
436 663 641 716 Εὐπαίαν,
675 664 910 705 Τιτανόπαν.

289 725 452 766 Accedit
483 738 531 765 ex
562 726 716 765 incerta
745 726 885 766 fabula
915 726 1186 777 fragmentum

927 842 991 884 3b

395 912 605 970 Φέρωνος
636 908 721 969 ἆρά
752 913 841 956 πού
867 911 984 956 ’στιν
1015 912 1042 967 ἡ
1075 911 1311 964 ξυναυλίας

296 999 544 1040 Theodosius
576 997 678 1051 Περὶ
701 998 862 1047 κλίσεως
886 1004 965 1038 τῶν
985 998 1040 1047 εἰς
1059 997 1118 1038 ὦῖ
1136 998 1370 1053 βαρυτόνων
1391 1000 1434 1038 in
1453 999 1593 1052 Progr.
1614 1014 1751 1052 gymn.

173 1059 356 1100 Heidelb.
391 1061 503 1101 1887
536 1074 574 1111 p.
596 1061 665 1109 21,
698 1060 753 1099 28
790 1056 931 1113 Φέρων
957 1056 1164 1113 Φέρωνος.
1186 1090 1194 1098 .
1216 1056 1289 1106 ,ὡς
1320 1057 1427 1111 παρὰ
1453 1059 1646 1116 Μυρτίλῳ
1671 1062 1750 1099 κτλ.

169 1114 248 1172 ἆρά
283 1118 364 1160 πού
397 1115 504 1159 ’στιν
546 1120 592 1158 Ε.
624 1118 766 1158 Hiller.
799 1119 1001 1159 Deutsche
1033 1119 1129 1159 Litt.
1144 1133 1176 1158 z.
1212 1121 1323 1159 1888
1362 1133 1400 1170 p.
1436 1118 1507 1170 11]
1554 1117 1632 1173 ἄρα
1668 1124 1750 1160 ποῦ

170 1177 286 1219 ἐστιν.
346 1179 505 1219 Phe-ron
540 1192 687 1219 nomen
724 1179 824 1218 mihi
862 1179 1022 1231 quidem
1064 1179 1258 1231 ignotum.
1325 1178 1466 1232 Φερών
1503 1180 1568 1219 vel
1609 1181 1749 1232 Φερῶν

171 1239 401 1291 Aegyptius
432 1242 494 1280 est
525 1239 715 1279 Herodot.
751 1240 790 1290 2,
824 1240 922 1278 111.

815 1354 1110 1388 PHILONIDES

294 1432 330 1470 9.
362 1428 405 1469 τὸ
438 1427 481 1469 δὲ
510 1426 726 1482 κατάχυσμ’
762 1427 942 1481 αὐτοῖσιν
972 1431 1051 1470 κτλ.
1101 1429 1180 1469 iam
1213 1429 1630 1482 Schweighaeuserus.

862 1545 1069 1579 EUPOLIS

289 1620 353 1660 Fr.
389 1622 428 1660 3.
470 1620 613 1660 Aesch.
646 1620 785 1672 Suppl.
818 1622 905 1661 350
943 1616 1148 1674 (δάμαλις)
1187 1618 1241 1672 ἂμ
1271 1618 1430 1674 πέτραις
1459 1619 1663 1674 ἠλιβάτοις
1694 1653 1703 1662 .
1737 1654 1744 1662 .

174 1678 321 1732 μέμυκε
352 1679 601 1732 φράζουσα
631 1681 802 1733 βοτῆρι
833 1679 1060 1733 μόχθους.

291 1739 439 1779 Suidae
471 1738 621 1793 αἰῆκειον
653 1737 768 1792 μέλος
798 1740 849 1779 ad
881 1740 1093 1791 Eupolidis
1126 1739 1282 1791 Caprae
1318 1741 1443 1780 refert
1468 1741 1623 1781 Nauck.
1656 1742 1748 1782 Mel.

293 1861 361 1899 52.
406 1854 502 1898 ‘non
532 1871 692 1899 necesse
731 1861 793 1899 est
824 1871 944 1899 sensu
982 1860 1178 1899 obscaeno
1216 1859 1454 1910 accipiatur,
1489 1860 1522 1899 si
1555 1873 1750 1910 ponamus

170 1918 502 1969 Aristophanem,
547 1919 617 1970 qui
653 1917 794 1967 καινὰς
831 1917 940 1967 ἰδέας
975 1932 1018 1959 se
1056 1919 1235 1970 proferre
1271 1920 1394 1959 toties
1436 1920 1652 1972 glorietur,
1699 1921 1748 1960 ab

171 1978 330 2018 aemulo
376 1978 482 2019 irato
539 1979 754 2030 exagitari,
807 1979 914 2030 quod
966 1992 1047 2019 non
1097 1979 1342 2019 dubitaverit
1389 1980 1541 2019 alienos
1595 1980 1750 2020 catinos

171 2038 416 2090 delambere,
447 2038 474 2077 i.
499 2050 533 2078 e.
565 2038 738 2079 aliorum
774 2038 940 2078 inventa
970 2039 1012 2077 in
1045 2051 1164 2078 suum
1204 2039 1458 2079 commodum
1489 2036 1748 2079 convertere'.

171 2097 322 2137 Luebk.
363 2096 526 2138 Observ.
567 2099 654 2138 crit.
687 2100 743 2138 48
783 2093 900 2150 (βίον
932 2095 986 2146 ὥς
1017 2097 1223 2151 μοχθηρὸν
1261 2097 1412 2150 ἕτριβεν
1451 2099 1627 2138 scribens
1659 2113 1749 2139 cum

171 2156 305 2196 Dindf.
343 2159 386 2196 et
427 2158 562 2197 omnia
603 2158 674 2197 uni
716 2170 911 2209 personae
948 2154 1162 2211 tribuens).
1229 2158 1371 2198 dubito
1407 2161 1543 2198 tamen
1585 2162 1750 2211 propter

172 2216 343 2256 verbum
378 2214 554 2270 ἀσεβῶν,
591 2217 711 2257 nimis
747 2220 795 2257 ut
831 2218 873 2257 in
910 2218 986 2257 tali
1023 2230 1145 2257 causa
1183 2219 1381 2257 acerbum.
1440 2221 1619 2258 ceterum
1650 2233 1686 2259 v.
1721 2221 1747 2258 2

177 2275 410 2328 περιειλίξας
441 2277 617 2328 Etymol.
649 2291 700 2317 m.
725 2278 875 2317 Milleri
906 2273 1131 2330 (Melanges
1164 2275 1252 2331 28).

296 2337 350 2376 65
384 2339 516 2377 exstat
547 2337 668 2377 etiam
701 2338 746 2377 in
777 2337 870 2376 Lex.
899 2337 1069 2377 Vindob.
1103 2339 1170 2386 58,
1207 2339 1260 2377 16
1292 2337 1447 2377 Nauck.

294 2392 450 2446 Baptae
480 2395 541 2436 Ol.
575 2399 648 2448 90,
680 2399 708 2437 4
751 2397 898 2436 tribuit
939 2396 1107 2437 Gilbert.
1144 2397 1269 2437 Beitr.
1306 2410 1376 2436 zur
1409 2397 1575 2437 inneren
1609 2397 1748 2438 Gesch.

175 2455 332 2495 Athens
366 2457 466 2496 242.

297 2517 362 2555 77.
407 2516 456 2555 cf.
488 2515 610 2556 etiam
640 2516 821 2556 Erotian.
855 2518 921 2556 19.
955 2518 1011 2556 20
1043 2516 1172 2556 Klein.

297 2575 364 2614 79.
396 2575 512 2614 scrib.
542 2575 725 2616 Boisson.
750 2576 900 2616 Anecd.
930 2575 993 2615 HI
1019 2577 1103 2615 265
1136 2589 1208 2626 pro
1237 2575 1321 2615 1111
1353 2570 1583 2630 (perperam
1614 2579 1747 2617 trans-

175 2633 259 2672 lato
289 2646 456 2674 numero
488 2647 536 2674 ex
566 2635 628 2675 ed.
659 2635 753 2676 min.
780 2629 1001 2689 Meinekii).
1050 2638 1230 2675 ceterum
1261 2636 1311 2675 cf.
1332 2636 1477 2675 Annal.
1501 2636 1747 2676 Fleckeisen.

177 2691 346 2732 CXXIII
375 2688 545 2747 (1881),
577 2696 676 2735 309.

297 2754 366 2793 83.
408 2752 572 2793 Κοτυτώ
592 2754 677 2794 cod.
696 2756 816 2794 recte.
848 2755 896 2794 cf.
918 2754 1087 2793 Meinek.
1125 2749 1312 2794 Theocr.·⁹'
1342 2768 1380 2805 p.
1400 2756 1486 2795 475
1509 2750 1579 2809 (ad
1601 2758 1639 2807 6,
1658 2754 1749 2810 40).

298 2812 346 2851 In
376 2813 514 2853 Demis
537 2813 704 2865 Eupolis
730 2814 923 2865 Aeschyli
955 2814 997 2852 in
1022 2813 1157 2857 Persis
1189 2815 1414 2864 exemplum
1446 2817 1607 2854 secutus
1640 2819 1713 2857 est.

297 2873 364 2921 91,
388 2875 419 2912 1·
443 2877 542 2924 πῶς,
572 2886 652 2914 non
682 2870 736 2921 ὡς
767 2874 874 2925 apud
899 2874 1147 2924 Marquardt.
1178 2889 1204 2925 η
1229 2888 1272 2914 το
1297 2873 1433 2925 νητίας
1464 2870 1521 2913 ὢν
1547 2872 1684 2928 ἐγένου
1705 2877 1749 2917 L.

178 2932 216 2970 3.
247 2929 320 2982 τὴν
352 2930 478 2982 φύσιν
508 2931 731 2985 προθύμως
761 2933 842 2973 LO.
