2014 3334
240 236 327 278 498
633 241 637 246 ’
891 239 1151 272 ΑΔΕΣΠΟΤΑ

980 346 1068 389 480

523 415 878 472 παλινδρομῆσαι
909 419 1077 471 μᾶλλον
1109 415 1135 471 ἢ
1167 424 1309 467 κακῶς
1341 418 1525 474 δραμεῖν

359 498 596 551 [Lucianus]
618 502 711 541 Luc.
735 504 788 542 18
815 501 949 552 ἔκρινα
968 507 1082 542 τοῦτο
1103 500 1152 553 δὴ
1173 502 1214 542 τὸ
1233 509 1303 543 τοῦ
1323 502 1440 556 λόγου
1460 507 1534 543 κτλ.
1562 504 1741 555 Apostol.
1765 507 1804 554 6,

240 561 330 610 93g
350 556 541 613 (Arsen).
579 561 721 601 Horat.
737 561 866 600 Carm.
883 564 920 613 1,
935 563 1003 614 34,
1024 564 1048 601 3
1081 566 1300 602 retrorsum
1311 565 1395 602 vela
1414 565 1508 603 dare
1535 567 1647 612 atque
1665 566 1804 604 iterare

238 630 384 658 cursus.

975 678 1059 720 481

520 746 595 790 καὶ
627 748 836 806 διάτορόν
866 763 907 790 τι
938 746 1011 790 καὶ
1043 750 1390 804 καταπληκτικὸν
1420 751 1517 807 βοᾷ.

359 831 597 883 [Lucianus]
631 834 852 885 Philopatr.
889 837 925 874 6.
977 835 1189 886 Neptunus
1224 835 1483 887 significatur.

981 951 1067 993 482

521 1020 744 1077 εὑρήματα
774 1027 912 1064 ταῦτα
943 1022 1142 1078 γρᾳδίων
1170 1019 1244 1064 καὶ
1274 1024 1468 1077 παίγνια.

357 1093 595 1144 [Lucianus]
626 1095 782 1145 Philop.
815 1097 883 1134 25.

974 1176 1061 1218 483

519 1248 711 1303 τήμερον
743 1242 812 1302 ἄρ’
847 1245 929 1297 ἔξω
961 1242 1179 1302 πράγματ’
1221 1245 1264 1297 ἐξ
1296 1245 1517 1302 ἀπραξίας.

354 1322 586 1361 Athenaeus
619 1324 657 1370 2,
689 1324 778 1361 49a
816 1336 846 1360 τ.
879 1319 952 1373 ἐγὼ
985 1334 1047 1372 πρ.
1081 1318 1152 1368 ἔξω
1185 1319 1224 1367 ἐξ
1249 1319 1340 1371 ἀπρ.
1380 1321 1608 1359 trimetrum
1639 1322 1804 1372 agnovit

236 1381 456 1420 Meinekius
477 1382 592 1419 Anal.
613 1381 708 1419 Ath.
730 1383 796 1420 25.
848 1377 909 1431 ἄρ’
947 1381 1035 1419 add'.
1054 1380 1103 1418 K.
1125 1402 1178 1407 —
1199 1380 1434 1431 Diogenian.
1457 1382 1493 1430 7,
1514 1381 1567 1419 39
1603 1376 1804 1433 (Apostol.

239 1443 305 1490 14,
338 1443 376 1480 9.
410 1434 539 1493 Suid.)
577 1436 770 1492 πράγματ’
813 1438 852 1487 ἐξ
883 1437 1093 1491 ἀπραξίας·
1133 1437 1303 1482 ἐπὶτῶν
1334 1437 1440 1490 παρὰ
1473 1437 1592 1486 δόξαν
1623 1471 1630 1479 .
1664 1468 1673 1478 .
1705 1451 1803 1491 συμ-

144 1499 153 1508 ’
235 1498 466 1551 βαινόντων.
499 1500 680 1549 Alciphr.
698 1501 735 1551 3,
758 1501 811 1538 29
834 1501 930 1538 extr.
951 1497 994 1537 ἐκ
1013 1503 1081 1549 τῆς
1099 1496 1407 1550 ἀπραγμοσύνης
1427 1497 1568 1548 φύεται
1585 1497 1804 1550 πράγματα.

980 1614 1068 1657 484

521 1685 654 1728 οὐδέν
686 1683 727 1728 σ’
763 1685 913 1740 ὀνήσει
944 1686 1119 1740 βολβός,
1152 1683 1207 1726 ἂν
1239 1685 1296 1739 μὴ
1329 1680 1449 1740 νεῦρ’
1485 1685 1596 1741 ἔχῃς.

355 1761 586 1800 Athenaeus
621 1763 658 1811 2,
693 1762 782 1800 64b
814 1757 839 1811 ἦ
874 1758 915 1799 δὲ
946 1759 1136 1813 παροιμία
1167 1759 1289 1810 φησίν
1320 1762 1397 1799 κτλ.
1448 1757 1517 1797 ἐὰν
1550 1759 1632 1798 OE.
1668 1781 1717 1786 -
1753 1760 1802 1799 cf.

238 1820 340 1859 Plat.
373 1833 472 1859 eom.
509 1823 604 1872 173,
639 1823 675 1859 9.
698 1823 764 1860 10.
813 1820 1006 1859 Xenareh.
1043 1823 1079 1871 1,
1113 1821 1149 1858 5.

978 1923 1066 1965 485

1095 1980 1231 2038 (ὄξος)

521 2053 544 2096 ὃ
575 2055 716 2109 μόνον
748 2054 928 2109 ἄριστόν
960 2052 1052 2095 ἐστι
1083 2060 1172 2095 τῶν
1203 2053 1481 2108 ἡδυσμάτων.

353 2129 584 2168 Athenaeus
623 2130 666 2179 2,
702 2130 754 2167 67
765 2141 798 2167 a.
856 2127 993 2166 comici
1031 2140 1189 2167 versum
1230 2123 1326 2165 esse*
1355 2126 1547 2166 indicavit
1583 2127 1800 2166 Dobraeus.

234 2190 282 2228 ef.
315 2189 433 2227 Mein.
465 2188 580 2227 Anal.
613 2188 709 2226 Ath,
743 2188 810 2227 35.

978 2255 1065 2297 486

517 2329 563 2368 τί
590 2327 674 2382 γὰρ
707 2325 858 2368 ἀσπίδι
891 2324 1096 2380 ξύνθημα
1128 2323 1200 2367 καὶ
1231 2325 1464 2382 βακτηρίᾳ;

352 2414 581 2453 Athenaeus
623 2415 668 2462 5,
708 2414 822 2451 215e
871 2417 950 2451 ποῦ
996 2411 1245 2461 Θουκυδίδης
1292 2409 1377 2467 τὸν,
1397 2410 1589 2463 Σωκράτη
1635 2408 1799 2463 παρενέ-

235 2485 356 2527 χρωσε
387 2471 455 2512 τὸν
487 2471 701 2518 Πλάτωνος
733 2470 986 2523 στρατιώτην;
1019 2470 1057 2509 τί
1078 2469 1151 2522 γὰρ
1177 2473 1253 2509 κτλ.
1302 2468 1404 2512 πότε,
1425 2468 1467 2509 δὲ
1497 2468 1564 2509 καὶ
1595 2470 1649 2517 εἰς
1679 2470 1796 2510 Ποτί-

235 2536 352 2574 δαιαν
372 2530 663 2583 ἐστρατεύσατο;
691 2526 915 2570 ‘trimeter'.
953 2530 1085 2568 Dindf.
1107 2529 1293 2580 ξύνθημα
1318 2530 1382 2568 hie
1408 2532 1469 2568 est
1488 2532 1710 2574 coniunctio,
1742 2541 1799 2569 co-

229 2596 373 2643 ynatio.
430 2591 478 2630 of.
514 2590 633 2629 Arist.
659 2591 757 2629 Rau.
791 2593 859 2629 46.
883 2592 918 2628 7.
952 2590 1108 2628 Thesm.
1135 2591 1216 2628 135
1235 2601 1289 2640 sq.
1346 2602 1442 2627 num
1473 2589 1595 2628 etiam
1625 2589 1799 2628 comicus

234 2654 438 2692 Socratem
469 2650 754 2701 significaverit
784 2650 948 2688 dubium
981 2651 1053 2687 est.

906 2765 1004 2807 487.
1034 2744 1122 2806 488

517 2835 739 2891 ἀφόρητός
770 2834 890 2878 ἐστιν
921 2834 1118 2890 εὐτυχῶν
1148 2836 1386 2889 μαστιγίας.

517 2910 710 2962 βασιλεῖς
742 2907 946 2961 ἐγένοντο
977 2907 1051 2962 χοί
1078 2904 1184 2962 πρὶν
1216 2907 1340 2956 ὄντες
1370 2907 1556 2949 αἰπόλοι.
