2014 3334
711 230 1059 265 SUPPLEMENTA
1083 230 1191 267 vm..
1220 230 1257 263 11
1693 228 1779 272 735

196 343 471 395 ponendorum
520 344 561 382 et
605 343 850 394 descriptum
895 355 982 383 esse
1020 343 1292 394 fragmentum
1331 355 1378 381 ex
1418 341 1524 381 Cena
1568 342 1778 382 Philoxeni

197 403 286 444 inre
328 415 494 455 negans.
564 403 613 443 cf.
653 403 775 442 etiam
820 415 922 454 quae
966 402 1167 454 Bergkius
1215 402 1425 442 adnotavit
1468 402 1519 441 ad
1567 402 1776 442 Philoxeni

198 463 248 503 fr.
281 464 338 504 20
370 466 470 503 extr.
1642 486 1646 489 ·

319 524 422 572 177,
460 524 500 562 4.
546 522 671 563 Arist.
711 523 802 563 Pac.
844 524 926 563 175
973 519 1052 574 ἤδη
1097 519 1252 574 στρέφει
1296 537 1331 561 τι
1377 526 1535 573 πνεῦμα
1578 519 1666 574 περὶ
1709 519 1778 562 τὸν

198 579 384 637 ὀμφαλόν
415 582 588 622 contulit
620 583 913 622 Herwerdenus
944 582 1089 622 Mnem.
1121 595 1159 621 n.
1186 582 1306 621 XIIII
1341 583 1435 621 174.
1471 583 1511 622 5.

318 643 402 682 185
436 642 526 681 adn.
557 642 625 682 lin.
653 644 678 680 3
713 643 828 683 scrib.
860 643 1010 682 Eubul.
1044 637 1149 690 150,
1183 644 1222 681 2.

320 704 423 751 190,
465 703 519 742 15
565 715 639 741 scr.
683 705 933 758 κατακλῇσαι.
975 723 1030 729 -
1072 702 1202 753 pisces
1245 701 1404 752 publice
1449 715 1497 740 ex
1534 703 1778 752 piscatorum

200 762 358 814 scaphis
390 761 433 801 in
464 762 598 802 forum
632 763 780 802 deferri
812 763 938 814 iubet,
968 775 1019 801 ne
1051 762 1272 813 piscatores
1299 775 1366 802 eos
1397 762 1587 811 privatim
1613 762 1655 801 in
1681 762 1779 801 divi-

197 825 287 862 tum
318 822 456 862 domos
487 824 663 873 portent.
713 823 770 862 sic
802 823 851 862 H.
879 822 997 861 Weil.
1031 822 1126 862 Rev.
1158 821 1244 861 crit.
1279 823 1407 871 1885,
1441 824 1540 861 276.

320 883 416 934 191,
445 883 511 921 18.
544 880 591 921 τὰ
623 879 911 938 ᾠκονομημένα
941 880 1133 933 πρότερον
1165 884 1261 921 sunt
1290 879 1337 920 τὰ
1368 879 1440 929 ἔξω
1469 886 1541 921 τοῦ
1567 881 1777 935 δράματος,

198 954 301 994 quae
333 945 427 981 ante
459 937 686 994 (πρότερον)
713 942 882 982 actionis
914 942 1043 993 ipsius
1070 941 1232 981 initium
1264 942 1373 980 facta
1404 954 1490 980 esse
1516 945 1636 992 poeta
1660 942 1778 994 fingit

198 1005 240 1042 et
269 1015 372 1053 quae
404 1002 455 1041 ad
493 1001 767 1042 inventionem
799 996 1072 1055 (οἰκονομίαν)
1106 1001 1268 1041 fabulae
1299 1014 1380 1041 non
1411 1002 1544 1041 minus
1574 1002 1780 1052 pertinent

197 1075 319 1114 quam
350 1062 456 1102 actio
487 1062 588 1113 ipsa.

318 1123 418 1174 194,
451 1123 505 1161 17
540 1119 744 1172 ἐμάνθανε
773 1121 898 1161 τῶνδε
928 1121 1083 1161 Kaibel.

318 1183 422 1234 195,
457 1183 480 1220 7
521 1179 696 1230 ἐξελθεῖν
739 1179 881 1234 φρέαρ,
919 1181 1027 1234 quod
1065 1181 1254 1233 quoniam
1296 1181 1509 1221 manifesto
1542 1184 1778 1232 corruptum

199 1244 261 1282 est
280 1241 471 1292 explicari
491 1255 571 1281 non
590 1243 735 1292 potest,
762 1241 960 1293 quomodo
980 1244 1117 1281 tamen
1137 1241 1329 1292 explicari
1348 1241 1487 1280 iubeat
1509 1242 1553 1279 Κ.
1577 1242 1778 1281 Zacherus

197 1302 303 1341 Berl.
348 1301 632 1341 Wochenschr.
668 1303 751 1342 715
797 1314 872 1352 ego
916 1314 997 1341 non
1041 1304 1207 1352 exputo:
1250 1314 1345 1340 nam
1387 1314 1489 1351 quae
1532 1302 1780 1352 praecedunt

198 1361 374 1401 δειπνεῖν
404 1358 572 1413 ἄκλητος
603 1364 702 1412 μυῖα
734 1363 841 1401 certe
879 1361 1144 1412 explicatione
1178 1374 1260 1401 non
1290 1361 1484 1413 indigent.
1546 1375 1619 1401 nec
1649 1362 1780 1414 magis

198 1421 279 1461 scio
323 1434 404 1473 qua
446 1421 602 1461 ratione
643 1422 749 1460 idem
787 1435 823 1461 v.
853 1423 906 1460 12
946 1421 1256 1472 interpretetur,
1301 1434 1392 1460 cum
1430 1435 1469 1472 p.
1503 1422 1586 1461 712
1633 1419 1691 1460 ὥν
1727 1422 1778 1461 ab

198 1479 302 1531 ἔφυν
341 1481 634 1532 segregandum
676 1494 762 1520 esse
802 1483 949 1521 censet.
984 1502 1039 1508 —
1072 1493 1164 1520 cum
1202 1483 1289 1520 tota
1326 1482 1468 1533 ecloga
1504 1481 1608 1520 Ellis
1643 1482 1778 1520 Amer.

197 1541 338 1581 Journ.
365 1540 424 1580 VI
452 1543 477 1581 2
505 1544 597 1592 apte
622 1541 777 1580 confert
804 1540 938 1580 Sidon.
965 1541 1141 1591 Apollin.
1169 1541 1298 1591 Epist.
1321 1543 1359 1591 5,
1383 1543 1406 1580 7
1433 1543 1475 1580 in
1500 1542 1587 1590 foro
1606 1541 1780 1591 Scythae,

195 1603 239 1641 in
271 1602 442 1641 cubiculo
473 1603 642 1651 viperae,
673 1603 716 1640 in
747 1603 919 1641 convivio
949 1613 1123 1646 scurrae,
1154 1603 1198 1640 in
1223 1602 1485 1641 exactionibus
1509 1602 1709 1651 harpyiae,
1738 1603 1780 1641 in

191 1662 523 1701 *conlocutionibus
559 1660 747 1706 statuae,'
765 1662 807 1700 in
845 1662 1131 1710 quaestionibus
1168 1662 1327 1706 bestiae,
1370 1663 1414 1700 in
1450 1663 1680 1701 tractatibus
1721 1674 1778 1701 co-

199 1722 314 1766 cleae,
344 1722 388 1760 in
418 1722 742 1760 contractionibus
773 1723 996 1770 trapezitae,
1029 1722 1082 1760 ad
1111 1721 1406 1770 intelleqendum
1436 1723 1545 1761 saxei
1578 1716 1780 1774 (λίθινοι),

197 1782 251 1821 ad
274 1782 528 1820 iudicandum
552 1782 666 1830 iynei,
687 1782 740 1820 ad
758 1782 1057 1820 succensendum
1075 1782 1259 1828 flammei,
1286 1782 1339 1820 ad
1356 1782 1630 1830 ignoscendum
1648 1783 1780 1831 ferrei,

199 1842 253 1880 ad
277 1842 471 1880 amicitias
494 1842 631 1890 pardi,
663 1842 716 1880 ad
747 1842 910 1890 facetias
941 1842 1038 1891 ursi,
1071 1841 1124 1880 ad
1153 1841 1372 1889 fallendum
1396 1842 1542 1890 vulpes,
1568 1843 1622 1881 ad
1645 1853 1780 1891 supcr-

198 1902 380 1941 biendum
410 1902 517 1940 tauri
550 1895 739 1954 (fortasse
770 1895 977 1955 centauri),
1010 1901 1064 1940 ad
1093 1902 1394 1940 consumendum
1424 1903 1649 1941 minotauri.

322 1962 420 2009 199,
454 1961 490 1999 1.
527 1961 577 2000 cf.
611 1960 788 2000 Clearch.
817 1962 854 2000 5.

319 2022 417 2071 200,
439 2022 478 2060 2.
509 2017 566 2059 ὢν
591 2025 740 2072 προτοῦ
765 2021 894 2072 suppl.
915 2020 1079 2060 Porson.
1113 2021 1162 2060 cf.
1181 2020 1352 2060 Meinek.
1374 2020 1491 2060 Anal.
1512 2021 1658 2061 Athen.
1683 2024 1779 2062 109.

319 2082 423 2131 202,
458 2083 481 2120 9
528 2093 600 2120 scr.
647 2079 830 2120 τοιούτου
870 2094 962 2120 cum
1006 2080 1330 2132 Dittenbergero.
1367 2101 1426 2107 —-
1467 2082 1534 2120 12.
1566 2076 1650 2129 οἷος
1688 2094 1780 2121 cum

199 2140 398 2180 infinitivo
439 2140 696 2179 coniunctum
733 2143 819 2179 tam
855 2141 1069 2193 vulgatum
1108 2142 1170 2180 est
1200 2143 1246 2179 ut
1276 2153 1357 2179 non
1389 2154 1488 2191 opus
1522 2142 1647 2181 fuerit
1677 2142 1778 2181 Her-

164 2208 166 2210 ’
196 2200 371 2241 werdoni
403 2194 460 2255 (p.
495 2195 600 2254 175)
638 2199 920 2240 admonitione.
970 2201 1034 2240 hic
1072 2203 1209 2240 tamen
1247 2201 1472 2240 sententiae
1513 2203 1652 2252 aptum
1693 2215 1779 2242 esse

199 2273 310 2300 nunc.
337 2273 494 2312 quoque
527 2273 642 2312 nego.

302 2321 377 2359 .De
414 2321 574 2360 Timone
612 2321 661 2360 cf.
693 2321 816 2360 etiam
847 2321 982 2372 adesp.
1019 2321 1114 2361 143.
1158 2322 1463 2360 1433—1442.
1519 2322 1779 2362 Mus.-Rhen.

202 2380 336 2419 XLIII
370 2381 425 2420 48
437 2392 495 2432 sq.

325 2441 423 2491 211,
451 2443 488 2479 1.
519 2445 598 2480 τῶν
626 2438 630 2491 ξ
660 2439 799 2492 δήμων
831 2437 865 2480 δ’
895 2436 975 2480 ‘Aa
1011 2440 1305 2480 Herwerdenus
1334 2443 1430 2480 176.
1458 2463 1512 2467 —
1542 2444 1578 2480 2.
1607 2442 1780 2482 fortasse

204 2498 271 2539 ἔτι
307 2499 447 2540 λοιπόν
484 2498 600 2540 ἐστιν.
631 2523 690 2527 -
723 2502 763 2540 4.
795 2501 845 2540 cf.
883 2500 1066 2540 Menand.
1101 2502 1197 2540 747.
1254 2500 1488 2540 Philostrat.
1529 2501 1687 2541 Heroic.
1721 2500 1781 2555 (II

206 2561 303 2609 210,
338 2562 392 2599 22
425 2555 600 2615 Kayser)
633 2558 733 2612 φησὶ
765 2556 800 2600 δ’
837 2558 971 2608 αὐτοῖς
1000 2557 1125 2600 κακόν
1156 2575 1191 2599 τι
1222 2558 1265 2599 ἐκ
1294 2560 1493 2613 θαλάττης
1525 2560 1678 2601 δώσειν.

326 2621 422 2659 225.
467 2620 516 2659 cf.
554 2621 747 2660 Alexand.
787 2634 885 2660 com.
919 2622 958 2660 3.
991 2619 1135 2660 Caecil.
1182 2619 1393 2669 Chrysion:
1436 2633 1672 2671 quamquam
1715 2634 1780 2672 cyo

205 2679 376 2719 merce'de
405 2680 478 2719 huc
509 2681 716 2720 conductus
747 2684 816 2720 tua
842 2676 850 2733 Ι
877 2680 1050 2720 adve'nio.

327 2741 423 2779 230.
455 2738 674 2790 Antiphan.
708 2735 806 2795 (non
840 2734 1016 2794 Alexid.)
1051 2741 1148 2791 195,
1177 2743 1199 2779 7
1234 2741 1406 2779 conferri
1437 2741 1549 2780 iubet
1574 2741 1779 2782 Herwerd.

208 2800 303 2839 177.
317 2820 375 2826 -
390 2796 461 2846 οὓς
480 2797 559 2839 ἔδει
575 2794 578 2854 Ι
595 2798 664 2839 τὸν
684 2799 719 2840 δ.
739 2798 781 2839 ἐκ
799 2804 939 2840 κοινοῦ
957 2798 1130 2854 τρέφειν,
1150 2797 1214 2839 ἀεί
1234 2796 1280 2839 θ’
1297 2799 1393 2854 ὅπερ
1409 2796 1413 2854 1
1432 2796 1505 2840 Ὀλ.
1526 2803 1605 2840 κτλ.
1625 2801 1779 2842 Kaibel.

325 2860 422 2899 232.
468 2854 732 2910 Ἀντιφάνους
776 2861 898 2900 etiam
941 2859 1051 2899 Stob.
1096 2860 1232 2899 Floril.
1268 2862 1311 2911 2,
1347 2863 1371 2900 3
1412 2861 1495 2900 cod.
1536 2861 1633 2901 Ven.
1675 2864 1779 2902 teste

205 2917 463 2958 Kirchhoffio.
516 2919 563 2958 de
590 2933 625 2959 v.
649 2921 671 2958 1
701 2920 751 2959 ad
778 2920 921 2959 Athen.
946 2921 1012 2971 14,
1038 2921 1153 2959 6250
1184 2921 1339 2971 relegat
1364 2919 1409 2960 Ο.
1430 2920 1597 2961 Crusius
1622 2936 1659 2973 p.
1682 2924 1778 2963 609,
