2014 3334
225 227 312 270 526
601 205 605 209 ¹
883 227 1146 262 ΑΔΕΣΠΟΤΑ

962 360 1047 403 661

511 442 760 500 ἐρρωγότας
792 443 938 498 λέγειν
970 445 1131 498 λόγους

345 530 512 568 Bekker.
546 530 692 569 Anecd.
728 532 795 581 39,
828 532 852 569 5
900 526 987 570 οἷον
1024 528 1160 580 ἀηδεῖς
1194 527 1260 569 καὶ
1298 526 1542 585 ἀπᾴδοντας,
1575 528 1646 582 οὐχ
1677 527 1798 582 ἁρμο-

226 590 350 636 νίους.
400 586 425 639 ἡ
458 588 661 641 μεταφορὰ
698 587 776 629 ἀπὸ
808 595 886 628 τῶν
924 588 1194 642 ἕξερρωγότων
1235 586 1428 642 ὀργάνων.
1478 588 1544 628 καὶ
1574 588 1648 643 γὰρ
1678 595 1798 629 ταῦτα

225 647 473 701 ἀνάρμοστον
499 647 566 688 καὶ
591 646 710 700 ἀηδὲς
735 647 962 702 φθέγγεται.
1011 649 1191 699 σημαίνει
1223 646 1265 688 δὲ
1295 647 1337 688 τὸ
1359 645 1514 702 (τοὺςῬ)
1543 648 1799 703 ἕξερρωγότας

225 707 291 747 καὶ
310 708 401 756 τοὺς
421 707 772 761 ἀπηρυθριακότας
790 708 856 748 καὶ
877 707 1172 761 ἀναισχύντους.
1218 709 1342 748 Arist.
1362 710 1460 749 th.
1483 711 1566 749 933
1588 713 1628 747 et
1647 708 1797 748 Cratin.

227 770 311 808 253
347 769 501 808 confert
532 769 650 808 Mein.

970 861 1055 903 662

513 944 700 998 ἄγουσιν
733 942 890 999 ἑορτὴν
923 944 969 986 οἱ
996 942 1186 987 κλέπται.

348 1031 516 1070 Bekker.
553 1030 703 1070 Anecd.
744 1032 847 1083 331,
891 1034 938 1069 11
988 1029 1211 1083 χαριεστάτη
1255 1027 1280 1081 ἡ
1323 1029 1504 1078 σύνταξις
1546 1027 1611 1069 καὶ
1655 1028 1800 1077 ἱκανῶς

226 1088 470 1142 πεπαισμένη
503 1088 600 1129 κατὰ
626 1088 697 1140 τὴν
723 1090 946 1147 κωμῳδίαν.
996 1090 1177 1141 σημαίνει
1209 1087 1250 1128 δὲ
1276 1088 1368 1137 τοὺς
1400 1087 1525 1136 ἀδεῶς
1555 1087 1799 1136 κλέπτοντας.

228 1151 313 1190 cod.
346 1149 387 1190 οἷ
413 1148 647 1203 κλεαγόπται
678 1148 825 1202 λέγεται
857 1147 899 1189 δὲ
930 1147 997 1189 καὶ
1027 1147 1202 1188 κλέπται’
1234 1149 1457 1202 χαριεστάτη
1489 1151 1566 1188 κτλ.
1616 1149 1802 1188 similiter

229 1210 374 1249 Suidas
407 1205 671 1264 (πεπαιγμένη
703 1208 801 1248 κατὰ
840 1207 913 1260 τὴν
944 1207 1182 1266 κωμῳδικὴν
1214 1209 1338 1261 χάριν.
1375 1220 1463 1260 σημ.
1489 1205 1585 1260 κτλ.)
1616 1208 1800 1259 Apostol.

229 1273 266 1319 1,
297 1272 382 1309 18a
415 1265 580 1323 (ἱκανῶς
605 1264 931 1323 πεπαιδευμένη).
953 1291 1006 1296 —-
1030 1271 1079 1308 cf.
1100 1269 1234 1319 adesp.
1258 1270 1353 1308 188.
1403 1268 1610 1318 Aristoph,
1633 1269 1681 1308 fr.
1704 1269 1801 1307 165.

228 1330 405 1380 Thucyd.
430 1333 465 1377 1,
488 1331 542 1368 7O
574 1323 670 1382 (μὴ)
702 1327 842 1379 ἑορτὴν
874 1326 967 1368 ἄλλο
999 1343 1035 1367 τι
1059 1325 1244 1381 ἡγεῖσθαι
1275 1326 1301 1381 ἢ
1331 1327 1372 1367 τὸ
1404 1326 1450 1366 τὰ
1482 1327 1621 1367 δέοντα
1644 1327 1799 1379 πρᾶξαι.

228 1390 406 1439 Xenoph.
440 1389 540 1439 Eph.
576 1391 611 1438 1,
647 1390 700 1427 10
742 1386 854 1440 ἑορτὴ
887 1383 938 1440 ἦν
971 1387 1074 1435 ἅπας
1107 1385 1127 1427 ὁ
1159 1388 1245 1440 βίος
1277 1386 1418 1435 αὐτοῖς.
1480 1389 1651 1427 fortasse
1681 1389 1803 1437 poeta

228 1449 387 1499 scripsit
418 1443 557 1501 ἅγουσ’
593 1445 733 1500 ἑορτὴν
763 1444 905 1487 ἐνθάδ’
941 1447 983 1487 οἱ
1009 1445 1180 1498 κλέπται,
1212 1448 1236 1488 i.
1263 1461 1295 1486 e.
1327 1447 1509 1486 Athenis.

975 1588 1062 1631 663

729 1703 738 1713 .
801 1669 873 1713 ἐπὶ
902 1678 995 1721 τοῖς
1027 1670 1179 1721 ὅπλοις
1210 1669 1436 1722 ἀκκίζεται.

348 1759 613 1810 Etymologic.
633 1772 683 1797 m.
705 1760 774 1802 49,
801 1760 825 1798 3
859 1756 1090 1806 ἀκκίζεσθαι
1120 1755 1162 1797 τὸ
1195 1757 1407 1809 μωραίνειν
1439 1754 1465 1808 ἢ
1497 1759 1802 1808 προσποιεῖσθαι

229 1816 440 1870 εὐήθειαν.
461 1849 470 1857 .
491 1820 588 1857 ,mk
639 1816 693 1857 ἔτι
711 1823 779 1869 τῆς
798 1817 951 1870 ὕβρεως
983 1817 1119 1870 ἔχεται,
1151 1815 1357 1870 ἐπαίρεται.
1402 1818 1450 1857 cf.
1470 1817 1652 1866 Apostol.
1675 1819 1712 1868 7,
1733 1818 1800 1856 67.

968 1957 1057 2000 664

515 2043 696 2098 περίθες
727 2046 896 2099 σεαυτῷ
928 2041 1007 2083 τὸν
1038 2038 1206 2095 πνιγέα.

351 2129 617 2180 Etymologic.
636 2143 688 2168 m.
710 2130 807 2179 677,
829 2130 883 2167 37
910 2126 1074 2180 πνιγεὺς
1106 2158 1114 2166 .
1136 2156 1145 2166 .
1166 2157 1173 2165 .
1207 2126 1388 2178 σημαίνει
1420 2157 1428 2165 .
1450 2157 1457 2166 .
1488 2124 1555 2166 καὶ
1585 2124 1651 2165 τὸν
1677 2123 1802 2177 φιμὸν

230 2194 307 2227 τῶν
350 2186 576 2241 ὑποζυγίων
613 2217 623 2227 .
656 2218 665 2226 .
697 2217 707 2227 .
744 2190 821 2227 κτλ.
883 2185 970 2226 ἀντὶ
1011 2191 1081 2226 τοῦ
1125 2186 1193 2225 τὸν
1236 2185 1371 2237 φιμόν.
1439 2186 1488 2224 ad
1520 2186 1801 2235 Arisssophanis

234 2249 466 2297 Anayyrum
498 2248 697 2287 respreba‘n
728 2247 969 2286 Dindorfius.
1021 2243 1078 2286 ‘at
1109 2247 1185 2285 iste
1217 2248 1347 2296 poeta,
1379 2245 1561 2296 quisquis
1592 2246 1686 2294 fuit,
1722 2258 1801 2283 non

232 2308 279 2346 de
312 2321 412 2359 equo
445 2308 611 2358 dixerat,
643 2308 712 2346 sed
744 2308 793 2346 ad
825 2306 1028 2346 hominem
1058 2301 1295 2344 transtulit'.
1327 2306 1473 2357 Bergk.
1507 2305 1622 2343 Mein.
1643 2305 1683 2342 II
1704 2306 1800 2343 961.

971 2434 1058 2477 665

518 2518 782 2576 ἀφάρμακον
813 2515 948 2574 χρῶμ’
989 2516 1231 2566 Οἰδίποδος

351 2605 590 2657 Hesychius,
633 2602 729 2645 ἄνευ
761 2602 928 2652 ἄνθους.
977 2601 1086 2654 ἄνθη
1124 2601 1198 2656 γὰρ
1228 2600 1276 2641 τὰ
1307 2601 1508 2654 φάρμακα.
1559 2603 1642 2642 sine
1680 2601 1800 2641 dubio

233 2666 458 2705 comoediae
490 2667 562 2704 est.

971 2744 1057 2787 666

516 2825 798 2886 Ἀφροδίσιος
829 2827 959 2885 ὅρκος
990 2825 1044 2869 οὐ
1077 2825 1237 2869 δάκνει.

353 2915 588 2967 Hesychius.
630 2915 835 2968 παροιμία,
866 2912 919 2966 ἢν
949 2911 1015 2954 καὶ
1045 2911 1349 2967 ἀναγράφουσιν
1379 2914 1457 2952 κτλ.
