2014 3334
890 222 990 257 ΤΗΣ
1016 221 1145 256 imm
1721 212 1809 256 423

914 378 1009 422 106.
1042 378 1125 422 107

444 467 468 511 ὁ
500 467 766 522 Μνησίθεος
799 462 840 507 δ’
877 465 962 519 ἔφη
994 462 1074 506 τὸν
1106 457 1233 504 οἶνον
1263 461 1370 510 τοὺς
1398 459 1537 508 θεοὺς

442 543 628 595 θνητοῖς
658 535 912 588 καταδεῖξαι
942 541 1036 586 τοῖς
1067 531 1148 590 μὲν
1180 531 1331 588 ὀρθῶς
1361 527 1606 586 χρωμένοις

443 609 617 666 ἀγαθὸν
648 607 872 665 μέγιστον,
904 613 998 657 τοῖς
1029 602 1070 648 δ’
1107 604 1302 654 ἀτάκτως
1331 602 1598 658 τοῦμπαλιν·

442 682 616 738 τροφήν
645 696 692 723 τε
723 680 809 737 γὰρ
843 679 1001 722 δίδωσι
1031 683 1125 727 τοῖς
1156 671 1207 719 εὖ
1238 673 1496 732 χρωμένοις,

395 766 416 798 5
437 754 567 810 ἰσχύν
597 768 644 796 τε
675 758 771 803 ταῖς
800 757 986 808 ψυχαῖσι
1017 747 1091 794 καὶ
1121 755 1214 799 τοῖς
1246 747 1467 803 σώμασιν·

443 827 506 877 εἰς
535 824 618 880 τὴν
650 824 852 881 ἰατρικήν
881 837 929 865 τε
960 820 1318 878 χρησιμώτατον·

442 895 514 941 καὶ
545 903 638 947 τοῖς
669 890 821 946 ποτοῖς
851 893 937 950 γὰρ
970 892 1222 949 φαρμάκοις
1251 890 1534 949 κεράννυται,

442 967 515 1013 καὶ
545 975 691 1011 τοῖσιν
723 965 988 1010 ἑλκωθεῖσιν
1021 964 1218 1020 ὠφελίαν
1249 963 1356 1019 ἔχει·

445 1041 494 1085 ἐν
523 1047 620 1091 ταῖς
651 1039 912 1088 συνουσίαις
943 1052 989 1079 τε
1020 1043 1116 1087 ταῖς
1145 1032 1250 1078 καθ’
1286 1031 1458 1090 ἡμέραν

382 1126 424 1157 10
444 1120 537 1163 τοῖς
569 1108 651 1168 μὲν
682 1109 863 1167 μέτριον
893 1110 1077 1152 πίνουσι
1106 1105 1180 1151 καὶ
1211 1104 1485 1163 κεκραμένον

444 1185 684 1240 εὐθυμίαν,
717 1181 795 1226 ἐὰν
827 1177 867 1224 δ’
903 1179 1169 1238 ὑπερβάλῃς,
1200 1178 1348 1235 ὕβριν,

446 1256 502 1300 ἂν
537 1260 637 1299 ἴσον
669 1258 750 1313 ἴσῳ
783 1251 833 1297 δὲ
863 1251 1112 1310 προσφέρῃ,
1144 1251 1309 1308 μανίαν
1339 1256 1471 1304 ποιεῖ,

445 1328 524 1372 ἐὰν
557 1325 597 1371 δ’
636 1327 843 1383 ἄκρατον,
875 1324 1128 1382 παράλυσιν
1159 1330 1250 1366 τῶν
1281 1321 1509 1378 σωμάτων.

348 1440 582 1480 Athenaeus
610 1440 647 1490 2,
668 1439 757 1478 36a
801 1429 1043 1488 Μνησίθεος
1074 1432 1118 1474 δὲ
1152 1455 1205 1462 -
1240 1432 1443 1485 σωμάτων.
1492 1430 1554 1472 διὸ
1586 1429 1653 1471 καὶ
1682 1433 1811 1471 καλεῖ-

232 1504 332 1541 σθαι
350 1498 434 1548 μτὸν
466 1497 668 1539 Διόνυσον
705 1501 909 1549 πανταχοῦ
944 1493 1096 1548 ἰατρόν·
1139 1491 1165 1545 ἡ
1199 1491 1242 1534 δὲ
1272 1492 1418 1533 Πυθία
1448 1489 1578 1545 εἴρηκέ
1608 1502 1684 1531 τισι
1714 1490 1811 1531 Διό-

228 1570 355 1601 νυσον
386 1557 552 1613 ὑγιάτην
583 1559 728 1598 καλεῖν.
766 1557 872 1597 idem
896 1558 935 1607 1,
956 1557 1041 1595 22e
1067 1554 1310 1606 Μνησίθεος
1335 1551 1356 1593 ὅ
1372 1549 1590 1604 Ἀθηναῖος
1609 1549 1812 1591 Διόνυσον

230 1618 367 1672 ἰατρόν
398 1629 498 1671 φησι
528 1616 601 1670 τὴν
643 1616 808 1657 Πυθίαν
852 1621 1024 1669 χρῆσαι
1066 1619 1206 1666 τιμᾶν
1245 1609 1537 1664 Ἀθηναίοις.
1612 1625 1649 1652 v.
1684 1614 1735 1651 11
1754 1624 1812 1663 sq.

235 1679 475 1720 Eustatbius
503 1679 631 1727 1624,
659 1678 713 1717 34
745 1674 845 1730 λέγει
877 1671 918 1730 (ὅ
932 1669 1172 1726 Ἀθήναιος)
1205 1673 1263 1713 ὅτι
1294 1671 1364 1713 ἐὰν
1395 1671 1622 1728 ὑπερβάλῃς
1647 1668 1719 1723 μὲν
1744 1669 1813 1711 τὸν

235 1738 279 1780 ἐν
309 1741 363 1796 τῷ
393 1737 561 1791 κράματι
593 1734 745 1789 δηλαδὴ
779 1731 906 1786 οἶνον,
938 1734 992 1783 εἰς
1016 1733 1136 1787 ὕβριν
1167 1731 1295 1786 φέρει·
1326 1731 1397 1773 ἐὰν
1423 1730 1467 1772 δὲ
1492 1731 1580 1772 ἴσον
1600 1731 1671 1789 ἴσῳ
1689 1742 1812 1784 προσ-

233 1797 359 1856 φέρῃ,
397 1797 545 1850 μανίαν
576 1800 696 1837 ποιεῖ·
742 1793 792 1835 ἂν
825 1792 860 1835 δ’
896 1792 1082 1848 ἄκρατον,
1112 1793 1336 1846 παράλυσιν
1368 1791 1572 1844 σωμάτων.
1631 1789 1693 1831 διὸ
1725 1802 1812 1831 στο-

233 1855 397 1912 χαστέον
421 1862 493 1898 τοῦ
519 1854 754 1909 συμμέτρου.
815 1854 918 1895 οὕτω
949 1853 1024 1908 γὰρ
1056 1852 1108 1893 ἂν
1139 1852 1193 1905 μὴ
1219 1850 1493 1906 βλαπτομένου
1525 1856 1596 1892 τοῦ
1627 1851 1814 1899 πίνοντος

231 1921 360 1966 καλῶς
404 1915 457 1957 ἂν
493 1914 514 1956 ὅ
553 1915 796 1963 Διόνυσος
845 1917 1038 1955 καλοῖτο
1088 1912 1239 1966 ἰατρός,
1288 1911 1355 1952 ἔτι
1404 1909 1452 1952 δὲ
1500 1909 1579 1951 καὶ
1626 1909 1814 1964 ὑγιείας

233 1977 407 2029 αἴτιος,
443 1974 587 2016 καθότι
623 1973 701 2015 καὶ
737 1971 764 2026 ἡ
795 1974 964 2014 Πυθία
1001 1971 1160 2026 εἴρηκέ
1196 1983 1291 2012 τισι
1328 1970 1573 2011 Διόνυσον
1610 1968 1813 2024 ὑγιατὴν

233 2040 416 2088 καλεῖν,
448 2035 543 2089 ὅπερ
575 2033 678 2076 ἐστὶν
709 2034 871 2088 αἴνιγμα
901 2038 972 2074 τοῦ
1003 2032 1072 2073 τὸν
1104 2027 1216 2073 οἶνον
1246 2029 1476 2086 ’ὑγιαστικὸν
1507 2026 1620 2071 εἶναι.

354 2100 391 2136 1.
422 2094 444 2136 ὁ
476 2095 567 2137 add.
598 2097 639 2136 et
669 2094 911 2145 Μνησίθεος
943 2090 979 2133 δ’
1014 2091 1092 2144 ἔφη
1129 2095 1272 2143 poetae
1303 2091 1451 2132 adiecit
1481 2091 1599 2131 Mein.
1682 2093 1721 2130 2.
1751 2105 1812 2144 γρ.

231 2161 396 2209 θνητῶν
427 2157 472 2196 Ε.
553 2157 592 2195 4.
623 2158 705 2203 τοῖς
736 2148 780 2194 εὖ
811 2154 930 2194 Mein.
961 2153 1078 2193 Anal.
1110 2152 1207 2192 Ath.
1241 2150 1315 2203 17]
1355 2154 1436 2199 τοῖς
1467 2150 1556 2190 ΒΕ.
1637 2152 1674 2191 8.
1708 2147 1813 2202 ὠφε-

232 2217 321 2257 λίαν
340 2214 495 2267 Dindf]
527 2211 722 2266 ὠφέλειαν
741 2213 825 2254 ΟΕ.
890 2216 956 2253 11.
988 2211 1191 2264 εὐθυμίαν
1222 2212 1372 2252 Iacobs.
1403 2211 1616 2251 Animadv.
1647 2207 1812 2250 Anthol.

233 2290 292 2330 gr.
318 2276 339 2316 Ι
367 2274 470 2326 327]
505 2273 706 2326 εὐθυμίαν
731 2271 853 2327 φέρει.
896 2271 1131 2326 ὑπερβαλεῖς
1162 2284 1358 2323 superscr.
1383 2286 1409 2323 η
1429 2271 1474 2310 Ε.
1502 2270 1558 2318 εἰς
1586 2269 1707 2323 ὕβριν
1727 2269 1810 2310 ΟΕ.

237 2334 288 2376 ἂν
319 2335 407 2376 ἴσον
439 2334 510 2392 ἴσῳ
541 2332 584 2375 δὲ
603 2334 756 2374 Nauck.
778 2333 872 2374 Obs.
893 2334 981 2373 crib.
1003 2332 1077 2384 36]
1104 2330 1174 2372 ἐὰν
1206 2327 1242 2371 δ’
1280 2330 1367 2372 ἴσον
1399 2331 1485 2387 ἴσῳ,
1516 2332 1658 2370 contra
1689 2331 1813 2370 comi-

234 2406 370 2436 corum
408 2394 752 2443 consuetudinem,
791 2394 860 2444 qui
892 2405 1049 2443 semper
1090 2391 1176 2432 ίσον
1214 2391 1306 2448 ἴσῳ,
1345 2403 1567 2442 numquam
1604 2388 1692 2430 ἶσόν
1730 2389 1814 2446 ἴσῳ.

235 2457 447 2507 praeterea.
464 2454 670 2494 Nauckius
697 2451 748 2493 ἂν
774 2452 861 2494 ἴσον
886 2452 957 2509 ἴσῳ
985 2449 1041 2503 δέ,
1065 2451 1206 2505 παράλ.
1255 2456 1335 2491 τῶν
1354 2462 1465 2502 σωμ.,
1489 2448 1561 2490 ἐὰν
1581 2446 1618 2489 δ’
1641 2446 1813 2503 ἄκρατον

235 2525 397 2567 προσφ.,
427 2513 574 2565 μανίαν
597 2516 713 2554 ποιεῖ.
778 2515 844 2552 12.
875 2510 1089 2566 προσφέρει
1120 2523 1316 2562 superscr.
1341 2525 1367 2562 η
1388 2511 1434 2551 Ε.
1464 2507 1671 2566 προσφέρῃ
1691 2512 1754 2549 est
1775 2511 1815 2551 2.

239 2587 342 2626 pers.
369 2573 469 2625 sing.
495 2574 598 2613 med.
663 2574 735 2613 13.1
760 2570 831 2612 ἐὰν
861 2569 1056 2624 Brunck]
1090 2569 1152 2611 ἂν.
1172 2592 1228 2599 --
1253 2583 1354 2622 quae
1385 2572 1478 2622 post
1508 2584 1544 2610 v.
1569 2572 1622 2610 13
1655 2570 1696 2608 in
1727 2569 1813 2609 cod.

236 2634 442 2673 adduntur
460 2633 531 2672 alii
549 2635 691 2684 poetae
710 2629 792 2684 (διὸ
812 2653 858 2659 -
877 2636 1080 2684 πανταχοῦ
1108 2631 1113 2682 Ι
1142 2629 1275 2683 ἰατρόν
1291 2651 1342 2658 -
1362 2629 1507 2670 Πυθία
1534 2629 1540 2680 Ι
1568 2628 1697 2681 εἴρηκε
1715 2624 1814 2684 κτλ.)

238 2693 385 2734 tribuit
404 2692 644 2742 Dindorfius,
670 2692 869 2732 Athenaei
892 2693 1016 2732 verba
1041 2704 1127 2731 esse
1153 2692 1288 2730 censet
1307 2690 1543 2730 Meinekius.
1592 2690 1634 2728 in
1658 2689 1722 2729 his
1740 2701 1813 2740 pro

238 2757 440 2805 πανταχοῦ
483 2754 682 2803 πολλαχοῦ
721 2752 839 2791 Mein.
871 2752 988 2791 Anal.
1020 2751 1116 2791 Ath.
1151 2751 1247 2790 108.
1314 2750 1414 2789 mihi
1450 2748 1657 2789 Eustathii
1699 2761 1813 2800 prae-

240 2813 379 2852 sertim
405 2812 526 2857 verba
557 2811 824 2851 consideranti
849 2812 1016 2851 dubium
1040 2823 1119 2850 non
1151 2812 1213 2850 est
1238 2810 1335 2861 quin
1362 2810 1461 2849 haec
1487 2821 1646 2861 quoque
1670 2811 1813 2859 poetae

242 2872 414 2912 alicuius
447 2871 538 2920 sint,
571 2870 654 2910 sive
686 2871 865 2911 eiusdem
896 2866 974 2925 (ita
1003 2873 1139 2910 tamen
1171 2872 1218 2909 ut
1237 2871 1330 2920 post
1347 2883 1384 2910 v.
1408 2871 1461 2909 13
1483 2869 1674 2909 excidisse
1693 2881 1813 2920 quae-

242 2932 335 2971 dam
367 2926 564 2984 statuam)
597 2930 680 2970 sive
713 2930 893 2970 alterius.
955 2930 1207 2970 scribendum
1240 2931 1375 2969 autem
1406 2930 1567 2970 videtur
