2014 3334
586 264 917 299 ΑΝΔΡΟΓΤΝΟΣ
945 284 986 290 -
1016 264 1309 298 ΑΡΡΗΦΟΡΟΣ
1634 257 1636 259 ’
1684 265 1737 305 21

920 373 977 415 62

1019 428 1104 475 οἷδ’
1142 433 1298 475 εἰσιὼν

370 507 529 560 πανόν,
563 505 746 562 λύχνον,
779 507 1045 561 λυχνοῦχον,
1079 505 1102 547 ὅ
1134 520 1177 547 τι
1208 505 1414 562 πάρεστι·
1448 511 1543 560 φῶς

372 579 514 634 μόνον
545 578 661 620 πολὺ
693 578 821 620 ποίει.

275 666 509 705 Athenaeus
533 667 600 716 15,
623 667 708 706 700
724 665 778 704 de
798 663 925 712 πανὸς
957 661 1190 716 ὀνομάζεται
1213 662 1256 704 τὸ
1284 662 1595 716 διακεκομμένον
1622 663 1741 712 ξύλον

154 724 220 767 καὶ
252 722 560 777 συνδεδεμένον·
591 724 717 781 τούτῳ
750 721 786 764 δ’
824 723 991 777 ἐχρῶντο
1023 724 1211 776 λαμπάδι.
1262 722 1507 776 Μένανδρος
1529 720 1742 775 Ἀνεψιοῖς

85 776 98 789 ⁰
153 789 231 826 κτλ.
285 789 322 825 1.
354 780 429 826 οἴσ’
468 785 557 825 add.
584 785 708 824 Dobr.
755 787 792 823 2.
824 784 1011 837 πάρεστιν
1037 785 1084 824 Α.
1144 786 1182 824 3.
1213 784 1317 824 ποίει
1349 783 1600 835 Daleeamp]
1638 786 1748 824 ποιεῖ

154 849 201 886 Α.
235 842 447 899 ‘quidquid
478 847 640 896 praesto
673 847 735 884 est
767 845 879 885 effer:
911 846 1030 884 modo
1064 846 1213 884 claram
1234 844 1298 883 fac
1324 839 1484 884 lucem'.
1518 845 1614 883 Xen.
1636 845 1740 884 Hell.

156 908 194 957 6,
222 909 260 957 2,
294 909 348 946 29
382 904 458 957 πρὸ
490 910 561 945 τοῦ
594 904 880 957 στρατεύματος
913 910 999 956 φῶς
1031 903 1164 944 ἐποίει.
1197 926 1246 932 -——
1274 906 1499 944 tetrametr.
1533 900 1629 958 (om.
1651 904 1741 957 λύχ-

153 961 248 1021 νον)
281 961 356 1006 οἶσ’
393 963 466 1005 ἰὼν
492 964 623 1006 πανόν
644 987 698 992 -
720 964 847 1017 μόνον
875 961 881 1020 Ι
908 964 1012 1006 πολὺ
1032 965 1137 1005 ποίει
1162 966 1206 1005 L.
1222 965 1405 1004 Dindorf.
1420 965 1526 1003 Ann.
1548 965 1740 1004 Fleckeis.

157 1028 285 1078 1869,
318 1027 415 1067 524.

368 1191 422 1234 τὰ
453 1197 597 1241 κακῶς
628 1188 852 1247 τρέφοντα
883 1185 1009 1247 χωρί’
1045 1188 1281 1246 ἀνδρείους
1311 1196 1441 1232 ποιεῖ.

277 1279 475 1319 Stobaeus
501 1278 730 1327 Flori1.56,
766 1280 788 1317 7
823 1277 1073 1328 Μενάνδρου
1107 1273 1291 1328 Ἀνεψιοί
1314 1277 1360 1316 Α.
1397 1299 1450 1304 -
1485 1290 1625 1315 verum
1653 1290 1739 1316 esse

154 1342 304 1380 norum)
335 1338 504 1378 Borussi
534 1352 615 1377 non
647 1338 780 1387 minus
813 1351 934 1389 quam
967 1337 1107 1376 Attici.

837 1453 1059 1487 ΑΠΙΣΤΟΣ

276 1531 456 1582 Alciphr.
495 1531 623 1582 Epist.
660 1532 704 1581 2,
738 1532 782 1581 4,
817 1531 841 1569 6
880 1529 1010 1569 πάντα
1048 1526 1221 1581 μετέωρα
1259 1534 1335 1568 νῦν
1374 1527 1471 1580 ἐστι,
1515 1528 1740 1582 βουλόμενα

155 1592 256 1632 ἰδεῖν
288 1589 536 1647 Μένανδρον
567 1588 634 1630 καὶ
665 1588 834 1630 ἀκοῦσαι
866 1588 1124 1643 φιλαργύρων
1149 1587 1216 1628 καὶ
1247 1587 1428 1641 ἐρώντων
1454 1587 1519 1628 καὶ
1552 1589 1738 1628 δεισιδαι-

154 1651 289 1704 μόνων
321 1650 386 1691 καὶ
419 1649 605 1691 ἀπίστων.
658 1651 825 1690 dubium
850 1653 911 1690 est
937 1650 1205 1701 suspiciosum
1237 1650 1436 1702 significet
1461 1663 1512 1688 an
1538 1650 1740 1689 hominem

153 1712 219 1752 cui
250 1712 350 1751 fides
382 1712 523 1751 haberi
552 1724 633 1751 non
663 1711 803 1762 possit.

918 1803 976 1845 64

586 1887 723 1947 ᾤμην,
756 1888 797 1930 εἰ
826 1887 876 1930 τὸ
907 1887 1096 1943 χρυσίον
1128 1886 1258 1942 λάβοι

370 1961 393 2004 ὁ
427 1959 585 2017 γέρων,
618 1960 901 2016 θεράπαιναν
933 1958 1074 2009 εὐθὺς
1106 1957 1418 2014 ἠγορασμένην

369 2033 513 2089 ἅβραν
546 2034 741 2075 ἔσεσθαι.

271 2121 415 2159 Suidas
446 2118 567 2172 ἅβρα·
601 2117 690 2159 οὔτε
721 2116 747 2171 ἡ
775 2116 908 2165 ἅπλῶς
938 2116 1169 2170 θεράπαινα
1201 2114 1290 2156 οὔτε
1322 2114 1347 2168 ἡ
1379 2114 1581 2169 εὔμορφος
1611 2117 1733 2169 θερά-

151 2194 275 2220 παινα
300 2178 461 2234 λέγεται,
486 2175 569 2219 ἀλλ’
598 2178 778 2233 οἰκότριψ
794 2175 993 2232 ’γυναικὸς
1018 2176 1115 2229 κόρη
1142 2175 1208 2216 καὶ
1235 2175 1402 2229 ἔντιμος,
1428 2177 1501 2217 εἴτε
1529 2176 1735 2230 οἰκογενὴς

84 2272 92 2276 .
151 2240 224 2280 εἶτε
256 2239 321 2292 μή.
371 2237 616 2292 Μένανδρος
646 2237 863 2295 Σικυωνίῳ
891 2270 898 2277 .
921 2269 928 2277 .
950 2267 958 2276 .
980 2234 1148 2293 ’Λπίστῳ
1174 2240 1253 2276 κτλ.
1306 2235 1515 2277 Dobraeus
1541 2238 1616 2277 hoc
1643 2250 1736 2276 cum

151 2301 378 2353 fragmento
415 2300 587 2350 Sicyonii
619 2294 747 2354 (438)
788 2299 896 2351 quod
938 2298 1046 2349 apud
1079 2297 1245 2336 Suidam
1282 2298 1489 2349 praecedit
1526 2298 1737 2348 coniungit

151 2361 270 2400 alteri
306 2372 499 2411 personae
536 2360 720 2400 tribuens
754 2354 818 2414 (B.
850 2355 1033 2398 ἄπιστον·
1075 2354 1189 2413 ᾤμην
1220 2359 1285 2397 vel
1324 2354 1468 2396 ἅπιστά
1499 2353 1556 2410 γ’·
1591 2354 1735 2413 ᾤμην).

151 2423 195 2460 ab
225 2433 479 2472 nequaquam
510 2423 656 2459 coeunt
687 2420 921 2459 sententiae.
983 2418 1032 2479 gie
1063 2417 1169 2472 ἅβρα
1209 2418 1256 2457 cf.
1290 2418 1412 2457 etiam
1445 2418 1578 2468 Etym
1612 2432 1662 2456 m.
1697 2418 1735 2466 4,

155 2482 223 2520 22.
255 2481 427 2520 Bekker.
459 2480 608 2519 Aneed.
643 2482 741 2531 321,
776 2482 827 2518 12
846 2492 904 2530 sq.

633 2593 695 2629 ΑΡ
701 2594 929 2629 ΡΗΦΟΡΟΣ
955 2595 991 2627 Η
1015 2594 1266 2627 ΑΤΛΗΤΡΙΣ

273 2673 501 2723 Etymolog.
533 2684 666 2721 magn.
696 2673 791 2719 149,
827 2673 880 2710 18
914 2669 1174 2722 ἀρρηφορεῖν·
1206 2666 1386 2719 τέσσαρες
1416 2667 1556 2714 παῖδες
1588 2665 1733 2718 ἐχειρο-

151 2736 343 2772 τονοῦντο
379 2728 464 2771 κατ’
506 2729 708 2784 εὐγένειαν
746 2729 989 2783 ἀρρηφόροι,
1033 2728 1111 2768 ἀπὸ
1151 2728 1247 2768 ἐτῶν
1280 2726 1375 2766 ἔπτὰ
1413 2725 1544 2779 μέχρις
1581 2724 1734 2766 ἕνδεκα.

153 2790 303 2831 τούτων
349 2789 391 2831 δὲ
435 2790 509 2831 δύο
554 2790 817 2843 διεκρίνοντο,
862 2791 902 2830 οἳ
939 2784 1020 2843 (αἳ)
1065 2794 1134 2840 τῆς
1170 2787 1279 2839 ὑφῆς
1319 2792 1390 2827 τοῦ
1429 2787 1538 2838 ἱεροῦ
1582 2784 1734 2825 πέπλου

153 2845 359 2903 ἧρχον[το]
393 2849 459 2890 καὶ
483 2856 562 2890 τῶν
587 2848 716 2890 ἄλλων
741 2856 820 2890 τῶν
850 2848 940 2902 περὶ
972 2847 1105 2888 αὐτόν.
1155 2845 1302 2898 λευκὴν
1322 2845 1364 2886 δὲ
1385 2845 1535 2898 ἐσθῆτα
1555 2845 1732 2897 ἐφόρουν

153 2910 220 2950 καὶ
251 2911 402 2963 χρυσία.
465 2911 651 2950 similiter
676 2911 914 2962 Harpocrat.
948 2907 1204 2961 ἀρρηφορεῐν.
1267 2908 1314 2946 cf.
1343 2906 1603 2947 Schoemann.
1639 2907 1732 2944 Ant.

155 2966 234 3021 gr.2
267 2971 307 3009 ΙΙ
341 2973 438 3010 453.
