2014 3334
733 215 937 250 ΑΔΗΛΩΝ
961 216 1222 250 ΔΡΑΜΑΤΩΝ
1684 215 1766 260 167

305 327 450 368 Strabo
483 328 582 368 296.
617 330 638 367 7
679 324 780 380 λέγει
812 325 1057 380 Μένανδρος
1094 326 1186 380 >περὶ
1223 326 1355 368 αὐτῶν
1388 324 1485 381 (τῶν
1517 330 1685 383 Γετῶν),
1716 328 1765 369 οὐ

180 387 352 439 πλάσας,
389 385 443 438 ὡς
474 386 596 438 εἰκός,
633 383 718 427 ἀλλ’
754 386 794 436 ἐξ
826 387 998 440 ἱστορίας
1036 386 1182 441 λαβών.
1243 388 1388 437 πάντες
1424 411 1471 416 --
1510 387 1635 440 ἐσμέν.
1698 388 1766 429 καὶ

67 499 69 501 ¹
181 446 339 501 ὑποβὰς
369 446 512 500 μικρὸν
542 452 613 500 τῆς
642 445 731 501 περὶ
763 446 831 495 τὰς
861 450 1054 501 γυναῖκας
1080 446 1271 500 ἀκρασίας
1302 449 1437 500 τίθησι
1468 449 1765 503 παραδεὺγματα

135 546 138 549 Α
181 510 303 562 γαμεῖ
326 510 405 548 κτλ.
469 509 506 548 5.
539 507 575 547 εἰ
604 505 657 559 μὴ
691 504 772 548 δέκ’
807 505 834 560 ἢ
866 507 1088 548 Salmasius
1108 509 1247 548 Exere.
1269 509 1371 548 Plin.
1396 512 1479 549 112
1494 509 1534 560 a]
1570 506 1702 550 οὐδέκ’
1725 507 1765 561 ἤ.

183 571 220 609 6.
254 564 396 608 δώδεκ’
431 565 457 620 ἢ
490 566 674 619 Porsen]
709 567 864 608 δώδεκά
895 582 944 607 τε.
1009 567 1164 608 δώδεκά
1202 584 1258 616 τις
1295 571 1359 608 πλ.
1391 569 1521 609 Vatia.
1561 567 1765 618 δωδεκέτις

180 628 280 668 Ven.
312 628 438 679 Mosq.
503 629 540 667 7.
571 642 640 676 τις
670 620 696 684 ’ᾖ
723 626 790 678 K]
823 628 932 684 τύχῃ.
995 630 1032 668 8.
1066 633 1151 681 γῆς
1177 627 1242 678 Κ.]
1276 643 1343 676 τις.
1394 629 1491 685 τύχῃ
1520 630 1524 676 Ι
1552 640 1764 683 καταστρο-

180 693 262 742 φῆς
305 700 363 736 τις
402 688 617 739 'Pyrwhitt-
665 686 825 739 ἅθλιος]
869 685 997 744 ᾔθεος
1039 689 1186 728 Naber.
1223 689 1369 728 Mnem.
1407 702 1496 729 nov.
1528 689 1630 729 VIII
1663 691 1763 729 421.

181 750 224 788 at
249 761 295 788 eo
320 748 480 788 nomine
505 761 727 800 numquam
753 749 796 787 ni
815 749 936 789 fallor
955 749 997 788 in
1022 749 1171 788 malam
1192 751 1348 799 partem
1367 751 1551 789 utuntur.
1590 750 1762 789 fortasse

178 809 303 849 verba
333 808 389 848 sic
419 809 721 860 transponenda
758 812 853 848 suut
890 806 1078 861 ἅνυμφος
1110 803 1247 859 οὗτος,
1285 807 1527 860 ἀνυμέναιος
1557 807 1763 860 κᾶφιλος

179 864 399 923 (adfinibus
430 863 599 923 carens),
630 880 808 922 καταστρ.
841 885 876 922 γ.
909 867 1059 909 ἐπικαλ.
1090 891 1148 896 —
1180 867 1432 921 καταστροφὴ
1465 875 1539 923 γῆς
1569 871 1765 919 pernicies

172 931 332 979 patriae
349 931 530 978 vocatur,
549 931 599 969 ut
617 925 681 969 δύ’
705 926 779 968 ἄτα
798 927 1114 978 κάπαναστάσεις
1133 928 1297 982 θρόνων
1318 931 1521 982 Antigone
1544 933 1586 969 et
1605 930 1761 969 Ismene

180 989 370 1028 dicuntur
401 988 522 1040 Soph.
556 990 650 1029 Ant.
683 991 782 1030 533.

925 1092 1012 1162 549

392 1215 632 1272 ἄνθρωπος
664 1215 727 1258 ὢν
759 1213 980 1271 μηδέποτε
1010 1214 1093 1270 τὴν
1124 1213 1318 1257 ἀλυπίαν

393 1280 521 1330 αἰτοῦ
553 1287 672 1343 παρὰ
702 1291 842 1352 θεῶν,
874 1286 985 1329 ἀλλὰ
1015 1287 1099 1342 τὴν
1130 1288 1458 1343 μακροθυμίαν.

393 1359 500 1402 ὅταν
531 1358 616 1413 γὰρ
649 1354 817 1408 ἄλυπος
852 1358 926 1400 διὰ
957 1356 1112 1408 τέλους
1143 1354 1258 1400 εἶναι
1289 1356 1441 1414 θέλῃς,

391 1430 418 1486 ἢ
452 1431 524 1473 δεῖ
551 1431 663 1474 θεόν
695 1426 736 1473 σ’
771 1426 892 1473 εἶναι’
918 1426 1004 1473 τιν’
1038 1429 1066 1485 ἢ
1097 1430 1207 1486 τάχα
1240 1430 1295 1485 δὴ
1327 1431 1500 1486 νεκρόν.

350 1514 371 1546 5
391 1505 636 1560 παρηγόρει
668 1499 717 1545 δὲ
748 1503 801 1545 τὰ
832 1503 945 1546 κακὰ
978 1498 1036 1545 δι’
1073 1501 1236 1558 ἑτέρων
1266 1509 1427 1545 κακῶν.
1463 1525 1466 1527 -

0 1639 3 1643 ,
295 1600 479 1654 Cdmpar.
510 1603 613 1641 Men.
637 1604 678 1641 et
709 1602 813 1641 Phil.
834 1604 919 1642 362
960 1599 1206 1654 Μένανδρος
1242 1599 1332 1654 περὶ
1363 1604 1560 1654 λογισμῶν
1594 1597 1756 1655 (Stude-

0 1669 5 1712 ᾗ
132 1658 134 1660 ’
174 1663 300 1702 mund
329 1663 432 1702 Men.
466 1665 508 1702 et
538 1662 696 1703 Philist.
728 1675 856 1713 comp.
885 1664 967 1702 201
987 1676 1043 1714 sq.
1076 1676 1113 1713 p.
1137 1656 1225 1716 34).
1288 1675 1324 1701 v.
1360 1664 1472 1700 1—4
1508 1675 1582 1700 om.
1614 1663 1756 1712 poetae

0 1727 2 1731 '
173 1723 334 1762 nomine
359 1722 540 1762 Boisson.
568 1723 715 1762 Anecd.
745 1723 764 1761 I
801 1724 896 1762 126.
962 1725 998 1762 1.
1031 1720 1104 1773 τὴν
1136 1735 1212 1762 om.
1241 1721 1366 1761 Boiss.
1431 1723 1468 1760 2.
1501 1720 1598 1761 αἴτει
1628 1721 1755 1761 Boiss.

0 1819 4 1827 ἱ
174 1786 284 1822 θεῶν
305 1781 511 1832 Heinsius]
545 1786 661 1822 θεοῦ.
700 1780 773 1834 τὴν
805 1783 894 1822 add.
921 1783 1044 1822 Dobr.
1063 1783 1166 1822 Adv.
1192 1782 1228 1821 Il
1262 1783 1359 1821 285.
1404 1784 1682 1833 μακροθυμεῖν
1714 1793 1756 1820 σε

0 1837 6 1891 ξ
174 1842 246 1895 χρή
278 1843 407 1882 Boiss.
488 1844 526 1882 3.
565 1841 658 1882 ὅταν
697 1839 734 1882 δ’
769 1843 901 1881 Bentl.
951 1841 1053 1882 ἐπὰν
1092 1839 1135 1882 δὲ
1172 1839 1232 1881 ἄλ.
1272 1842 1399 1881 Boiss.
1449 1839 1520 1880 ἐὰν
1560 1838 1596 1880 δ’
1632 1842 1752 1881 Dobr.

0 1899 5 1917 ·'
175 1905 213 1943 4.
246 1899 281 1942 σ’
324 1898 429 1942 εἶναί
463 1899 536 1941 τιν’
579 1901 718 1953 Mein]
759 1914 801 1942 σε
838 1897 952 1942 εἶναι.
1001 1900 1028 1955 ἢ
1059 1902 1134 1955 γάρ
1167 1913 1208 1941 σε
1239 1900 1340 1941 θεὸν
1373 1896 1475 1940 εἶναι
1512 1901 1578 1940 δεῖ
1601 1898 1628 1952 ἢ
1659 1901 1756 1953 τάχα

173 1961 315 2015 νεκρόν
347 1963 475 2002 Boiss.
525 1961 595 2002 ἐὰν
629 1959 665 2001 δ’
700 1959 853 2010 ἄλυπος
894 1983 944 1989 —-
985 1960 1012 2014 ἢ
1046 1962 1111 2002 δεῖ
1140 1961 1242 2002 θεόν
1281 1957 1315 2000 6‘
1352 1956 1454 2000 εἶναι
1491 1959 1566 2014 γὰρ
1599 1961 1754 2000 Nauck.

173 2020 395 2076 ἄνθρωπον
428 2018 508 2062 ὄντ’
545 2021 631 2062 οὐδ.
663 2037 694 2061 τ.
726 2020 785 2062 ἀλ.
814 2019 819 2074 Ι
848 2021 967 2062 αἰτεῖν
1000 2037 1040 2062 π.
1067 2026 1123 2073 θ.,
1156 2020 1253 2062 ἀλλὰ
1284 2024 1562 2075 μακροθυμεῖν
1593 2031 1635 2060 σε
1666 2016 1747 2073 χρὴᾹ

172 2085 414 2136 παρηγορεῖν
445 2097 483 2122 τε
515 2081 561 2121 τὰ
592 2097 627 2122 κ.
660 2078 712 2122 δι’
748 2080 798 2122 ἒτ.
829 2097 865 2122 κ.
893 2081 899 2132 Ι
926 2080 953 2134 ἢ
986 2082 1052 2122 δεῖ
1076 2081 1175 2122 θεόν
1208 2077 1243 2121 σ’
1279 2076 1380 2121 εἶναι
1410 2079 1485 2134 γὰρ
1516 2078 1543 2132 ἢ
1574 2080 1670 2132 τάχα
1702 2079 1751 2131 δὴ

172 2157 209 2182 ν.
237 2142 242 2192 1
271 2141 341 2182 ἐὰν
373 2140 525 2190 ἄλυπος
555 2145 631 2182 κτλ.
682 2143 732 2182 Η.
763 2142 900 2183 Iaeobi
930 2143 1069 2195 Progr.
1102 2143 1220 2182 Posn.
1256 2143 1382 2192 1861,
1419 2143 1467 2180 11
1503 2141 1604 2180 conl.
1631 2141 1751 2179 Babr.

175 2205 242 2254 30,
278 2205 332 2243 10
370 2200 396 2254 ἣ
417 2202 508 2256 γάρ
546 2217 592 2255 με
630 2201 772 2255 νεκρὸν
809 2200 836 2254 ἢ
867 2201 967 2243 θεὸν
998 2202 1047 2242 σὺ
1087 2202 1266 2254 ποιήσεις
1306 2205 1346 2241 et
1383 2201 1672 2252 epigrammate
1710 2201 1753 2238 in

173 2263 713 2313 Epicharmum-composito
746 2263 892 2315 Bergk.
926 2264 1036 2303 Poet.
1067 2258 1161 2314 lyr.²
1193 2264 1278 2302 456
1311 2259 1390 2312 εἰμὶ
1420 2259 1559 2312 νεκρὸς
1590 2262 1667 2299 κτλ.
1697 2282 1748 2287 -

171 2322 272 2362 mihi
311 2326 553 2376 παρηγορεῖν
593 2321 640 2362 τὰ
680 2321 783 2362 κακὰ
825 2319 877 2362 δι’
922 2320 1063 2377 ἑτέρων
1104 2327 1238 2362 κακῶν
1279 2335 1358 2360 non
1389 2320 1551 2360 videtur
1592 2321 1751 2359 defendi

171 2395 291 2434 posse
331 2383 512 2434 exemplo
550 2383 718 2422 Philem.
758 2385 857 2423 234.
919 2396 1014 2422 nam
1058 2383 1092 2422 si
1137 2378 1404 2421 ‘calamitates
1450 2380 1751 2420 calamitatibus

173 2444 385 2483 solvuntur
417 2456 463 2482 eo
489 2443 596 2494 quod
627 2444 735 2482 mala
765 2443 883 2483 malis
916 2438 1189 2483 consolantur'
1221 2442 1246 2480 i.
1271 2454 1303 2480 e.
1336 2441 1377 2480 in
1403 2440 1646 2479 oblivionem
1677 2439 1749 2478 du·

172 2505 286 2555 cunt,
324 2503 471 2542 ideirco
508 2516 588 2543 non
625 2505 734 2543 recte
772 2504 890 2542 homo
928 2503 1014 2554 ipse
1052 2503 1160 2541 mala
1196 2501 1312 2540 malis
1350 2500 1547 2539 consolari
1578 2499 1748 2540 iubetur.

172 2563 342 2602 fortasse
375 2575 448 2602 scr.
478 2562 694 2616 παρηγόρει
725 2577 763 2602 τε
795 2561 842 2602 τὰ
872 2559 971 2602 κάκ’
1018 2561 1091 2602 ἀεὶ
1129 2562 1476 2613 διακαρτερῶν,
1508 2559 1577 2610 qui
1611 2571 1749 2599 versus

171 2625 263 2672 post
293 2636 329 2663 v.
365 2624 389 2661 2
421 2623 657 2662 inserendus
689 2626 761 2662 est.

847 2763 946 2805 550.
979 2762 1062 2804 551

459 2845 620 2888 ἅπαντι
652 2846 824 2902 δαίμων
856 2844 989 2901 ἀνδρὶ
1020 2844 1374 2899 συμπαρίσταται

459 2917 598 2968 εὐθὺς
628 2918 870 2976 γενομένῳ,
901 2916 1190 2974 μυσταγωγὸς
1220 2920 1301 2957 τοῦ
1331 2916 1436 2970 βίου
