2014 3334
717 251 923 287 ΑΔΗΛΩΝ
948 252 1212 288 ΔΡΑΜΑΤΩΝ
1673 253 1758 296 185

291 364 366 404 Ms.
392 364 555 404 Hercul.
583 365 603 403 I
632 366 686 404 74
713 364 774 404 ed.
796 364 868 405 Ox.
899 371 1031 414 κακῶς
1061 365 1137 419 γὰρ
1168 364 1331 406 ἀκούων
1362 364 1430 406 καὶ
1459 365 1622 419 πάσχων
1655 365 1759 415 ὅστις

172 421 249 464 οὐκ
279 420 482 481 ὀργίζεται,
512 424 708 479 πονηρίας
744 425 925 477 πλείστης
963 426 1173 479 τεκμήριον
1205 424 1328 480 φέρει,
1361 425 1458 466 κατὰ
1489 425 1558 467 τὸν
1589 424 1755 467 Μέναν-

173 484 284 538 δρον.
334 485 452 526 indic.
485 485 694 525 Dobraous
727 485 829 527 Adv.
862 486 904 526 II
938 488 1035 527 286.

923 604 1010 647 615

389 686 474 743 ἐγὼ
508 685 548 730 δ’
585 687 789 744 ἀνόητος,
821 688 1001 744 εὐτελὴς
1033 688 1272 746 ὑπερβολῇ,

389 759 413 802 ὁ
446 758 486 802 δ’
525 760 695 811 ἄσωτός
727 759 832 815 ἐστι,
865 761 1123 815 πολυτελής,
1155 762 1332 817 θρασὺς
1364 762 1553 819 σφόδρα.

294 847 441 887 Suidas
474 845 633 899 εὐτελὴς
658 844 722 888 ἐπ’
758 845 967 901 ἀρετῆςςὸ
993 847 1202 900 φειδωλός,
1233 846 1301 888 καὶ
1325 845 1627 902 ὀλιγοδάπανος.
1655 849 1758 890 οὕτω

172 904 418 960 Μένανδρος
461 910 539 947 κτλ.
605 908 664 948 ita
708 908 873 948 Grotius
919 910 960 948 eb
1004 908 1142 948 Cobet..
1181 908 1292 948 Conl.
1330 909 1418 949 orit.
1462 909 1566 960 149]
1610 909 1677 949 καὶ
1713 907 1758 949 εὁ

172 965 324 1015 ἄσωτος
355 963 441 1007 κτλ.’
496 967 619 1020 Suid.,
651 970 861 1020 tamquam
893 969 973 1008 sint
1005 969 1084 1008 duo
1118 969 1278 1009 diversa
1308 970 1548 1021 fragmenta.
1614 973 1651 1010 1.
1683 968 1758 1023 ἐγὼ

171 1025 244 1080 μὲν
276 1021 352 1068 οὖν
382 1041 440 1076 τις
472 1026 630 1080 εὐτελὴς
661 1029 868 1069 Herwerd.
889 1028 983 1070 Obs.
1004 1029 1092 1069 crit.
1115 1031 1182 1069 96.
1234 1027 1308 1083 ἐγὼ
1342 1027 1425 1081 μὲν
1458 1027 1666 1083 ὀκνηρός
1698 1031 1758 1082 K.⁷

171 1091 219 1128 ut
251 1101 388 1140 oppos.-
421 1089 475 1129 sit
499 1088 668 1142 θρασύς.
717 1089 908 1139 Adelphis
938 1089 1085 1130 tribuit
1111 1091 1303 1141 Toupius,
1336 1091 1420 1130 sine
1450 1091 1595 1131 idonea
1627 1104 1760 1131 causa.

920 1208 1006 1250 616

385 1290 412 1346 ἡ
447 1289 487 1333 δ’
525 1290 786 1348 εὐπατέρεια
818 1291 1067 1348 φιλόγελώς
1098 1307 1143 1335 τε
1176 1291 1403 1348 παρθένος

387 1364 506 1419 Νίκη
539 1359 642 1419 μεθ’
677 1363 804 1420 ἡμῶν
836 1364 1024 1421 εὐμενὴς
1060 1360 1200 1407 εἴποιτ’
1237 1364 1316 1408 άεί.

292 1450 424 1490 Schol.
450 1450 619 1490 Aristid.
645 1465 682 1502 p.
707 1453 790 1491 301
819 1451 938 1491 Dind.
980 1450 1089 1505 παρὰ
1121 1451 1162 1491 τὸ
1196 1446 1303 1507 (τὸν)
1335 1450 1511 1503 κωμικὸν
1543 1455 1620 1492 κτλ.
1662 1450 1762 1506 λέγει

172 1507 314 1562 δὲτὴν
341 1507 534 1562 Ἀθηνᾶν.
597 1525 633 1551 v.
661 1513 685 1550 2
720 1511 891 1551 Bekker.
917 1513 1068 1552 Aneod.
1104 1514 1201 1565 368,
1236 1515 1260 1553 3
1294 1511 1538 1552 ἀκολουθεῖν
1570 1508 1651 1564 μετ’
1687 1512 1760 1552 αὐ-

170 1575 242 1611 τοῦ
266 1602 274 1610 .
295 1602 304 1610 .
326 1602 334 1610 .
358 1566 654 1624 Μένανδρος
692 1574 770 1611 κτλ.
831 1573 984 1612 Himer.
1019 1572 1085 1613 Or.
1121 1575 1194 1625 19,
1236 1575 1260 1613 3
1306 1573 1415 1624 Νίκη
1460 1570 1762 1626 χρυσοπτέρυγε,

171 1631 280 1682 Νίκη
312 1629 409 1679 Διὸς
440 1636 512 1671 τοῦ
544 1631 717 1685 μεγάλου
749 1635 836 1684 παῖ,
869 1630 1100 1685 εὐπατέρεια
1131 1632 1197 1673 καὶ
1233 1632 1450 1687 φιλόγελως
1483 1628 1655 1687 (τούτοις
1686 1633 1761 1687 γάρ

170 1702 213 1731 σε
237 1694 319 1739 τοῖς
339 1689 530 1743 ὀνόμασιν
562 1690 720 1745 ἀγάλλει
751 1689 777 1743 ἡ
809 1689 1023 1746 ποίησις)
1057 1692 1169 1741 ἵλεως
1201 1693 1284 1745 εἴης
1314 1692 1381 1732 καὶ
1413 1693 1526 1744 δοίης
1555 1697 1683 1733 θῦσαι
1713 1692 1760 1732 τὰ

170 1750 389 1804 νικητήρια.
455 1755 491 1792 1.
518 1750 750 1804 εὐπατέρεια
774 1751 945 1804 Himer.]
980 1752 1191 1807 εὐπάτειρα
1210 1754 1247 1792 D
1269 1754 1399 1793 Schol.
1421 1754 1490 1792 Ar.
1535 1767 1614 1793 non
1643 1754 1758 1793 dubi-

171 1812 259 1853 tavi
277 1812 535 1852 Homericam
563 1814 735 1853 formam
753 1814 941 1854 retinere.
1004 1812 1208 1867 παρθένος
1228 1814 1336 1865 Νίκη
1356 1812 1494 1864 Mem]
1523 1812 1760 1866 παρθενικὰ.

172 1874 211 1912 2.
235 1869 358 1913 gnon?
382 1872 616 1924 Bekk.An.]
652 1867 696 1912 εὖ
728 1870 816 1914 ποτ’
853 1874 985 1915 Schol.
998 1874 1068 1914 Ar.
1106 1895 1154 1902 —
1191 1875 1316 1914 miror
1340 1874 1542 1914 neminem
1569 1874 1760 1913 miratum

171 1944 258 1972 esse
289 1933 513 1974 Minervam
544 1932 774 1987 φιλόγελων.
826 1947 898 1974 scr.
931 1934 1190 1986 φιλόπολίς
1221 1949 1260 1975 τε
1291 1948 1331 1974 π.

292 1995 364 2033 aut
395 2007 443 2033 ex
473 1994 620 2034 ultima
649 1994 813 2034 fabulae
845 1997 962 2046 parte
994 1998 1078 2047 aut,
1111 1996 1145 2035 si
1176 2009 1214 2036 v.
1249 1998 1272 2035 2
1307 1995 1507 2035 scribatur
1538 1992 1673 2046 ὑμῶν,
1712 2007 1759 2034 ex

173 2053 341 2106 prologo
374 2056 609 2105 excerptum
640 2067 726 2094 esso
759 2055 965 2095 existimat
995 2056 1233 2096 Meinekius.

926 2173 1010 2216 617

376 2244 589 2312 ’Ἕλληνές
620 2257 736 2299 εἰσιν
768 2257 943 2314 ἄνδρες,
976 2256 1059 2300 οὐκ
1091 2256 1362 2312 ἀγνώμονες,

385 2326 459 2371 καὶ
491 2329 600 2384 μετὰ
631 2331 850 2385 λογισμοῦ
882 2328 1027 2372 πάντα
1058 2329 1331 2387 πράττουσίν
1361 2343 1494 2379 τινος.

291 2411 426 2471 Schol.
453 2415 622 2455 Aristid.
654 2431 691 2468 p.
725 2419 770 2469 3,
806 2419 857 2457 19
911 2417 1030 2456 Dind.
1071 2415 1224 2468 σοφοὺς
1264 2410 1376 2470 (τοὺς
1402 2413 1601 2467 ’Έλληνας
1639 2409 1758 2468 λέγει)

171 2473 236 2514 καὶ
269 2473 514 2529 Μένανδρος
546 2478 623 2516 κτλ.

0 2317 12 2380 ,Ξ

0 2390 14 2447 ,ᾗ

387 2628 519 2671 ἄνοια
548 2633 736 2685 θνητοῖς
768 2626 1016 2686 δυστύχημ’
1054 2629 1337 2685 αὐθαίρετον.

387 2701 434 2742 τί
461 2702 628 2744 σαυτὸν
659 2701 828 2746 ἀδικῶν
859 2703 941 2758 τὴν
972 2702 1110 2758 τύχην
1140 2705 1366 2758 καταιτιᾷ;

292 2786 490 2827 Stobaous
510 2788 646 2828 Floril.
669 2790 708 2839 4,
729 2791 768 2828 4.
791 2792 815 2829 6
850 2786 1107 2843 (interposito
1140 2801 1351 2838 perperam
1385 2800 1505 2826 versu
1527 2781 1758 2839 Sophoclis)

171 2844 420 2899 Μενάνδρου
454 2843 605 2901 Aspis).
667 2848 917 2902 Μενάνδρου
940 2849 1054 2888 Voss.
1075 2849 1197 2887 Heus.
1232 2843 1303 2899 (ad
1330 2847 1456 2886 solam
1489 2847 1560 2885 ecl.
1594 2841 1655 2899 4).
1719 2849 1758 2885 2.

172 2905 295 2958 τύχην
326 2906 508 2957 Gesner]
547 2907 698 2960 ψυχήν.
743 2920 802 2936 -·
844 2911 1142 2958 καταιτιᾶσθαι,
1188 2908 1229 2945 in
1267 2907 1449 2946 oratione
1485 2907 1618 2945 soluta
1651 2907 1759 2945 haud

172 2979 321 3018 rarum,
353 2967 470 3007 hodie
503 2968 611 3019 apud
644 2969 816 3008 comicos
848 2969 956 3020 quod
989 2969 1108 3007 sciam
1142 2980 1222 3006 non
1255 2968 1399 3006 exstat.
