2014 3334
226 247 312 289 314
607 246 609 250 ’
669 250 974 284 ΗΓΗΣΙΠΠΟΤ
998 249 1283 284 ΦῙΛΕΤΑΙΡΟΙ
1310 269 1353 275 -

1002 359 1029 401 2
1068 386 1071 390 .

436 425 693 486 Ἐπίκουρος
725 429 749 472 ὁ
782 430 923 486 σοφὸς
954 430 1221 483 ἀξιώσαντός
1251 446 1371 481 τινος

440 502 581 543 εἰπεῖν
611 502 722 558 πρὸς
753 501 891 544 αὐτὸν
923 502 947 544 ὅ
978 517 1020 544 τι
1051 501 1146 545 ποτ’
1183 501 1274 545 ἐστὶ
1305 501 1518 557 τάγαθόν,

441 571 463 614 ὃ
497 573 571 615 διὰ
602 571 756 624 τέλους
789 576 1010 629 ζητοῦσιν,
1042 571 1164 617 εἶπεν
1195 574 1376 630 ἡδονήν.

441 641 491 687 εὗ
523 641 583 700 γ’,
616 643 646 687 ὦ
677 643 872 701 κράτιστ’
909 646 1120 703 ἄνθρωπε
1151 645 1224 688 καὶ
1257 646 1504 702 σοφώτατε·

401 728 419 758 5
442 722 522 759 τοῦ
553 717 638 774 γὰρ
671 722 899 773 μασᾶσθαι
930 725 1131 774 κρεῖττον
1163 718 1245 760 οὐκ
1276 714 1363 760 ἔστ’
1400 715 1505 760 οὐδὲ
1537 717 1586 759 ἓν

444 788 637 843 ἀγαθόν·
676 790 914 846 πρόσεστιν
944 789 1086 846 ἡδονῇ
1119 791 1203 846 γὰρ
1235 788 1445 847 τάγαθόν.

347 876 581 915 Athenaeus
615 879 652 928 7,
688 877 805 916 279d
842 872 1091 929 ‘Hyvjmmvog
1122 874 1164 915 ἐν
1194 875 1434 928 Φιλεταίροις
1465 879 1543 916 κτλ.
1605 878 1643 915 3.
1676 875 1800 915 εἰπεῖν

227 936 307 975 AO.
352 948 451 975 corr.
479 935 566 975 Cas.
630 938 667 975 6.,
698 932 841 991 ἡδονῇ,
871 949 951 976 non
981 933 1126 987 ἡδονὴ,
1145 936 1193 976 Α.
1245 932 1377 975 ‘edere
1404 936 1509 975 enim
1534 948 1655 976 suave
1681 936 1801 975 simul

227 999 269 1035 et
300 996 447 1035 bonum
481 991 570 1035 θεῖ’.

791 1075 1242 1111 ΑΜΦΙΣΒΗΤΗΣΙΜΟΝ

1003 1149 1028 1191 3

443 1208 622 1259 Σατύας
654 1208 911 1259 Σατύαντος

347 1291 439 1347 παρ’
469 1291 714 1352 Ἡγησίππῳ.
754 1296 970 1335 Herodian.
996 1296 1015 1334 I
1043 1297 1141 1346 650,
1168 1297 1191 1335 9
1227 1291 1416 1348 (Bekker.
1437 1294 1586 1334 Anecd.
1613 1295 1724 1334 1185
1752 1295 1803 1334 ad

229 1357 327 1404 976,
361 1350 449 1408 25).
499 1355 616 1394 Mein.
649 1356 668 1393 I
702 1357 799 1395 477.
850 1369 928 1395 non
966 1355 1083 1394 credo
1121 1355 1316 1395 comicum
1349 1355 1438 1394 dici.
1481 1350 1728 1407 Ἡγήσιππος
1759 1353 1802 1394 ἕν

227 1419 308 1462 τοῖς
345 1416 642 1466 Παλληνιακοῖς
679 1417 741 1455 est
781 1416 997 1455 Herodian.
1029 1415 1049 1454 Ι
1082 1417 1188 1467 331,
1222 1418 1267 1466 9,
1306 1415 1548 1454 Tarentinus
1586 1414 1803 1454 identidem

230 1475 337 1525 apud
370 1475 637 1514 Athenaeum.

684 1662 1340 1712 ΣΩΣΙΠΑΤΡΟΣ

839 1759 1011 1798 Meinek.
1043 1759 1062 1797 Ι
1095 1759 1193 1798 477.

777 1838 1251 1872 ΚΑΤΑΨΕΤΔΟΜΕΝΟΣ

349 1902 613 1954 Cognomines
651 1903 817 1941 fuerunt
853 1902 1014 1942 fabulae
1046 1902 1244 1953 Alexidis,
1281 1901 1546 1950 Philemonis,
1584 1901 1803 1941 Menandri.

1011 2008 1033 2049 1

446 2078 501 2121 οὐ
534 2081 759 2128 παντελῶς
790 2077 1178 2135 εὐκαταφρόνητος
1208 2077 1235 2133 ἡ
1267 2076 1412 2134 τέχνη,

445 2149 500 2192 ἂν
532 2151 822 2206 κατανοήσῃς,
856 2148 977 2192 ἐστὶν
1007 2149 1147 2205 ἡμῶν,
1181 2149 1382 2205 Δημύλε·

446 2221 558 2264 ἀλλὰ
588 2220 805 2264 πέπλυται
835 2222 885 2264 τὸ
917 2227 1110 2278 πρᾶγμα,
1142 2220 1215 2263 καὶ
1246 2222 1406 2271 πάντες
1438 2221 1597 2276 σχεδὸν

445 2290 561 2335 εἶναι
593 2293 802 2350 μάγειροί
828 2304 982 2348 φασιν,
1015 2290 1150 2336 οὐδὲν
1182 2293 1358 2344 εἰδότες.

405 2376 425 2407 5
447 2365 532 2407 ὑπὸ
564 2372 654 2407 τῶν
683 2365 900 2407 τοιούτων
934 2363 974 2406 δ’
1013 2364 1039 2419 ἡ
1070 2364 1199 2420 τέχνη
1232 2365 1499 2420 λυμαίνεται.

447 2435 541 2479 ἐπεὶ
571 2436 784 2493 μάγειρον
816 2435 871 2478 ἂν
903 2436 1041 2492 λάβῃς
1072 2435 1306 2491 ἀληθινόν,

447 2507 495 2550 ἐκ
525 2509 683 2558 παιδὸς
714 2507 863 2564 ὀρθῶς
894 2508 956 2558 εἰς
987 2508 1036 2550 τὸ
1067 2506 1230 2564 πρᾶγμ’
1268 2506 1544 2562 εἰσηγμένον,

446 2578 519 2622 καὶ
550 2580 627 2630 τὰς
660 2580 872 2636 δυνάμεις
901 2577 1141 2635 κατέχοντα
1171 2578 1244 2621 καὶ
1275 2580 1328 2621 τὰ
1359 2580 1598 2634 παθήματα

448 2648 605 2708 ἅπαντ’
642 2650 798 2707 ἐφεξῆς
830 2649 992 2704 εἰδόθ’,
1024 2649 1175 2707 ἕτερόν
1207 2662 1278 2693 σοι
1309 2651 1445 2706 τυχὸν

386 2734 428 2766 10
457 2724 703 2778 φανήσεται
733 2723 783 2765 τὸ
815 2728 1004 2779 πρᾶγμα.
1065 2728 1183 2777 τρεῖς
1212 2721 1337 2777 ἡμεῖς
1369 2756 1378 2765 .
1410 2756 1418 2764 .

448 2791 579 2849 ε’σμὲν
610 2795 673 2836 ἔτι
705 2795 867 2848 λοιποί,
899 2790 1095 2836 Βοιδίων
1125 2791 1198 2835 καὶ
1232 2793 1457 2849 Χαριάδης

449 2865 533 2919 ἐγώ
565 2881 622 2907 τε.
667 2873 759 2915 τοῖς
791 2868 963 2915 λοιποῖς
994 2862 1043 2907 δὲ
1073 2863 1369 2920 προσπέρδου.
1420 2866 1562 2909 AHM.
1595 2865 1641 2905 τί
1668 2864 1772 2918 φής;

450 2939 502 2978 Α.
536 2936 632 2991 ἐγώ.
676 2937 725 2979 τὸ
759 2937 1070 2979 διδασκαλεῖον
1101 2934 1226 2990 ἡμεῖς
1258 2933 1452 2995 σῴζομεν

1399 3034 1426 3065 ζ’
