2014 3334
736 203 940 239 ΑΔΗΛΩΝ
966 204 1230 238 ΔΡΑΜΑΤῼΝ
1684 202 1769 244 247

937 348 1024 392 963

474 433 704 490 σύνταγμα
735 438 813 488 τῆς
844 432 981 490 ἀρχῆς

307 522 436 563 Schol.
462 522 649 562 Aeschin.
683 523 722 570 3,
755 522 810 562 95
850 519 1054 574 σύνταγμα
1091 518 1215 560 οἱονεὶ
1244 522 1402 572 πλῆθος
1442 519 1663 573 χρημάτων.
1712 518 1769 560 λέ-

185 596 292 637 γεται
323 579 366 623 δὲ
397 580 465 622 καὶ
494 580 666 634 ἀλλαχοῦ
703 579 745 621 τὸ
779 579 983 633 σύνταγμα
1019 578 1086 620 καὶ
1115 578 1180 620 ἐπὶ
1210 585 1282 620 τοῦ
1316 579 1510 633 τάγματος
1540 586 1619 620 τῶν
1655 590 1769 632 στρα-

187 648 347 683 τιωτῶν.
397 641 496 682 ὅθεν
527 640 596 682 καὶ
626 640 734 694 παρὰ
766 640 998 697 Μενάνδρῳ
1030 638 1258 694 ἀνέγνωμεν
1290 639 1332 680 τὸ
1365 651 1399 680 σ.
1430 655 1461 680 τ.
1492 638 1577 692 ἀρχ.

936 770 1025 814 964

305 856 452 910 ὄφελον
490 888 499 898 .
532 889 542 898 .
575 889 582 898 .
622 853 710 898 οἷον
748 855 931 909 ὤφελεν
968 855 1028 908 μὴ
1072 859 1364 911 γεγενῆσθαι
1406 855 1531 908 τόδε,
1581 855 1767 908 ὤφελον

184 917 245 971 μὴ
276 916 574 972 πεπραχέναι
604 922 754 959 τοῦτο.
818 915 1074 969 Μένανδρος.
1107 917 1277 957 Photius
1311 919 1410 968 363,
1443 919 1511 956 20.

0 865 9 955 ,ῑῑ

0 986 4 1014 ἱ

0 1044 5 1064 5

935 1046 1024 1089 965

472 1121 631 1177 ἄγριον
662 1121 885 1175 κυβευτήν

304 1205 547 1259 Μένανδρος
572 1202 655 1247 εἷπε
674 1205 743 1246 τὸν
762 1205 919 1259 σφόδρα
938 1206 1125 1259 κυβεύειν
1144 1205 1428 1246 ἐσπουδακότα.
1473 1207 1767 1257 Harpocration

186 1269 224 1319 4,
255 1270 279 1306 2
313 1270 354 1307 et
386 1267 532 1307 Suidas
563 1265 738 1321 ἀγρίους.

933 1359 1020 1403 966

470 1430 664 1483 ἀκούσας
693 1431 819 1488 ἥκειν

303 1517 377 1572 οὐχ
412 1518 584 1571 ἥκοντα,
621 1517 815 1571 Ξενοφῶν
854 1509 902 1559 ἕν’
923 1515 1352 1571 Ἀπομνημονεύμασιν
1384 1516 1462 1570 ἔφη
1499 1516 1568 1558 καὶ
1598 1512 1766 1558 Μένανζ

185 1579 278 1632 δρος
315 1577 382 1618 καὶ
417 1577 539 1619 ἄλλοι.
602 1580 774 1619 Bekker.
806 1579 954 1619 Anecd.
989 1581 1088 1631 373,
1125 1582 1188 1619 10.
1253 1579 1486 1630 ambiguum
1527 1581 1589 1618 est
1628 1581 1766 1618 utrum

181 1639 280 1690 ipsis
312 1640 445 1679 verbis
478 1653 529 1679 an
561 1641 722 1691 syntaxi
752 1642 911 1679 tantum
941 1636 1122 1691 (ἀκούειν
1142 1653 1173 1679 c.
1194 1636 1323 1694 infin.)
1349 1639 1615 1678 Menandrum
1647 1652 1765 1678 usum

181 1706 268 1739 esse
299 1699 509 1751 significet.

931 1793 1017 1836 967

465 1862 616 1915 Ἀλέας
643 1861 833 1920 Ἀθηνᾶς

302 1953 496 1992 Proculus
533 1952 696 1991 Hesiod.
723 1950 796 2002 Op.
829 1954 911 1992 491
959 1948 1055 1991 ἀλέα
1092 1949 1118 2002 ἡ
1159 1949 1289 2002 θέρμη
1330 1947 1356 2002 ἡ
1397 1948 1485 2003 περὶ
1527 1949 1596 1990 τὸν
1635 1950 1765 2002 ἥλιον,

182 2011 328 2064 κυρίως
358 2011 561 2063 ὕπαιθρος
590 2010 710 2059 τόπος
734 2010 813 2051 ὑπὸ
839 2009 955 2063 ἡλίου
975 2010 1304 2064 θερμαινόμενος.
1355 2008 1599 2063 Μένανδρος
1625 2009 1765 2058 ἀλέας

178 2068 396 2170 Ἰιῗθήνας
454 2068 614 2119 Ἀλέας
641 2068 850 2123 Ἀθηνᾶς
880 2072 999 2111 Mein.
1062 2073 1110 2111 cf.
1144 2071 1310 2111 Preller.
1344 2071 1471 2123 Myth.
1502 2066 1580 2123 gr2.
1612 2071 1631 2109 Ι
1669 2073 1762 2111 156.

256 2134 355 2171 241.
525 2151 530 2157 ·

931 2225 1018 2268 968

469 2295 677 2339 ἄστικτον
707 2298 874 2354 χωρίον

307 2381 546 2435 Μένανδρος
577 2414 586 2423 .
620 2415 628 2423 .
661 2382 797 2423 εἰώθει
822 2379 982 2437 (εἴωθε)
1014 2381 1140 2436 λέγειν
1170 2382 1212 2422 τὸ
1244 2381 1581 2422 ἀνεπιδάνειστον.
1632 2381 1761 2421 Schol.

185 2443 347 2482 Lucian.
375 2458 412 2493 p.
437 2445 518 2482 186
551 2443 737 2483 Iaoobitz.
800 2444 974 2495 Hesyeh.
1010 2441 1191 2483 ἄστικτον
1217 2441 1259 2482 τὸ
1291 2440 1502 2492 ἀνέπαφον
1527 2441 1688 2493 χωρίον·
1719 2439 1762 2480 τὸ

182 2501 256 2555 γὰρ
288 2501 550 2553 ὑποκείμενον
581 2501 757 2555 ἐστίχθαι
782 2501 941 2557 ἐλέγετο.
1003 2505 1050 2543 cf.
1074 2506 1170 2543 390.
1193 2505 1290 2542 400.
1324 2503 1467 2541 Pollux
1494 2504 1532 2549 3,
1559 2503 1613 2541 85
1647 2501 1762 2548 λίθος

182 2556 235 2614 ἧν
268 2559 292 2613 ἢ
325 2561 444 2613 στήλη
475 2576 532 2609 τις
563 2562 740 2614 δηλοῦσα
771 2561 823 2611 ὥς
855 2562 958 2602 ἔστιν
989 2562 1195 2616 ὑπόχρεών
1226 2577 1304 2601 τινι
1333 2560 1375 2601 τὸ
1408 2561 1562 2613 χωρίον.
1623 2559 1687 2600 ἐπὶ
1719 2557 1762 2599 δὲ

182 2621 324 2662 τούτου
356 2619 503 2674 ἐλέγετο
536 2620 713 2674 ἐστίχθαι
742 2621 785 2662 τὸ
817 2623 975 2675 χωρίον,
1007 2621 1060 2670 ὥς
1091 2621 1133 2662 τὸ
1165 2620 1345 2662 ἐναντίον
1376 2619 1569 2660 ἄστικτον.

931 2751 1017 2794 969

472 2820 698 2877 δικάσιμοι
727 2821 887 2879 ἡμέραι

303 2906 411 2960 παρὰ
443 2907 686 2964 Μενάνδρῳ.
736 2908 881 2949 Pollux
914 2912 952 2958 8,
986 2910 1053 2948 25.
1104 2908 1152 2948 cf.
1188 2908 1402 2947 Philessaer.
1433 2909 1496 2946 12.
