2014 3334
570 237 824 272 ΔιοΝΤΣοΣ
854 257 892 263 -
924 236 1127 271 ΑΔΗΛΩΝ
1153 235 1416 270 ΔΡΑΜΑΤΩΝ
1696 232 1783 275 373

843 344 1133 379 TITIPONION

319 423 542 464 Meretricis
574 435 720 462 nomen
759 435 844 462 esse
884 421 997 461 tenui
1035 433 1132 461 voce
1163 420 1370 471 praeditae
1409 419 1634 458 arbitratur
1664 419 1783 458 Mein.

199 486 248 524 of.
282 484 300 523 I
334 485 433 524 346.
482 482 723 522 Eustathius
757 484 854 533 229,
888 483 942 521 28
976 479 1019 521 ἐκ
1049 485 1120 521 τοῦ
1152 480 1304 528 τιτίζειν
1330 508 1339 518 .
1360 509 1370 518 .
1391 508 1400 518 .
1425 477 1651 532 τιτνγόνιον,
1685 477 1784 535 ζῳύ-

199 559 298 595 φιον
327 542 436 596 παρὰ
466 544 519 600 τῷ
551 540 657 598 αὐτῷ
690 539 868 599 (Αἰλίῳ
901 537 1169 597 Διονυσίῳ)
1203 539 1344 592 ὅμοιον
1369 537 1515 592 τέττιγι.
1567 540 1616 579 cf.
1649 539 1783 591 Etym.

199 618 251 644 m.
287 606 383 655 760,
416 605 486 644 47.
525 605 566 643 et
598 583 752 654 396,1
800 601 868 642 τὸν
911 599 1093 655 μέγιστον
1136 598 1283 654 τέττιγα
1326 597 1468 652 ἀχέταν
1511 601 1703 639 καλοῦσιν
1747 598 1790 639 οἵ

199 661 360 704 παλαιοὶ
390 662 489 703 κατὰ
520 662 829 714 Παυσανίαν,
869 660 1078 715 κερκώπην
1111 658 1154 701 δὲ
1184 658 1227 700 τὸ
1259 658 1460 712 ἐλάχιστον
1491 660 1677 713 τεττίγιον
1704 692 1711 699 .
1737 688 1747 699 .
1774 689 1784 699 .

198 723 241 764 τὸ
267 721 310 764 δὲ
335 722 429 776 μετὰ
460 727 576 764 τοῦτο
613 721 836 777 τιτιγόνιον,
868 722 962 770 ἴσως
991 719 1100 774 παρὰ
1125 719 1166 761 τὸ
1198 720 1362 769 τιτίζειν.
1411 720 1514 760 Plin.
1528 720 1576 760 N.
1590 721 1628 759 h.
1645 722 1713 773 11,
1727 722 1781 760 92

198 781 397 839 (cicadae)
429 796 528 833 quae
558 787 704 823 canunt
733 787 921 823 vocantur
946 783 1100 822 achetae
1132 785 1166 821 et
1198 793 1297 830 quae
1326 782 1496 820 minores
1527 793 1572 820 ew
1603 781 1663 820 his
1694 784 1786 820 sunt

200 846 397 894 tettiyom'a
423 839 664 898 (titigonia).
720 839 799 883 ‘est
825 842 1122 883 deminutivum
1148 855 1172 881 a.
1196 855 1281 881 voc.
1307 839 1477 894 τιτνγών,
1508 842 1555 880 ut
1580 837 1784 894 ὄλολυγών

201 905 251 944 ab
272 900 467 952 ὀλολύζω’.
492 904 538 944 L
558 903 692 943 Dindf.
731 903 901 943 Photius
923 904 1021 954 587
1042 903 1094 942 21
1130 900 1322 955 τιγόνιον·
1354 899 1419 940 ἐπὶ
1441 900 1589 951 νηπίου
1621 900 1785 940 τίθεται.

200 966 299 1016 592,
335 967 384 1004 11
419 963 650 1039 τιττιγόνιον
682 958 725 1017 (γ
751 977 798 1003 ex
823 963 976 1003 emend.
1005 957 1116 1015 add.)
1149 961 1289 1014 ὅμοιον
1319 959 1466 1014 τέττιγι.
1499 962 1547 1001 of.
1568 961 1725 1012 Epilyc.
1745 962 1783 1001 4.

199 1025 372 1076 Hesych.
412 1022 615 1078 ἠτιγόνιον
647 1019 692 1078 (i.
725 1037 758 1064 e.
789 1018 936 1078 τιτιγ.)·
976 1020 1113 1076 τέττιγι
1153 1021 1304 1074 ὅμοιον.
1355 1019 1421 1060 καὶ
1458 1018 1479 1061 ὁ
1518 1018 1691 1074 κέρκωψ.
1743 1023 1785 1060 et

199 1083 373 1138 τιγόνιον
397 1082 424 1137 ἢ
449 1083 700 1152 τεττιγόνιον·
732 1079 838 1132 εἶδός
868 1099 904 1123 τι
935 1083 1113 1136 τεττίγων
1127 1078 1390 1134 Ἀριστοτέλει.
1433 1077 1507 1120 De
1526 1095 1566 1120 n.
1594 1095 1654 1121 an.
1676 1083 1716 1133 4,
1746 1083 1783 1121 7.

201 1147 240 1198 5,
255 1141 338 1185 30.
365 1145 527 1197 Soping
548 1145 590 1184 in
609 1144 739 1184 indice
754 1144 1000 1184 Aristoteleo
1019 1156 1100 1183 non
1118 1155 1276 1194 reppen
1289 1155 1418 1193 neque
1431 1156 1503 1195 τνγ.
1533 1155 1663 1194 neque
1676 1155 1783 1195 τιτιγ.

486 1306 719 1369 προχύτης,
978 1250 1007 1291 4

320 1385 555 1424 Athenaeus
590 1387 658 1435 11,
677 1384 794 1424 4960
838 1379 944 1432 εἶδος
976 1382 1205 1435 ἐκπώματος
1319 1385 1493 1435 Φιλητᾶς
1531 1379 1567 1422 δ’
1604 1381 1647 1422 ἐν
1672 1378 1784 1422 Ἀτά-

200 1460 305 1493 κτοις
336 1443 496 1498 ἆγγεῖον
528 1444 703 1495 ξύλινον,
745 1440 818 1495 ἀφ’
867 1438 915 1484 οὗ
953 1442 1048 1492 τοὺς
1085 1442 1297 1497 ἀγροίκους
1336 1443 1478 1483 πίνειν.
1541 1441 1785 1495 μνημονεύει

200 1503 326 1567 αὐτοῦ
356 1503 422 1544 καὶ
449 1501 706 1558 Ἀλέξανδρος
738 1503 781 1544 ἐν
811 1519 940 1558 τιγονι
971 1499 1048 1558 (sio
1069 1498 1138 1559 A).
1183 1517 1258 1544 om.
1293 1504 1335 1544 C.

742 1620 947 1655 ΑΔΗΛΩΝ
972 1619 1237 1655 ΔΡΑΜΑΤῼΝ

975 1694 1003 1736 5

486 1773 687 1823 ταμιεῖον
718 1765 875 1823 ἀρετῆς
907 1758 998 1809 ἐστι
1028 1766 1215 1821 γενναία
1245 1767 1373 1821 γυνή.

323 1854 522 1894 Stobaeus
553 1854 692 1893 Floril.
727 1855 794 1902 67,
829 1855 882 1892 12
911 1849 1173 1905 Ἀλεξάνδρου
1200 1853 1248 1892 A.
1300 1853 1485 1892 Clemens
1517 1852 1630 1892 Alex,
1664 1853 1784 1892 Paed.

204 1917 242 1963 3,
278 1915 344 1962 11,
378 1916 431 1953 67
472 1911 567 1964 (om.
599 1915 743 1964 poetae
781 1910 960 1966 nomine)
1006 1911 1235 1966 συλλήβδην
1278 1918 1380 1966 γοῦν
1424 1915 1601 1964 ταμιεῖον
1644 1910 1784 1964 ἀρετῆς

202 1972 305 2013 ἐστιν
343 1972 540 2025 ἀνδρεία
576 1972 699 2026 γυνή,
737 1972 822 2025 ἥτις
859 1976 945 2012 σῖτα
982 1970 1135 2026 ὄκνηρὰ
1166 1971 1241 2013 οὐκ
1272 1971 1432 2026 ἔφαγεν.
1492 1975 1662 2012 monost.
1696 1974 1781 2012 505

201 2037 377 2086 ταμιεῖον
409 2031 662 2086 ἀνθρώποισι
693 2032 935 2086 σωφροσύνη
968 2032 1086 2085 μόνη,
1116 2033 1187 2072 ubi
1218 2048 1247 2073 τ.
1269 2031 1409 2086 ἀρετῆς
1434 2031 1538 2072 ἐστιν
1562 2029 1588 2083 ἡ
1610 2031 1784 2084 σώφρων

201 2093 303 2148 γυνή
336 2094 454 2134 Mein.
492 2115 540 2120 —
577 2094 786 2144 Euripidis
818 2106 904 2133 esse
938 2107 985 2132 ex
1016 2093 1244 2134 Alexandro
1276 2095 1448 2144 putabat
1481 2092 1680 2132 Gaisford.

979 2211 1005 2253 6

380 2279 496 2338 ’ἦσαν
527 2283 763 2340 ἄνθρωποι
795 2279 844 2325 δὲ
875 2281 1005 2325 πέντε
1036 2281 1110 2326 καὶ
1141 2289 1350 2338 γυναῖκες
1379 2280 1592 2338 τέτταρες.

323 2370 453 2410 Schol.
474 2369 678 2421 Aristoph.
700 2370 858 2410 Thesm.
881 2371 966 2410 682
998 2368 1156 2423 γυναιξὶ
1180 2367 1246 2409 καὶ
1269 2370 1442 2422 βροτοῖς·
1473 2368 1634 2422 γελοίως
1660 2363 1784 2418 εἶπεν,

202 2428 255 2478 ὡς
282 2426 479 2478 Ἀλεξανδ.
512 2425 609 2484 (sic)
637 2433 715 2471 κτλ.
763 2427 975 2469 πέπαικται
1006 2423 1081 2470 οὖν
1112 2434 1227 2470 τοῦτο
1259 2427 1313 2477 ὡς
1343 2428 1386 2469 ἐν
1417 2428 1619 2483 κωμῳδία.
1649 2451 1707 2455 —
1741 2425 1783 2467 δὲ

203 2491 293 2530 add.
326 2490 444 2529 Mein.
486 2487 659 2543 τέτταρες
694 2488 832 2540 Mein.]
878 2493 990 2542 τρεῖς.
1058 2491 1232 2530 fortasse
1276 2493 1378 2542 τρεῖς
1421 2488 1527 2529 ἐκεῖ.
1586 2485 1783 2536 Ἀλεξανδ.

202 2550 428 2590 Lobeekius
447 2549 605 2589 Pathol.
624 2551 725 2601 prol.
748 2551 802 2590 25
822 2563 860 2590 n.
897 2552 949 2589 14
982 2551 1274 2600 interpretatur
1294 2546 1575 2600 Ἀλεξανδρεῖς,
1606 2549 1783 2587 Alexan-

203 2610 338 2650 drinos
368 2610 428 2649 ita
459 2610 613 2650 locutos
647 2623 733 2650 esse
766 2610 910 2650 docens
942 2611 1040 2650 conl.
1074 2610 1189 2650 Esdr.
1218 2611 1256 2660 9,
1289 2611 1358 2650 40.
1408 2609 1523 2649 Alex,
1551 2609 1673 2647 Trall.
1700 2608 1782 2647 1111

203 2672 287 2711 233
321 2670 444 2710 Basil.

981 2751 1005 2794 7

323 2825 454 2866 Schol.
473 2824 680 2876 Aristoph.
699 2825 799 2866 Rau.
832 2827 920 2867 840
951 2824 1009 2866 ὅτι
1039 2823 1362 2878 λαχανοπώλιδος
1392 2822 1480 2872 υἱὸς
1510 2818 1562 2876 ἧν
1593 2825 1783 2872 Κλειτοῠς

203 2883 225 2926 ὁ
257 2884 483 2940 Εὐριπίδης
510 2881 765 2939 Ἀλέξανδρός
796 2897 908 2937 φησι.
969 2886 1021 2926 ad
1052 2885 1246 2926 comicum
1279 2899 1374 2924 num
1410 2886 1517 2924 recte
1549 2885 1646 2924 haec
1678 2885 1780 2925 refe-

202 2948 345 2987 rantur
376 2946 537 2986 dubitat
567 2945 790 2985 Meinekius
822 2941 861 3001 (Ι
893 2941 1012 3000 488).
