2014 3334
706 256 911 292 ΑΔΗΛῼΝ
935 258 1196 293 ΔΡΑΜΑΤΩΝ
1658 257 1737 299 171

159 369 184 410 δ
211 383 256 419 ος
279 367 355 442 γὰρ
379 367 458 421 ἔφη
483 366 537 418 ὡς
563 368 693 421 ἰατρός
723 367 828 410 ἐστιν
854 367 876 410 ὁ
900 368 1015 423 λόγος
1039 368 1273 423 ἀνθρώποις
1304 369 1446 410 νόσων.
1495 375 1640 423 ψυχῶν
1665 369 1740 423 γὰρ

159 383 276 478 agros
304 427 426 482 μόνος
450 427 527 482 ἔχει
556 429 824 481 κουφίσματα,
855 428 953 482 πρὸς
983 428 1025 470 τὸ
1057 427 1110 481 μὴ
1145 430 1474 484 συγκαταπίπτειν
1504 432 1559 486 τῷ
1591 429 1740 482 σώματι

159 487 233 542 τὴν
268 488 427 542 ψυχήν,
464 485 548 529 ἀλλ’
589 487 791 541 ὑπερορᾶν
829 488 871 530 τὸ
909 488 1031 542 βάρος
1067 495 1138 530 τοῦ
1178 489 1367 542 σώματος.
1431 491 1562 530 Sohol.
1596 491 1739 530 Aesch.

160 549 292 590 Prom.
313 551 397 591 378
420 546 516 601 (om.
535 549 712 589 auctoris
731 550 891 589 nomine
917 552 959 589 et
984 563 1019 590 v.
1044 552 1064 589 1
1100 549 1214 602 λόγος
1245 549 1319 603 γὰρ
1339 548 1616 604 ἀνθρώποισιν
1636 549 1741 589 ἰᾶται

159 604 337 663 νόσους).
397 610 445 649 cf.
479 611 586 661 591,
619 611 657 649 3.
707 612 877 650 monost.
913 611 1012 649 326.
1045 612 1141 650 577.
1177 611 1274 649 622.
1309 611 1406 650 674.
1456 610 1609 661 Diphil.
1647 612 1740 649 117.

162 670 199 709 1.
229 669 416 721 πάρεστιν
453 666 474 709 ὁ
511 668 628 723 λόγος
665 668 796 723 ἰατρὸς
828 668 1033 726 ἀνθρώπῳ
1073 674 1258 710 νοσοῦντι
1290 669 1369 717 QP.
1459 671 1496 709 2.
1528 669 1741 722 θελκτήρια

160 727 291 770 Schol.
322 728 483 780 Aesch]
523 728 668 782 ἰάματα
699 729 777 777 QP.
859 732 896 770 3.
935 728 1146 781 σοφώτατα
1185 730 1390 770 Herwerd.
1424 729 1530 770 Obs.
1551 730 1637 769 crit.
1673 731 1741 769 93.

162 786 362 888 ἶὴαῐῗιΙστίον
383 789 460 836 QP.
492 789 639 830 οἰκεῖον
665 784 767 830 εἶναι
792 789 1006 842 φάρμακον
1032 793 1112 838 τοῖς
1138 787 1297 838 ἀθλίοις
1318 790 1464 829 Naber.
1487 790 1629 828 Mnem.
1650 802 1740 829 nov.

299 851 399 890 422.

903 969 991 1011 560

0 1101 10 1116 .
660 1051 792 1095 θύων
823 1050 1100 1095 οὐδεπώποτ’
1137 1051 1340 1108 ηὐξάμην

0 1117 9 1202 f
375 1122 460 1179 ἐγὼ
491 1124 541 1167 τὸ
574 1126 717 1182 σῷζον
747 1125 830 1180 τὴν
862 1123 972 1180 ἐμὴν
1005 1125 1254 1178 συνοικίαν,

374 1194 486 1238 ἀλλὰ
516 1195 763 1252 παρέλιπον
794 1197 979 1240 οἰκετῶν
1009 1193 1126 1239 εἶναι
1158 1196 1317 1240 στάσιν

0 1203 13 1416 ἱ
374 1268 508 1311 ἔνδον
538 1265 641 1325 παρ’
678 1267 842 1322 αὐτῶν,
874 1274 1054 1325 πρᾶγμα
1084 1269 1433 1326 χρησιμώτατον.

281 1367 411 1406 Schol.
443 1367 597 1408 Victor.
628 1366 745 1407 Hom.
779 1368 825 1407 Il.
862 1369 936 1418 21,
970 1369 1054 1408 389
1100 1365 1166 1407 καὶ
1198 1365 1443 1420 Μένανδρος
1480 1362 1585 1422 (καὶ)
1627 1373 1742 1408 τοῦτο

0 1417 12 1565 ἱ
160 1423 231 1498 (an
263 1423 507 1484 Εὐνούχῳῗ)
539 1426 658 1467 θύων
682 1430 761 1467 κτλ.
812 1427 943 1467 Schol.
964 1428 1001 1467 A
1033 1426 1223 1468 οὐδέποτε
1255 1427 1374 1467 θύων
1406 1426 1583 1480 ευξάμην
1615 1426 1742 1476 ἄλλως

160 1481 357 1544 σώζεσθαι
393 1486 467 1539 τὴν
505 1486 635 1528 οἰκίαν
671 1484 699 1539 ’ἢ
737 1486 873 1527 στάσιν
921 1486 1083 1528 οἰκετῶν
1120 1483 1179 1528 εἷπ
1170 1503 1222 1527 αι
1259 1486 1303 1527 ἕν
1340 1486 1743 1543 αυτῇ.Ρ1111οᾱοι11.

160 1528 324 1587 Hercul.
355 1548 433 1588 vol.
461 1547 561 1587 VIII
592 1548 665 1588 col.
701 1550 757 1588 10
788 1547 996 1600 βλακεύειν
1027 1546 1239 1601 φραστέον,
1272 1547 1308 1588 εἰ
1336 1548 1486 1600 νομίζει
1518 1542 1740 1602 (βασιλεὺς)

160 1605 233 1659 τὴν
271 1605 397 1660 ἀρχὴν
445 1607 572 1656 οὕτως
607 1605 902 1660 ἀσφαλεστέραν
952 1605 1074 1659 ἕξειν,
1120 1605 1173 1656 ὡς
1210 1606 1277 1647 καὶ
1319 1614 1398 1648 τῶν
1437 1607 1606 1647 ἰδιωτῶν
1641 1623 1744 1656 τινες

163 1665 388 1708 εὐκταῖον
428 1666 728 1708 ὑπονοοῦσιν
769 1667 930 1708 οἰκετῶν
961 1663 1064 1708 εἶναι
1096 1667 1241 1708 στάσιν.
1293 1669 1342 1708 ef.
1373 1669 1606 1708 Buecheler.
1641 1669 1741 1708 Mus.

0 1676 11 1795 1
163 1728 288 1767 Rhen.
310 1728 500 1768 XXXXII
522 1730 619 1769 200.
685 1730 723 1768 2.
755 1727 964 1768 συνοικίαν
984 1729 1151 1768 Fiorillo
1171 1728 1319 1768 Herod.
1345 1728 1432 1767 Att.
1462 1726 1564 1778 161]
1602 1727 1743 1768 οἰκίαν.

163 1786 206 1828 τὸ
238 1784 375 1844 σῴζειν
412 1786 486 1839 τὴν
523 1786 623 1840 ε’μὴν
661 1784 729 1827 Δί’
778 1788 909 1828 οἰκίαν
950 1789 1187 1828 Buecheler.
1271 1791 1309 1828 3.
1349 1786 1586 1839 παρέλειπον
1623 1788 1742 1827 Mein.

0 1820 14 1960 k
164 1843 248 1887 ἀλλ’
285 1845 334 1887 οὐ
365 1846 582 1901 παρέλιπον
614 1847 1068 1888 Βαοο1161.4.αὑτῶν
1101 1844 1226 1902 (αὐτ.)
1258 1847 1450 1899 Bothius]
1485 1847 1604 1904 αὐτῷ.
1636 1846 1743 1904 αὑτῷ

164 1908 351 1947 Buechel.

0 1961 13 1986 ᾖ
284 1968 400 2007 scrib.
419 1971 580 2008 θεοῖσι
611 1968 731 2008 θύων
754 1990 805 1995 -
828 1967 972 2022 ε’γωγε
1003 1964 1168 2025 σῴζειν
1190 1990 1245 1995 -
1267 1964 1362 2007 ἀλλ’
1391 1965 1418 2019 ἢ
1445 1967 1744 2020 παρενείρων

0 2037 9 2060 ῐ
165 2025 329 2068 οἰκετῶν
369 2031 534 2067 θεῖναι
575 2023 687 2080 (τοὺς
723 2024 866 2083 θεοὺς)
908 2028 1055 2069 στάσιν.
1121 2032 1241 2080 atque
1283 2024 1366 2067 ἀλλ’
1410 2025 1437 2080 ἢ
1478 2029 1599 2067 etiam
1642 2027 1743 2066 Ellis

0 2071 13 2102 ἒ
164 2088 306 2127 Joum.
337 2088 477 2138 philol.
508 2089 544 2127 X
577 2090 646 2129 21.
695 2090 824 2129 multo
863 2090 1080 2129 violentius
1112 2089 1317 2128 Herwerd.
1351 2087 1443 2127 Obs.
1477 2089 1554 2127 erit
1586 2089 1653 2126 94.
1686 2109 1743 2113 -

0 2100 16 2234 ξ
164 2147 272 2187 Plut.
305 2147 390 2187 Cat.
422 2148 515 2188 mai.
551 2151 600 2188 21
642 2143 780 2202 (Mein.
817 2146 860 2202 1)
900 2147 961 2188 ἀεὶ
1002 2148 1136 2188 στάσιν
1176 2147 1263 2188 τινὰ
1304 2146 1406 2200 ἔχειν
1443 2146 1536 2194 τοὺς
1574 2146 1744 2194 δούλους

11 2213 13 2218 “
163 2205 384 2260 ἐμηχανᾶτο
417 2206 483 2247 καὶ
521 2207 721 2262 διαφορὰν
751 2207 851 2262 πρὸς
882 2207 1090 2260 ἀλλήλους,
1121 2207 1311 2248 ὑπονοῶν
1342 2205 1416 2258 τὴν
1455 2205 1647 2258 ὁμόνοιαν
1678 2204 1745 2245 καὶ

0 2235 25 2390 ὲ·
167 2266 367 2315 δεδοικώς.

0 2458 23 2774 ἑ

914 2386 999 2429 561

769 2475 846 2525 τῆς
877 2475 1002 2520 σκιᾶς
1033 2469 1115 2524 τὴν
1145 2469 1387 2525 πορφύραν

382 2547 560 2597 πρῶτον
591 2540 904 2597 ἐνυφαίνουσ’·
949 2538 1043 2584 εἶτα
1075 2541 1182 2597 μετὰ
1213 2541 1295 2596 τὴν
1325 2540 1566 2596 πορφύραν

383 2610 502 2655 τοῦτ’
541 2614 663 2655 ἔστιν
695 2613 796 2655 οὔτε
829 2613 989 2655 λευκὸν
1021 2612 1123 2655 οὔτε
1154 2611 1381 2671 πορφύρα,

384 2682 479 2726 ἀλλ’
517 2684 664 2741 ὥσπερ
695 2684 809 2740 αὐγὴ
841 2690 919 2740 τῆς
948 2685 1110 2741 κρόκης
1143 2682 1398 2739 κεκραμένη.

289 2783 524 2822 Athenaeus
563 2785 608 2834 2,
648 2785 745 2824 162.
778 2785 816 2824 3.
855 2783 1036 2822 Dindorf.
1094 2779 1337 2832 Μένανδρος
1379 2779 1500 2819 πάλιν
1542 2781 1621 2818 κτλ.
1708 2782 1746 2819 2.

171 2840 462 2894 ἐνυφαίνουσιν
493 2842 535 2882 C.
598 2845 637 2882 4.
668 2848 713 2898 τῇ
745 2841 869 2899 κρόκῃ
901 2843 1019 2882 Mein.
1056 2862 1106 2868 —
1141 2841 1190 2880 cf.
1210 2840 1416 2891 Aristoph.
1436 2840 1484 2878 fr.
1513 2841 1609 2878 712.
1643 2839 1754 2878 Ρ1111.

170 2901 220 2942 N.
251 2903 289 2942 h.
324 2903 392 2953 35,
426 2904 479 2942 29
513 2904 668 2942 tandem
698 2916 767 2943 ars
790 2933 798 2942 .
819 2934 828 2942 .
849 2936 857 2943 .
881 2904 1026 2942 invenit
1063 2902 1216 2940 lumen
1247 2904 1360 2948 atque
1398 2901 1607 2943 umbras,
1638 2900 1745 2947 diffe-

170 2964 297 3003 remia
327 2963 496 3003 colorum
527 2963 679 3002 alterna
709 2964 790 3003 vice
813 2975 894 3004 sese
925 2963 1121 3001 excitante.
1164 2963 1301 3013 postea
1326 2960 1462 2999 deinde
1492 2960 1663 2999 adiectus
1694 2962 1746 3000 esc
