2014 3334
255 245 342 287 584
627 240 630 244 ’
904 247 1166 281 ΑΔΕΣΠΟΤΑ

663 350 683 363 ’“
980 354 1091 397 1051

537 414 834 469 κροκυλεγμός

371 500 598 550 Hesychius
630 497 671 538 τὸ
703 501 985 546 κολακευτικῶς
1015 497 1083 546 τὰς
1103 500 1300 553 κροκύδας
1319 497 1522 554 ἀπολέγειν
1541 507 1618 541 τῶν
1644 502 1819 554 ἵματίων.

255 560 424 598 Bekker.
446 560 593 598 Aneod.
614 560 712 609 468,
747 561 799 598 19
833 556 1018 610 ἀφαιρεῖν
1049 559 1263 611 κροκύδας·
1295 558 1358 599 ἐπὶ
1387 566 1465 600 τῶν
1496 561 1624 601 πάντα
1653 563 1819 603 ποιούν-

255 634 332 658 των
365 617 496 658 ἕνεκεν
528 618 741 665 κολακείας.
792 615 900 658 ἄλλοι
931 632 969 657 τε
1001 623 1166 671 χρῶνται
1201 617 1267 658 καὶ
1292 615 1577 673 Ἀριστοφάνης
1610 617 1675 675 (fr.
1704 620 1821 676 657).

984 734 1096 776 1052

538 819 757 874 κρονικός,
787 819 1059 874 κρονόληρος

373 904 516 943 Pollux
551 906 588 953 2,
622 906 689 943 16.
738 904 786 942 cf.
820 905 906 943 860
937 906 978 943 eb
1001 905 1106 944 .510.

984 1019 1096 1063 1053

538 1079 847 1134 κρονοὸαίμων

373 1166 541 1204 Bekker.
569 1166 715 1204 Anecd.
741 1167 809 1216 46,
842 1168 898 1206 30
926 1154 994 1205 ’ἐπὶ
1023 1171 1093 1205 τοῦ
1124 1169 1295 1206 παλαιοῦ
1326 1165 1392 1206 καὶ
1422 1166 1608 1218 εύήθους.
1652 1169 1699 1207 of.
1722 1169 1819 1208 860.

986 1282 1099 1324 1054

539 1341 793 1396 κρονοθήκη

373 1427 544 1466 Bekker.
566 1427 713 1466 Anecd.
741 1429 811 1477 46,
839 1429 862 1467 5
897 1423 983 1467 οἷον
1007 1427 1179 1475 παλαιὸς
1215 1427 1280 1468 καὶ
1317 1427 1504 1480 εὐηθείας
1541 1429 1696 1481 μεστός,
1734 1425 1820 1469 οἷον

256 1485 304 1526 οὗ
336 1485 460 1537 μόνον
491 1486 659 1539 Κρόνος,
690 1485 786 1525 ἀλλὰ
818 1486 883 1526 καὶ
908 1485 1051 1527 ὡσανεὶ
1081 1485 1106 1538 ἡ
1133 1487 1242 1539 θήκη
1269 1494 1338 1528 τοῦ
1357 1488 1518 1541 Κρόνου
1550 1487 1615 1528 καὶ
1645 1485 1670 1539 ἡ
1704 1487 1820 1541 σορὸς

255 1544 320 1584 καὶ
351 1543 376 1597 ἡ
409 1545 525 1597 ταφή.
588 1548 636 1585 cf.
671 1548 766 1586 860.
801 1549 898 1586 510.
933 1549 1029 1587 914.

980 1663 1095 1705 1055

538 1720 846 1777 κυμινοκίμβιξ

374 1808 611 1847 Eustathius
647 1810 771 1858 1828,
805 1810 828 1847 6
874 1807 1066 1858 φειδωλὸς
1103 1807 1170 1848 καὶ
1205 1809 1336 1861 κίμβιξ
1377 1808 1442 1848 καὶ
1473 1810 1648 1862 γλίσχρος
1678 1805 1747 1849 καὶ
1777 1808 1819 1849 τὸ

255 1866 423 1917 κύμινον
460 1867 588 1920 πρίων
625 1866 690 1907 καὶ
728 1865 930 1914 συνθέτως
965 1868 1292 1920 κυμινοπρίστης,
1329 1868 1383 1908 ἔτι
1420 1867 1462 1908 δὲ
1493 1868 1558 1908 καὶ
1589 1868 1697 1920 λιμός
1728 1899 1737 1908 .
1769 1899 1778 1908 .
1811 1899 1820 1908 .

253 1924 318 1965 καὶ
349 1927 571 1979 λιμοκίμβιξ
605 1925 647 1966 δὲ
679 1925 699 1966 ὅ
731 1925 850 1974 αὐτὸς
880 1926 946 1967 καὶ
976 1928 1264 1980 κυμινοκίμβιξ.
1315 1930 1363 1968 of.
1399 1930 1524 1969 1073.

537 2102 719 2157 κύνειρα

372 2164 607 2203 Eustathius
644 2166 775 2216 1822,
811 2166 862 2204 15
909 2162 962 2212 ὡς
1006 2162 1048 2204 δὲ
1091 2165 1200 2204 κύων
1243 2164 1309 2205 καὶ
1351 2172 1395 2221 τῇ
1440 2166 1626 2222 κωμῳδία
1670 2164 1819 2217 ἐνέτηξε

253 2229 418 2274 σκῶμμα
461 2227 688 2276 γυναικεῖον
731 2222 803 2274 τὴν
847 2222 1056 2275 εἰρημένην
1099 2224 1286 2277 κύνειραν
1328 2223 1455 2278 ἤγουν
1497 2224 1570 2276 τὴν
1611 2224 1678 2265 τὸν
1718 2225 1822 2264 κύνα

254 2283 480 2336 εἰρύουσαν,
513 2282 605 2334 ὅπερ
633 2281 734 2322 ἐστὶν
760 2282 1039 2334 ἐφελκομένην,
1064 2281 1111 2323 ὃν
1138 2282 1186 2334 δὴ
1219 2283 1340 2323 κύνα
1371 2287 1534 2336 χοῖρον
1565 2282 1662 2334 ἄλλη
1681 2299 1820 2340 κωμῳ-

255 2343 319 2381 δία
339 2342 451 2394 φησί,
477 2341 623 2381 παλαιὰ
653 2347 786 2393 χρῆσις
806 2343 930 2393 δηλοῖ,
961 2342 1209 2394 ἐμφαίνουσα
1239 2342 1338 2394 πρὸς
1369 2341 1574 2395 ὁμοιότητα
1602 2349 1671 2383 τοῦ
1702 2342 1820 2383 κυνό-

255 2413 379 2454 σουρα
402 2402 587 2454 εἰρῆσθαι
605 2400 672 2440 καὶ
698 2400 738 2440 τὸ
765 2401 937 2454 κύνειρα.
987 2403 1092 2441 idem
1114 2405 1197 2442 528
1219 2403 1306 2442 init.
1333 2400 1359 2454 ἡ
1392 2399 1429 2442 δ’
1464 2402 1562 2454 αὐτὴ
1596 2397 1821 2459 (κωμῳδία)

254 2459 318 2500 καὶ
349 2459 456 2512 παρὰ
487 2459 554 2500 τὸν
592 2460 695 2500 κύνα
732 2461 859 2509 παίζει
889 2460 961 2513 τὴν
991 2461 1190 2514 κύνειραν.
1246 2463 1293 2502 de
1326 2463 1613 2513 significatione
1650 2463 1820 2502 nominis

253 2520 362 2559 κύων
394 2521 443 2560 cf.
474 2521 522 2559 fr.
554 2521 790 2571 proximum.

983 2601 1093 2644 1057

537 2658 791 2703 κυνέπασαν

370 2735 595 2785 Hesychius
634 2732 839 2782 ἕξέδεισαν.
889 2734 987 2775 ἔνιοι
1028 2732 1255 2774 κυνέπασαν
1296 2735 1336 2774 τὸ
1382 2736 1537 2776 αἰδοῖον
1580 2735 1818 2775 ἐπιτάνσπον

254 2788 467 2845 (superscr.
500 2789 591 2847 δον)
634 2790 720 2834 οἷον
759 2792 970 2834 ἐπέπασαν.
1019 2791 1108 2834 κύν’
1143 2793 1316 2834 ἔσπασαν
1347 2797 1464 2835 Mein.
1520 2796 1690 2835 fortasse
1722 2795 1819 2834 scri-

255 2852 425 2890 bendum
464 2855 524 2892 est
566 2850 655 2892 κύν’
703 2851 947 2893 ἀνέσπασαν·
988 2852 1194 2906 ἕξέὸειραν.
1250 2853 1347 2894 ἔνιοι
1383 2851 1472 2894 κύν’
1521 2853 1743 2895 ἕπέσπασαν
1778 2852 1820 2894 τὸ

257 2910 416 2950 αἰδοῖον
448 2910 716 2960 ἐπιτείναντες.
766 2911 991 2953 ἀνασπάσαι
1021 2911 1062 2953 τὸ
1094 2912 1248 2955 αἰδοῖον
1280 2916 1341 2953 est
1371 2915 1471 2954 Poll.
1504 2917 1542 2965 2,
1576 2916 1672 2954 176.
