2014 3334
826 204 1096 239 PRAEFATIO
1686 208 1754 241 vu

169 318 273 371 davi,
299 318 358 358 ita
382 317 468 356 fieri
493 318 628 356 tamen
655 316 772 355 facile
799 316 934 366 potuit
953 318 1001 356 ut
1020 316 1223 356 interdum
1250 317 1373 357 etiam
1393 318 1582 357 Meinekii
1608 319 1753 358 menda

169 379 432 419 remanerent.
498 389 589 416 cum
631 375 737 415 idem
782 375 905 415 etiam
946 377 987 415 in
1031 377 1105 416 hoc
1149 378 1270 417 tertio
1314 378 1516 417 volumine
1562 378 1751 419 accidisse

168 439 299 491 possit
335 458 393 466 —
431 448 675 489 quamquam
712 448 805 476 raro
845 437 891 475 ut
927 436 970 475 in
1005 437 1208 487 prioribus
1249 437 1517 477 voluminibus
1559 438 1751 478 accidisse

167 498 322 539 confido
345 518 399 524 —
421 498 454 536 si
480 498 617 536 tamen
642 495 800 544 accidit,
832 496 999 547 aequius
1025 496 1073 536 de
1100 509 1147 535 ea
1171 510 1214 536 re
1240 499 1287 535 ut
1313 510 1428 548 spero
1461 497 1612 537 iudices
1632 499 1751 548 periti

167 557 406 598 iudicabunt
437 569 559 608 quam
589 556 742 595 factum
775 557 838 595 est
867 555 909 595 in
943 555 1095 595 Studiis
1129 556 1506 597 Vindobonensibus
1527 558 1626 596 Vm
1654 559 1750 597 258.

286 618 328 657 in
358 617 491 657 titulis
523 616 719 656 librorum
752 615 914 656 Stobaei
954 618 995 655 et
1026 616 1484 669 Paroemiographorum
1515 631 1749 670 graecorum

167 679 292 718 donec
329 689 455 718 novae
494 689 596 728 quae
635 677 918 727 exspectantur
961 675 1158 715 editiones
1201 677 1241 715 in
1283 677 1462 716 tabernis
1500 678 1750 728 Argiletanis

167 738 425 790 prostabant,
463 736 567 776 nihil
596 736 827 776 novandum
866 748 952 776 esse
991 736 1178 776 arbitror.
1239 737 1377 788 itaque
1414 737 1480 776 vel
1511 737 1748 789 Diogeniani

166 811 324 848 nomen,
350 810 594 849 quamquam
619 796 832 847 proverbia
858 797 895 836 ei
920 796 1123 846 adscripta
1155 796 1257 836 falso
1284 797 1335 835 ad
1361 810 1454 836 eum
1479 798 1621 837 referri
1645 810 1750 837 nunc

167 860 338 908 constat,
369 860 522 910 tamen,
559 856 656 908 quia
685 857 727 895 in
758 856 960 907 prioribus
990 856 1264 896 voluminibus
1302 858 1514 906 remansit,
1555 858 1675 897 etiam
1709 859 1750 897 in

166 918 286 958 tertio
317 918 517 957 intactum
547 916 705 968 reliqui.

286 990 389 1030 quae
416 977 464 1016 de
495 976 698 1028 prioribus
724 976 844 1016 huius
876 976 1063 1016 editionis
1090 977 1274 1027 partibus
1305 977 1348 1016 in
1379 977 1591 1017 annalibus
1622 978 1748 1028 philo-

166 1039 351 1090 logorum
397 1037 606 1088 disputata
649 1038 760 1088 sunt,
805 1049 853 1076 ea
896 1036 1031 1076 omnia
1072 1059 1127 1063 -—
1171 1050 1342 1088 quorum
1388 1037 1549 1088 quidem
1594 1038 1645 1077 ad
1688 1051 1751 1077 me

165 1098 395 1149 pervenerit
425 1097 572 1136 notitia
594 1118 644 1123 —
669 1097 885 1148 diligenter
915 1098 957 1135 et
989 1098 1143 1136 attente
1171 1097 1324 1149 perlegi
1350 1098 1512 1148 suisque
1537 1098 1750 1137 momentis

166 1161 351 1198 accurate
384 1157 622 1197 examinavi.
673 1170 765 1196 cum
796 1158 944 1206 autem,
976 1159 1024 1196 ut
1052 1158 1133 1197 fert
1157 1159 1316 1209 natura,
1348 1158 1536 1208 ponderis
1564 1159 1604 1196 et
1629 1158 1751 1208 pretii

166 1218 248 1258 sint
278 1217 496 1258 admodum
522 1217 681 1269 diversi,
712 1216 820 1256 levia
845 1219 885 1256 et
910 1217 1047 1256 inania
1072 1229 1238 1268 prorsus
1263 1218 1537 1269 praetermisi3
1570 1230 1672 1270 quae
1699 1218 1750 1257 ad

165 1278 370 1318 meliorem
407 1279 620 1328 poetarum
651 1277 895 1316 comicorum
932 1277 1203 1328 cognitionem
1234 1277 1388 1328 aliquid
1428 1278 1609 1317 conferre
1640 1278 1748 1317 vide-

164 1340 326 1389 rentur,
373 1337 553 1378 conlecta
599 1337 639 1391 in
682 1337 972 1387 supplementis
1007 1337 1100 1376 huic
1143 1337 1339 1376 volumini
1383 1337 1531 1376 additis
1577 1338 1747 1377 enotavi.

165 1400 421 1438 accesserunt
445 1398 655 1448 praeterea
686 1396 796 1436 haud
827 1397 888 1436 ita
917 1409 1047 1448 pauca
1078 1410 1181 1448 quae
1213 1397 1393 1437 virorum
1424 1397 1747 1437 doctissimorum

166 1458 370 1498 doctrinae
402 1459 444 1497 et
475 1457 718 1507 benignitati
749 1456 939 1507 privatim
971 1457 1115 1496 debeo:
1165 1457 1294 1496 veluti
1326 1456 1370 1496 O.
1402 1457 1576 1497 Hensius
1616 1458 1747 1497 conla-

164 1518 314 1558 tionem
352 1518 450 1557 mihi
488 1516 714 1556 transmisit
751 1516 916 1556 Stobaei
953 1517 1100 1556 codicis
1132 1517 1320 1556 Vossiani
1361 1517 1623 1557 subtilissime
1655 1530 1746 1557 con-

164 1579 329 1630 fectam3
377 1578 427 1617 H.
465 1577 642 1617 Dilesius
687 1590 788 1629 quae
814 1577 884 1616 .ad
926 1577 1193 1616 Menandrum
1236 1579 1276 1616 et
1319 1578 1517 1628 quaedam
1566 1578 1747 1628 priorum

164 1639 412 1678 voluminum
450 1638 679 1690 fragmenta
720 1637 931 1676 adnotavit
967 1650 1039 1687 per
1075 1637 1235 1676 litteras
1265 1637 1552 1677 humanissime
1591 1639 1746 1677 mecum

164 1697 493 1746 communicavit3
521 1696 566 1737 G.
588 1697 888 1737 Studemundus
909 1710 1011 1747 quae
1037 1697 1080 1736 in
1105 1697 1342 1737 academicis
1361 1697 1581 1737 lectionum
1606 1697 1745 1737 indici-

164 1759 239 1797 bus
291 1760 333 1797 et
375 1756 675 1809 philologorum
721 1757 933 1796 annalibus
979 1757 1205 1809 disputavit
1252 1759 1301 1796 ut
1339 1757 1545 1797 celerrime
1591 1758 1642 1796 ad
1683 1771 1744 1796 me

164 1819 441 1869 perferrentur
467 1817 709 1857 amicissime
736 1817 911 1868 curavit3
943 1817 992 1856 A.
1012 1817 1218 1856 Nauckius
1237 1817 1589 1857 Miscellaneorum
1608 1818 1744 1857 Petro-

163 1878 434 1929 politanorum
466 1871 625 1928 parte'm
657 1877 692 1915 V
725 1877 1004 1929 gratissimum
1035 1877 1134 1916 mihi
1166 1877 1314 1917 donum
1348 1877 1471 1916 misit.
1527 1890 1633 1917 nova
1665 1878 1743 1916 fra-

164 1940 421 1989 gmentorum
435 1937 879 1977 Tischendorfianorum
893 1937 1080 1988 editione,
1094 1937 1207 1976 cuius
1229 1938 1456 1988 exemplum
1470 1937 1496 1975 J
1499 1938 1743 1976 ernstedtius

163 1998 490 2048 Petropolitanus
522 1997 743 2036 liberaliter
771 1997 871 2035 mihi
901 1997 1106 2047 pollicitus
1139 1998 1237 2046 erat,
1271 1997 1379 2048 quod
1410 1997 1540 2042 adhuc
1571 1998 1634 2043 uti
1665 2011 1743 2037 non

162 2057 278 2097 licuit
321 2070 563 2109 magnopere
608 2057 734 2096 doleo.
809 2057 994 2096 omnibus
1039 2060 1173 2096 autem
1226 2057 1294 2107 qui
1338 2058 1412 2096 hoc
1459 2070 1558 2108 opus
1609 2071 1742 2096 meum

163 2130 323 2168 quoquo
355 2117 473 2156 modo
500 2117 753 2169 adiuverunt,
780 2117 903 2156 etiam
930 2117 1244 2156 Vimariensium
1270 2117 1602 2156 bibliothecarum
1628 2131 1742 2168 prae-

162 2177 290 2229 fectis,
322 2177 369 2216 R.
389 2177 588 2216 Koehlero
621 2179 662 2216 et
694 2176 740 2216 0.
771 2176 948 2228 Apeltio,
980 2190 1085 2216 nunc
1120 2190 1212 2216 cum
1245 2177 1293 2215 de
1318 2177 1524 2227 provincia
1555 2180 1639 2216 tam
1673 2177 1742 2216 diu

163 2237 446 2276 administrata
477 2237 624 2277 decedo
657 2236 814 2276 debitas
846 2249 922 2289 ago
956 2250 1003 2276 ex
1034 2236 1167 2277 animo
1199 2237 1363 2289 gratias.

283 2356 515 2396 Scribebam
541 2356 746 2395 Vimariae
772 2369 908 2396 mense
935 2357 1081 2396 Martio
1109 2370 1144 2395 a.
1164 2357 1200 2395 h.
1223 2369 1252 2395 s.
1279 2355 1538 2395 LXXXVIII.

731 2653 1174 2718 Corrigenda.

260 2770 356 2804 Ante
376 2769 503 2806 omnia
517 2769 626 2805 huius
647 2769 719 2806 vol.
734 2782 769 2815 p.
786 2773 855 2806 393
875 2770 980 2806 labes
994 2769 1178 2815 quaedam
1198 2769 1366 2804 tollenda
1385 2769 1454 2811 est,
1474 2768 1578 2804 cuius
1597 2768 1737 2803 invitus

164 2827 207 2851 ac
232 2827 350 2863 paene
376 2817 536 2853 insciens
562 2818 693 2854 auctor
717 2817 791 2863 fui,
822 2817 949 2854 nescio
975 2828 1051 2862 qua
1076 2816 1192 2852 animi
1219 2816 1472 2852 obstinatione
1498 2816 1671 2851 inductus
1697 2817 1739 2850 ut

163 2864 228 2909 qui
247 2864 295 2900 ab
311 2865 504 2902 Athenaeo
521 2869 576 2910 14,
591 2869 659 2901 652
671 2877 694 2901 a
719 2866 1033 2902 commemoratur
1066 2862 1211 2910 Φόρμος
1230 2863 1249 2900 ὀ
1263 2864 1425 2910 κωμικὸς
1441 2860 1482 2900 ἐν
1492 2861 1736 2906 Ἀταλάνταις,

163 2923 249 2948 eum
274 2913 484 2950 necessario
510 2913 692 2950 comicum
720 2925 802 2949 esse
835 2915 1008 2959 putarem
1032 2912 1211 2948 Atticum.
1262 2923 1390 2948 verum
1423 2912 1520 2947 enim
1549 2922 1635 2947 vero
1661 2922 1733 2946 non
