2014 3334
805 231 949 264 TAPIA
1000 231 1158 265 ΤΜΝιΣ
1687 230 1772 273 135

943 351 1032 393 470

372 437 420 480 οἰ
447 434 496 479 δὲ
527 436 638 479 κατὰ
667 442 831 492 χειρῶν
863 435 1074 490 λαβόντες
1105 435 1394 492 περιμένουσι
1427 438 1642 491 φίλτατοι.

310 525 544 564 Athenaeus
566 525 604 575 9,
625 524 710 563 408
726 523 776 562 ef
806 519 1051 575 Μένανδρος
1075 518 1211 578 Ὑδρίᾳ
1241 525 1318 562 κτλ.
1382 523 1530 574 Phryn.
1558 524 1664 575 Epit.
1688 527 1772 564 327

190 582 309 638 μεστὴ
329 581 356 637 ἡ
376 583 565 641 κωμῳδία
590 588 661 623 τοῦ
686 581 785 622 κατὰ
811 581 977 635 χειρός,
1002 582 1074 622 ubi
1094 584 1144 622 cf.
1163 583 1335 622 Lobeck.
1385 586 1556 635 uterque
1582 598 1773 624 numerus

187 645 378 697 usitatus,
410 644 628 697 singularis
653 643 696 683 in
721 643 892 694 antiqua
917 643 1122 683 comoedia
1147 643 1409 694 frequentior.
1460 644 1633 684 fortasse
1664 658 1772 697 περι-

188 702 375 758 μένουσι,
406 705 586 756 φίλτατοι
618 697 829 759 (φίλτατε).

941 832 1024 874 471

474 895 698 950 παρουσία

306 981 532 1034 Hesychius
558 979 685 1028 οὕτως
710 973 880 1020 ἐκάλουν
899 977 966 1018 καὶ
990 978 1037 1018 τὰ
1069 977 1307 1032 ὑπάρχοντα.
1352 977 1418 1019 καὶ
1443 979 1591 1031 μήποτε
1615 977 1640 1031 ἡ
1666 980 1775 1034 παρά

185 1041 377 1096 πρόθεσις
394 1039 589 1095 παρέλκει.
652 1038 897 1093 Μένανδρος
915 1036 1056 1094 Ὑδρίᾳ
1083 1034 1263 1094 (ὑδρείας
1288 1037 1405 1092 cod.=).
1455 1041 1503 1079 cf.
1525 1040 1674 1080 Gratet.
1700 1043 1765 1080 16.

900 1181 1057 1216 ΤΜΝΙΣ

304 1259 532 1299 Meretricis
562 1271 709 1299 nomen
740 1260 803 1298 est
833 1257 998 1297 Lucian.
1030 1257 1136 1296 Dial.
1157 1270 1253 1296 mer.
1278 1259 1343 1296 13.
1383 1257 1453 1296 sed
1479 1270 1569 1296 cum
1589 1258 1773 1297 Ammon.

185 1322 211 1360 5
244 1321 287 1360 et
316 1319 555 1371 Harpocrat.
591 1320 659 1370 94,
694 1321 716 1359 7
759 1317 802 1358 ἐν
838 1320 897 1375 τῷ
917 1314 1085 1370 ’Ὑμνιδι
1120 1318 1342 1368 praebeant
1380 1312 1524 1371 (ceteri
1555 1318 1773 1357 articulum

185 1376 416 1431 omittunt),
460 1393 541 1420 non
586 1375 743 1419 dubito7
771 1379 870 1430 quin
914 1378 1135 1418 Menander
1185 1380 1314 1417 virum
1358 1377 1660 1429 significaverit.
1722 1379 1771 1417 cf.

173 1437 338 1491 Ἄλεξις,
359 1436 524 1491 Ἄμφις,
557 1441 721 1492 Δοῦρις,
752 1441 897 1489 Λῦσις,
932 1439 1097 1490 Χρῦσις.
1159 1438 1298 1489 itaque
1330 1439 1439 1477 recte
1473 1438 1591 1477 scrib.
1611 1434 1772 1490 ”Υμνις,

14 1478 24 1510 ἰ
94 1517 97 1520 “
172 1498 369 1553 ’Ὑμνιδος
400 1502 474 1540 cet.

920 1595 1025 1647 '472

398 1690 454 1746 νὴ
487 1689 570 1745 τὴν
596 1686 809 1744 Ἀθηνᾶν,
842 1688 1063 1746 μακάριόν
1094 1686 1135 1743 γ’
1171 1688 1199 1744 ἡ
1233 1689 1478 1745 χρηστότης

399 1763 510 1819 πρὸς
541 1761 685 1805 πάντα
716 1758 790 1803 καὶ
821 1761 1089 1816 θαυμαστὸν
1122 1760 1309 1816 ἐφόδιον
1342 1762 1436 1819 βίῳ.

398 1835 541 1893 τούτῳ
575 1835 768 1888 λαλήσας
799 1832 965 1890 ἡμέρας
997 1833 1187 1889 σμικρὸν
1220 1832 1353 1890 μέρος

398 1907 559 1957 εὔνους
591 1905 676 1961 ἐγὼ
708 1911 795 1948 νῦν
827 1906 927 1961 εἰμι.
992 1905 1236 1948 “πειστικὸν
1269 1904 1415 1959 λόγος’

357 1992 377 2021 5
397 1980 508 2035 πρὸς
538 1977 659 2021 τοῦτ’
697 1977 752 2020 ἂν
785 1981 901 2020 εἴποι
932 1993 999 2028 τις
1030 1978 1219 2033 μάλιστα
1251 1984 1341 2020 τῶν
1373 1984 1540 2032 σοφῶν.

397 2053 444 2093 τί
472 2047 555 2094 οὖν
587 2049 766 2107 ἑτέρους
798 2052 1046 2100 λαλοῦντας
1077 2045 1127 2092 εὖ
1159 2049 1472 2104 βδελύττομαι;

397 2124 559 2180 τρόπος
591 2120 688 2165 ἔσθ’
728 2121 751 2165 ὁ
783 2123 958 2164 πείθων
989 2127 1070 2164 τοῦ
1102 2120 1323 2176 λέγοντος,
1358 2120 1412 2164 οὐ
1445 2122 1587 2175 λόγος.

396 2195 563 2252 τὸγὰρ
595 2193 742 2248 λέγειν
774 2189 824 2236 εὖ
859 2194 1010 2236 δεινόν
1043 2192 1165 2236 ἐστιν
1198 2194 1239 2236 εἰ
1270 2191 1402 2249 φέροι

397 2267 570 2323 βλάβην
600 2266 711 2309 τινά.

302 2369 338 2395 v.
374 2357 500 2394 1—-7
535 2354 732 2394 Stobaeus
765 2354 872 2394 Flor.
906 2356 975 2402 37,
1010 2355 1076 2394 18.
1113 2355 1179 2393 19.
1294 2355 1346 2392 18
1381 2347 1437 2406 (V.
1474 2351 1619 2403 1—6)
1657 2353 1767 2391 Μεν-

182 2415 334 2468 άνδρου
354 2412 501 2466 ’Ὗμνις
533 2415 648 2454 Voss.
670 2415 789 2454 Hens.
824 2414 936 2454 deest
966 2414 1009 2453 in
1035 2414 1083 2452 A.
1125 2415 1176 2452 19
1210 2412 1461 2464 Μενάνδρου
1482 2409 1638 2463 ’Ὑμνυς
1671 2407 1767 2465 (sic)

105 2509 108 2511 .
185 2476 232 2516 A.
291 2489 328 2515 V.
362 2477 384 2514 7
421 2475 626 2515 Plutarch.
671 2474 770 2514 Mor.
805 2476 927 2514 8010
976 2474 1019 2513 τὸ
1050 2478 1120 2513 τοῦ
1154 2472 1404 2524 Μενάνδρου
1437 2474 1513 2510 κτλ.
1576 2486 1612 2511 v.
1643 2474 1765 2511 l-—7

182 2538 292 2575 recte
325 2535 576 2586 coniungunt
600 2535 715 2575 Voss.
744 2535 866 2574 Hens.
900 2537 940 2573 et
973 2534 1102 2573 Trinc.
1195 2547 1232 2572 v.
1267 2535 1304 2573 8.
1338 2535 1361 2572 9
1397 2532 1485 2572 add.
1511 2532 1558 2570 K.
1605 2544 1699 2570 nam
1731 2545 1767 2571 v.

185 2598 298 2636 7--9
332 2596 416 2634 sine
448 2595 638 2634 lemmate
663 2595 862 2634 Maximus
895 2594 1008 2634 Conf.
1035 2594 1159 2632 Serm.
1191 2594 1243 2632 15
1277 2606 1313 2642 p.
1345 2593 1431 2631 580
1464 2592 1522 2630 ed.
1558 2590 1766 2630 Combefis.

182 2656 298 2695 Paris
333 2656 460 2695 1765.
526 2658 563 2694 1.
593 2651 630 2708 γ’
667 2655 756 2694 add.
784 2654 974 2694 Clericus.
1009 2652 1204 2705 μακάριόν
1236 2667 1271 2691 τι
1297 2666 1353 2703 χρ.
1403 2651 1521 2690 Mein.
1554 2650 1766 2702 χρηστότης

181 2714 248 2754 καὶ
278 2714 401 2762 αἰδώς
434 2715 550 2755 Voss.
582 2716 704 2754 Heus.
744 2715 814 2754 sed
854 2712 920 2753 καὶ
951 2713 1029 2753 αἰδ.
1062 2714 1138 2752 del.
1164 2708 1233 2751 ml.
1305 2714 1341 2750 2.
1374 2716 1426 2750 τῶ
1459 2710 1533 2762 βίω
1567 2709 1682 2750 Voss.
1715 2711 1765 2749 H.

181 2776 230 2815 N.
293 2778 331 2815 3.
363 2774 488 2831 τούτῳ
516 2787 710 2826 superscr.
732 2790 791 2822 οις
818 2774 930 2814 Voss.
958 2774 1006 2812 H.
1039 2771 1184 2824 μέρους
1214 2772 1332 2811 idem.
1403 2773 1440 2810 4.
1472 2768 1671 2809 πειστικὸν
1697 2767 1764 2820 ΒΞ]

181 2834 372 2875 πιστικὸν.
436 2836 474 2874 6.
506 2828 550 2874 εὖ
582 2835 631 2874 N.
664 2828 708 2874 εὖ
741 2847 938 2886 superscr.
973 2831 1022 2872 οὐ
1054 2832 1167 2871 Voss.
1196 2832 1245 2870 H.
1311 2834 1347 2870 7.
1380 2828 1476 2869 ἔστω
1502 2830 1661 2869 Maxim.
1728 2833 1766 2870 9.

183 2894 270 2935 τινὰ
302 2894 457 2947 βλάβην
490 2895 650 2933 Maxim.
