2014 3334
276 247 365 290 254
612 250 615 255 ’
915 250 1213 284 MENANAPOT

1007 359 1120 400 1014

562 439 833 496 ἡμίγραφον,
865 440 1210 497 ἡμιλάσταυρον,
1242 441 1432 498 ἡμιφυές

396 527 537 565 Pollux
572 529 617 578 6,
654 529 733 566 161
781 532 858 566 τῶν
902 525 1034 578 μέντοι
1076 528 1326 582 Μενάνδρου
1368 528 1410 568 τὸ
1453 527 1524 580 μὲν
1569 526 1741 580 ἡμιφυὲς
1783 527 1847 568 καὶ

276 583 506 639 ἡμίγραφον
544 584 698 625 ἀνεκτά.
760 585 802 626 τὸ
841 584 883 626 δὲ
920 585 1213 642 ἡμιλάσταυρον
1249 588 1523 643 παμπόνηρον.
1587 590 1734 640 Phryn.
1766 590 1848 628 Ecl.

282 648 364 685 195
410 646 628 699 λάσταυρος
670 643 743 696 μὲν
782 646 824 686 οἷ
862 651 940 686 νῦν
981 653 1148 701 χρῶνται
1185 646 1247 687 ἐπὶ
1290 654 1360 688 τοῦ
1403 653 1584 702 πονηροῦ
1627 646 1693 687 καὶ
1736 646 1849 696 ἀξίου

277 710 466 758 σταυροῦ·
512 705 555 744 οἷ
582 703 624 744 δὲ
656 704 811 759 ἀρχαῖοι
842 705 905 745 ἐπὶ
936 712 1006 746 τοῦ
1037 707 1331 761 καταπύγωνος.

1010 824 1126 866 1015

561 881 779 938 ἡμιώριον

396 965 448 1015 ὡς
481 965 735 1022 Μένανδρος.
787 968 935 1007 Pollux
971 971 1007 1020 1,
1041 972 1108 1009 71.
1147 971 1364 1009 semihora?

1007 1085 1121 1127 1016

560 1141 749 1186 Ἰκόνιον

396 1230 507 1278 πόλις
532 1230 787 1277 Λυκαονίας.
807 1262 817 1270 .
839 1230 1049 1284 ,γράφεται
1069 1228 1111 1270 δὲ
1133 1230 1198 1270 διὰ
1217 1237 1287 1271 τοῦ
1308 1247 1322 1270 ι
1342 1227 1438 1284 (non
1459 1227 1526 1285 ει),
1546 1230 1680 1283 ἐπειδὴ
1701 1229 1848 1286 εὑρέθη

279 1286 477 1343 (εὕρηται)
508 1287 533 1341 ἡ
561 1289 659 1343 ἀρχὴ
687 1289 970 1342 συστελλομένη
995 1289 1102 1344 παρὰ
1130 1291 1370 1347 Μενάνδρῳ.
1421 1293 1649 1344 Etymolog.
1675 1307 1727 1331 m.
1751 1294 1850 1343 470,

280 1352 348 1389 45.
399 1351 535 1389 eadem
569 1351 650 1389 fere
684 1350 859 1389 Cramer.
879 1351 1028 1389 Anecd.
1048 1350 1120 1390 Ox.
1141 1351 1181 1389 ΙΙ
1215 1353 1312 1402 206,
1342 1354 1377 1390 1.
1428 1354 1604 1391 extrema
1637 1352 1850 1404 adduntur,

280 1411 375 1460 quia
402 1406 569 1449 Ἰκόνιον
600 1423 810 1460 perperam
843 1411 893 1449 ab
925 1409 1044 1449 εἰκών
1075 1411 1322 1450 derivabant.

1009 1526 1120 1569 1017

565 1585 712 1628 κάθου

399 1669 449 1724 (i.
482 1686 513 1711 e.
552 1667 737 1725 κάθησο)
781 1671 887 1725 παρὰ
932 1672 1172 1728 Μενάνδρῳ.
1241 1673 1482 1711 Eustathius
1524 1674 1655 1724 1840,
1695 1676 1732 1713 3.
1801 1674 1848 1713 of.

283 1733 488 1782 Aristoph.
521 1733 569 1771 fr.
604 1734 700 1771 620.
750 1732 977 1771 Anaxandr.
1015 1734 1079 1772 13.
1129 1733 1286 1771 Alexid.
1320 1734 1416 1771 224.

1007 1848 1119 1891 1018

565 1909 837 1958 καλαθίσκος

398 1989 503 2041 εἶδος
535 1991 740 2046 ὀρχήσεως.
778 1993 845 2034 καὶ
870 1999 1010 2042 σκεῦος
1033 1997 1262 2047 γυναικεῖον
1293 1993 1401 2048 παρὰ
1426 1994 1667 2050 Μενάνδρῳ.
1717 1995 1847 2046 Hesy-

281 2054 405 2092 chius.
455 2056 504 2094 cf.
537 2055 680 2104 Eupol.
715 2057 811 2094 227.
861 2055 1075 2104 Apolloph.
1110 2057 1147 2093 1.

1010 2159 1121 2201 1019

564 2218 851 2261 κατάστικτον

399 2303 629 2355 χιτωνίσκου
661 2301 787 2357 γένος.
837 2303 962 2351 οὕτως
993 2301 1247 2356 Μένανδρος.
1297 2303 1466 2342 Photius
1496 2305 1591 2355 143,
1619 2307 1686 2344 20.
1729 2305 1846 2344 κατά-

281 2375 434 2403 στικτον
456 2363 588 2413 Mein]
624 2363 842 2403 κατατικόν.
874 2364 973 2403 Poll.
1009 2367 1045 2415 7,
1079 2365 1134 2403 55
1173 2361 1193 2402 ὅ
1227 2360 1269 2402 δὲ
1305 2361 1553 2410 κατάστικτος
1591 2363 1707 2415 χιτών
1744 2363 1847 2404 ἐστιν

281 2421 301 2462 ὁ
333 2422 432 2475 ἔχων
465 2424 543 2479 ζῷα
573 2421 600 2475 ἢ
632 2420 742 2474 ἄνθη
774 2421 1041 2475 ἐνυφασμένα.
1086 2424 1256 2473 Hesych.
1287 2421 1558 2462 κατάστικτον·
1589 2424 1781 2464 ποικίλον.

1008 2539 1124 2582 1020

565 2610 969 2667 κατεγνυπωμένως

400 2701 584 2750 νωθρῶς,
603 2696 822 2750 ἀνάνδρως.
868 2696 969 2736 οὕτω
990 2694 1242 2749 Μένανδρος.
1288 2697 1468 2736 photius.
1511 2697 1680 2736 Bekker.
1697 2697 1844 2736 Anecd.

283 2759 380 2808 233,
405 2759 458 2796 10
483 2757 695 2810 γνύπετον·
727 2756 861 2810 ἀργόν.
905 2756 947 2796 οἰ
969 2754 1011 2796 δὲ
1036 2755 1208 2795 ἔκλυτον.
1253 2756 1295 2796 οἱ
1317 2753 1359 2795 δὲ
1383 2755 1567 2809 γνύπετοι
1594 2755 1845 2808 ἐκτεταμένοι,

283 2817 412 2856 δειλοί.
474 2815 584 2856 ἄλλοι
616 2815 658 2855 δὲ
688 2819 876 2868 κατηφεῖς
909 2814 1122 2855 ἀπέδοσαν.
1183 2813 1249 2854 καὶ
1278 2819 1628 2869 κατεγνυπτῶσθαι
1663 2814 1705 2854 τὸ
1736 2831 1846 2856 κατε-

203 2898 207 2902 ·
283 2876 539 2928 στυγνάσθαι.
580 2876 750 2927 Hesych.
769 2870 1032 2930 γνυπ(ε)τεῖν,
1051 2870 1338 2929 γνυπ(ετ)ήσει,
1356 2874 1556 2928 γνύπετοι,
1574 2870 1845 2928 γνυπο(ῦ)ντι,

281 2935 498 2988 γνύπωνες.
550 2937 723 2987 Etymol.
743 2950 793 2975 m.
816 2937 912 2983 236,
934 2937 991 2975 40
1015 2934 1213 2988 γνύπετοι.
1262 2935 1486 2986 Hesychius
1505 2937 1712 2985 praeterea
1732 2936 1847 2974 nulla
