2014 3334
319 225 406 267 634
629 218 632 222 ’
966 229 1228 263 ΑΔΕΣΠΟΤΑ

318 340 438 391 ωνα)
477 337 799 390 ἐστεφανωμένον
830 338 897 378 καὶ
926 343 1168 391 παρακαλεῖν
1203 337 1454 394 ὑπερθέσθαι
1485 339 1557 391 τὴν
1589 339 1798 392 ἐκκλησίαν
1828 341 1884 390 εἰς

318 396 469 449 αὔριον.
515 392 827 450 ’ἀσχολοῦμαι
851 399 940 452 γάρ’
962 398 1039 450 ἔφη
1060 396 1304 452 (σήμερον,
1329 398 1489 439 ἑστιᾶν
1514 398 1691 451 μέλλων
1716 398 1886 449 ξένους

318 456 394 496 καὶ
419 456 632 506 τεθυκὼς
657 462 755 506 τοῖς
780 461 927 506 θεοῖς.
982 458 1074 507 τοὺς
1093 456 1129 498 δ’
1152 455 1394 510 Ἀθηναίους
1412 459 1649 512 γελάσαντας
1667 458 1886 512 ἀναστῆναι

318 515 383 556 καὶ
428 517 608 556 διαλῦσαι
652 516 725 568 τὴν
769 516 988 569 ἐκκλησίαν.
1057 532 1197 559 versus
1247 519 1417 559 comicos
1460 520 1765 569 deprehendisse
1810 520 1886 559 sibi

319 577 477 615 videtur
503 577 836 617 Wilamowitzius
868 578 1001 617 Herm.
1030 579 1085 617 XI
1116 581 1199 618 298
1232 579 1349 618 hosce
1381 577 1464 630 ἀσχ.
1483 594 1513 618 τ.
1543 578 1548 627 Ι
1576 576 1649 621 ἒστ.
1669 594 1707 630 μ.
1727 579 1758 627 ξ.
1785 579 1792 628 Ι
1819 577 1885 618 καὶ

317 634 498 684 τεθῦκὼς
528 650 558 676 τ.
584 640 626 677 θ.
671 634 854 687 ‘possunt
884 638 926 676 in
958 639 1167 688 Eupolidis
1198 638 1335 677 Aurea
1367 642 1488 678 aetate
1517 639 1649 677 loeum
1680 639 1887 690 habuiss03

318 696 600 746 Aristophanis
630 710 711 736 non
743 710 828 736 esse
859 698 1015 736 numeri
1048 694 1217 737 dooent'.
1278 698 1482 749 ingentem
1512 698 1609 737 haec
1639 697 1886 739 hilaritatem

318 756 549 795 excitabunt
579 759 659 803 τοῖς
691 755 849 796 εἰδόσιν.
897 770 1039 808 nempe
1070 758 1245 808 numeri,
1286 761 1333 796 ut
1363 758 1437 796 tali
1470 757 1691 797 sententiae
1722 757 1884 796 minime

317 816 413 865 apti,
444 816 504 854 ita
541 818 677 855 tamen
708 819 804 855 sunt
829 816 1115 867 Aristophanei
1147 812 1239 869 (Av.
1275 819 1400 857 1471.
1428 819 1463 856 2.
1492 818 1528 856 5.
1558 819 1594 856 6.
1623 820 1660 857 7.
1695 819 1820 857 1483.
1845 818 1884 857 4.

320 878 356 914 7.
389 877 426 914 8.
461 877 498 914 9.
548 876 641 926 Lys.
676 878 934 915 797—801.
968 878 1166 916 821—5.
1215 877 1314 915 Ran.
1350 878 1594 916 1370—72.
1629 877 1884 916 1482-84.

320 930 589 988 1491-93),
630 948 816 974 mensura
849 937 985 974 autem
1022 937 1269 987 syllabarum
1299 949 1461 986 prorsus
1503 936 1684 975 barbara.
1733 936 1885 975 scilieet

317 994 466 1033 oblitus
499 997 584 1033 erat
610 995 672 1034 vir
696 996 926 1045 praeclarus
952 996 994 1033 in
1024 998 1196 1045 utroque
1228 997 1404 1045 perfecto
1442 996 1555 1035 verbi
1585 995 1676 1035 θύω
1708 995 1885 1035 vocalem

317 1069 341 1092 v
375 1055 424 1093 ab
456 1054 605 1093 Atticis
638 1055 784 1104 corripi
817 1050 960 1108 (Arist.
985 1055 1077 1105 Lys.
1108 1057 1232 1094 1062.
1275 1054 1468 1094 Heniooh.
1490 1051 1547 1107 2).
1595 1055 1750 1094 aceedit
1780 1054 1886 1106 quod

317 1114 484 1152 verbum
515 1112 769 1166 ἀσχολεῖσθαι
798 1117 941 1165 quarto
974 1115 1134 1154 demum
1166 1128 1200 1153 a.
1240 1114 1329 1154 Chr.
1371 1115 1528 1154 saeculo
1560 1115 1720 1154 videtur
1748 1115 1884 1155 inven-

315 1175 403 1211 tum
435 1186 531 1212 esse.

1042 1267 1156 1309 1342

434 1365 697 1416 Etymologio.
729 1379 781 1404 m.
810 1367 905 1415 149,
940 1367 993 1404 24
1027 1363 1199 1417 ἄρριχος·
1232 1364 1408 1415 κόφινος.
1457 1368 1581 1416 τρεῖς
1613 1369 1725 1416 χοῦς
1755 1363 1883 1416 μέλι-

315 1439 391 1472 τος
423 1424 724 1476 Βριληττίου·
763 1424 849 1463 δύο
882 1423 1056 1476 ἀρρίχω
1095 1423 1179 1474 τὴν
1217 1422 1300 1475 μὲν
1323 1430 1431 1463 ’τῶν
1463 1422 1765 1476 χελιδονέων,
1796 1422 1882 1475 τὴν

316 1481 363 1522 δὲ
401 1490 491 1523 τῶν
529 1478 823 1536 φι(β)άλεων
862 1484 1090 1535 ἰσχάδων,
1131 1482 1208 1523 καὶ
1244 1489 1325 1535 τῆς
1369 1484 1552 1530 Ψιθίας
1599 1482 1882 1535 ἀσταφίδος,

315 1542 393 1582 καὶ
442 1543 628 1594 μύρτων
679 1541 840 1595 ἕτερον
884 1541 1096 1597 φέρνιον.
1170 1557 1216 1582 ex
1260 1544 1322 1583 his
1366 1556 1463 1594 quos
1509 1543 1709 1593 Sauppius
1753 1543 1881 1594 Epist.

315 1603 402 1642 crit.
433 1605 527 1642 134.
561 1605 584 1641 5
624 1603 778 1642 effinxit
814 1606 1068 1642 tetrametros
1105 1603 1348 1652 trochaicos‚
1381 1616 1472 1642 oum
1509 1605 1550 1641 et
1582 1603 1763 1653 dactylos
1801 1605 1880 1642 tro-

315 1663 448 1701 chaeis
485 1663 672 1701 inmixtos
710 1663 886 1702 habeant
922 1676 1049 1702 novae
1094 1663 1319 1702 comoediae
1363 1662 1490 1712 poetis
1529 1675 1800 1713 nequaquam,
1836 1663 1884 1701 ut

316 1724 403 1760 tum
422 1722 663 1779 opinabatur
682 1723 744 1761 vir
764 1723 1029 1771 doctissimus,
1052 1722 1265 1772 permissos
1286 1725 1326 1761 et
1346 1722 1562 1772 spondeum
1583 1722 1624 1760 in
1644 1721 1734 1760 sede
1753 1721 1884 1772 prima

314 1795 453 1820 versus
497 1782 682 1832 alterius,
734 1782 850 1821 hodie
894 1782 972 1832 ipsi
1015 1782 1221 1832 inprobari
1269 1794 1504 1831 persuasum
1548 1782 1687 1820 habeo.
1747 1783 1882 1820 tamen

315 1854 363 1880 ex
395 1841 599 1880 comoedia
630 1842 764 1891 aliqua
795 1842 917 1881 verba
958 1842 1030 1880 illa
1059 1842 1220 1880 fluxisse
1255 1855 1332 1881 non
1363 1841 1611 1895 negaverim:
1655 1854 1733 1892 quo
1765 1840 1882 1880 modo

314 1901 560 1940 emendanda
592 1901 673 1940 sint
705 1901 856 1941 dubito,
1842 1914 1846 1917 ⁴

1044 2030 1157 2072 1343

433 2128 656 2179 Hesychius
694 2129 920 2180 προυνικοί·
960 2128 1001 2168 οἶ
1035 2131 1184 2179 μισθοῦ
1221 2127 1443 2178 κομίζοντες
1480 2125 1527 2166 τὰ
1564 2125 1662 2165 ὤνια
1698 2124 1776 2165 ἀπὸ
1813 2131 1882 2178 τῆς

315 2186 475 2239 ἀγορᾶς,
507 2187 577 2235 οὓς
608 2202 708 2235 τινες
739 2188 1009 2241 παιδαρίωνας
1039 2190 1220 2227 καλοῦσι·
1264 2187 1476 2238 δρομεῖς,
1519 2189 1692 2237 ταχεῖς,
1737 2183 1881 2237 ὀξεῖς,

316 2245 579 2298 εὐκίνητοι,
609 2247 796 2300 γοργοί,
837 2247 1081 2298 μισθωτοί.
1137 2248 1184 2286 of.
1219 2248 1316 2286 333.
1359 2246 1497 2285 comici
1529 2258 1612 2284 esse
1644 2246 1742 2289 haec
1773 2245 1881 2285 vide-

315 2308 465 2345 bantur
496 2307 677 2346 Fielitzio
709 2308 765 2346 De
799 2308 880 2346 Att.
903 2321 1001 2346 com.
1022 2308 1102 2357 bip.
1124 2309 1178 2345 57
1199 2319 1236 2344 n.
1260 2308 1294 2344 1.
1346 2306 1485 2344 dubito
1518 2305 1713 2356 equidem.
1743 2318 1880 2355 quam-

316 2379 437 2418 quam
468 2367 711 2416 anapaestioi
743 2367 900 2406 numeri
932 2367 1103 2417 speeiem
1136 2379 1182 2405 ex
1213 2367 1327 2415 parte
1358 2365 1550 2403 referunt.

1044 2518 1158 2560 1344

435 2617 698 2668 Etymologio.
719 2631 768 2655 m.
788 2616 933 2654 Miller-i
955 2611 1175 2669 (Melanges
1197 2608 1271 2664 65)
1292 2612 1388 2664 βλάξ
1415 2644 1423 2651 .
1444 2642 1453 2651 .
1473 2642 1482 2651 .
1509 2609 1620 2664 ςβλάξ
1644 2627 1682 2651 τε
1707 2610 1772 2651 καὶ
1797 2610 1880 2663 ἠλί-

315 2680 409 2723 θιος
439 2673 638 2728 γένωμαι’.
683 2672 734 2714 ‘le
768 2677 968 2726 fragment
987 2688 1011 2713 a
1030 2674 1118 2713 l'air
1137 2674 1184 2712 de
1204 2668 1407 2711 comedie’.
1439 2673 1635 2711 Duebner.
1657 2685 1717 2722 ap.
1736 2670 1880 2710 Miller.

318 2738 416 2774 461.
473 2749 517 2774 ao
550 2736 606 2774 sio
637 2736 783 2786 Bergk.
812 2735 855 2773 P.
887 2735 912 2774 1.
945 2735 1007 2772 ΙΙΙ
1042 2735 1139 2773 742.
1189 2732 1419 2771 Sternbaoh.
1453 2731 1566 2770 Stud.
1587 2730 1757 2770 Vindob.
1781 2730 1882 2769 VIII

319 2796 415 2834 251.
467 2798 508 2833 at
538 2795 661 2835 verba
693 2799 786 2833 sunt
810 2793 1084 2843 Xenophontis
1110 2791 1201 2844 Cyr.
1230 2795 1264 2841 1,
1292 2793 1330 2841 4,
1360 2794 1412 2830 12
1445 2789 1498 2843 μὴ
1529 2789 1754 2830 παντάπασι
1784 2788 1881 2841 βλάξ

319 2868 372 2900 τις
403 2852 470 2893 καὶ
499 2851 657 2905 ἠλίθιος
686 2851 871 2906 γένωμαι.
