<?xml version="1.0" encoding="UTF-8"?>
<!DOCTYPE html PUBLIC "-//W3C//DTD XHTML 1.0 Transitional//EN"
    "http://www.w3.org/TR/xhtml1/DTD/xhtml1-transitional.dtd">
<html xmlns="http://www.w3.org/1999/xhtml" xml:lang="en" lang="en">
 <head>
  <title>
</title>
<meta http-equiv="Content-Type" content="text/html;charset=utf-8" />
  <meta name='ocr-system' content='tesseract 3.04.00' />
  <meta name='ocr-capabilities' content='ocr_page ocr_carea ocr_par ocr_line ocrx_word'/>
</head>
<body>
  <div class='ocr_page' id='page_1' title='image "./comicorumatticor03kockuoft_0437.png"; bbox 0 0 2014 3334; ppageno 0'>
   <div class='ocr_carea' id='block_1_1' title="bbox 817 265 1773 307">
    <p class='ocr_par' dir='ltr' id='par_1_1' title="bbox 817 265 1773 307">
     <span class='ocr_line' id='line_1_1' title="bbox 817 265 1773 307; baseline 0.003 -3"><span class='ocrx_word' id='word_1_1' title='bbox 817 270 916 304; x_wconf 80' lang='grc' dir='ltr'><strong><em>ΤΗΣ</em></strong></span> <span class='ocrx_word' id='word_1_2' title='bbox 942 269 1151 303; x_wconf 69' lang='grc' dir='ltr'><strong>ΑΡΧΑῑΑΣ</strong></span> <span class='ocrx_word' id='word_1_3' title='bbox 1687 265 1773 307; x_wconf 83' lang='grc'><strong><em>417</em></strong></span> 
     </span>
    </p>
   </div>
   <div class='ocr_carea' id='block_1_2' title="bbox 199 375 1779 734">
    <p class='ocr_par' dir='ltr' id='par_1_2' title="bbox 199 375 1779 734">
     <span class='ocr_line' id='line_1_2' title="bbox 199 375 1776 434; baseline -0.003 -11"><span class='ocrx_word' id='word_1_4' title='bbox 199 386 272 423; x_wconf 78' lang='grc' dir='ltr'><strong><em>τοῦ</em></strong></span> <span class='ocrx_word' id='word_1_5' title='bbox 304 381 546 432; x_wconf 81' lang='grc' dir='ltr'><strong><em>στύππακος,</em></strong></span> <span class='ocrx_word' id='word_1_6' title='bbox 577 380 636 421; x_wconf 85' lang='grc' dir='ltr'><strong><em>ὅτι</em></strong></span> <span class='ocrx_word' id='word_1_7' title='bbox 666 380 992 434; x_wconf 78' lang='grc' dir='ltr'><strong><em>στυππειοπώλης</em></strong></span> <span class='ocrx_word' id='word_1_8' title='bbox 1021 375 1084 434; x_wconf 78' lang='grc' dir='ltr'><strong><em>ἦν.</em></strong></span> <span class='ocrx_word' id='word_1_9' title='bbox 1135 380 1375 432; x_wconf 79' lang='lat' dir='ltr'><strong>Hesychius.</strong></span> <span class='ocrx_word' id='word_1_10' title='bbox 1406 379 1539 420; x_wconf 79' lang='lat' dir='ltr'><strong>Schol.</strong></span> <span class='ocrx_word' id='word_1_11' title='bbox 1558 378 1683 419; x_wconf 74' lang='lat' dir='ltr'><strong>Arist.</strong></span> <span class='ocrx_word' id='word_1_12' title='bbox 1703 378 1776 430; x_wconf 81' lang='lat' dir='ltr'><strong><em>Eq-</em></strong></span> 
     </span>
     <span class='ocr_line' id='line_1_3' title="bbox 202 435 1778 495; baseline -0.003 -12"><span class='ocrx_word' id='word_1_13' title='bbox 202 442 289 483; x_wconf 78' lang='lat'><strong><em>254</em></strong></span> <span class='ocrx_word' id='word_1_14' title='bbox 321 440 489 483; x_wconf 80' lang='grc' dir='ltr'><strong><em>σκώπτει</em></strong></span> <span class='ocrx_word' id='word_1_15' title='bbox 525 440 594 481; x_wconf 87' lang='grc' dir='ltr'><strong><em>τὸν</em></strong></span> <span class='ocrx_word' id='word_1_16' title='bbox 626 440 840 495; x_wconf 74' lang='grc' dir='ltr'><strong><em>Εὐκράτην</em></strong></span> <span class='ocrx_word' id='word_1_17' title='bbox 877 439 930 489; x_wconf 81' lang='grc' dir='ltr'><strong><em>ὡς</em></strong></span> <span class='ocrx_word' id='word_1_18' title='bbox 961 440 1148 493; x_wconf 85' lang='grc' dir='ltr'><strong><em>τοιαύτην</em></strong></span> <span class='ocrx_word' id='word_1_19' title='bbox 1184 439 1324 493; x_wconf 83' lang='grc' dir='ltr'><strong><em>τέχνην</em></strong></span> <span class='ocrx_word' id='word_1_20' title='bbox 1361 438 1509 492; x_wconf 75' lang='grc' dir='ltr'><strong><em>ἔχοντα.</em></strong></span> <span class='ocrx_word' id='word_1_21' title='bbox 1572 437 1615 479; x_wconf 76' lang='grc' dir='ltr'><strong><em>ἐν</em></strong></span> <span class='ocrx_word' id='word_1_22' title='bbox 1645 435 1778 486; x_wconf 72' lang='grc' dir='ltr'><strong><em>ἄλλοις</em></strong></span> 
     </span>
     <span class='ocr_line' id='line_1_4' title="bbox 199 494 1779 556; baseline -0.003 -14"><span class='ocrx_word' id='word_1_23' title='bbox 199 506 301 556; x_wconf 76' lang='grc' dir='ltr'><strong><em>γοῦν</em></strong></span> <span class='ocrx_word' id='word_1_24' title='bbox 331 500 606 554; x_wconf 81' lang='grc' dir='ltr'><strong><em>φανερώτερόν</em></strong></span> <span class='ocrx_word' id='word_1_25' title='bbox 637 513 736 554; x_wconf 88' lang='grc' dir='ltr'><strong><em>φησι</em></strong></span> <span class='ocrx_word' id='word_1_26' title='bbox 768 498 856 542; x_wconf 69' lang='lat' dir='ltr'><strong><em>‘nal</em></strong></span> <span class='ocrx_word' id='word_1_27' title='bbox 887 501 936 541; x_wconf 88' lang='grc' dir='ltr'><strong><em>σὺ</em></strong></span> <span class='ocrx_word' id='word_1_28' title='bbox 968 501 1250 554; x_wconf 84' lang='grc' dir='ltr'><strong><em>κυρηβιοπῶλα</em></strong></span> <span class='ocrx_word' id='word_1_29' title='bbox 1269 497 1472 553; x_wconf 82' lang='grc' dir='ltr'><strong><em>Εὔκρατες</em></strong></span> <span class='ocrx_word' id='word_1_30' title='bbox 1503 494 1679 547; x_wconf 50' lang='lat' dir='ltr'><strong><em>suffag?</em></strong></span> <span class='ocrx_word' id='word_1_31' title='bbox 1736 501 1779 537; x_wconf 82' lang='lat' dir='ltr'><strong><em>et</em></strong></span> 
     </span>
     <span class='ocr_line' id='line_1_5' title="bbox 205 554 1777 616; baseline -0.003 -15"><span class='ocrx_word' id='word_1_32' title='bbox 205 563 288 602; x_wconf 86' lang='lat'><strong><em>129</em></strong></span> <span class='ocrx_word' id='word_1_33' title='bbox 322 557 572 616; x_wconf 78' lang='grc' dir='ltr'><strong><em>(Εὐκράτης)</em></strong></span> <span class='ocrx_word' id='word_1_34' title='bbox 605 561 784 610; x_wconf 81' lang='grc' dir='ltr'><strong><em>στύππαξ</em></strong></span> <span class='ocrx_word' id='word_1_35' title='bbox 820 560 992 601; x_wconf 76' lang='grc' dir='ltr'><strong><em>ἐκαλεῖτο</em></strong></span> <span class='ocrx_word' id='word_1_36' title='bbox 1025 559 1091 600; x_wconf 82' lang='grc' dir='ltr'><strong><em>διὰ</em></strong></span> <span class='ocrx_word' id='word_1_37' title='bbox 1122 559 1164 600; x_wconf 85' lang='grc' dir='ltr'><strong><em>τὸ</em></strong></span> <span class='ocrx_word' id='word_1_38' title='bbox 1196 558 1522 611; x_wconf 79' lang='grc' dir='ltr'><strong><em>στυππειοπώλης</em></strong></span> <span class='ocrx_word' id='word_1_39' title='bbox 1553 554 1666 598; x_wconf 81' lang='grc' dir='ltr'><strong><em>εἶναι.</em></strong></span> <span class='ocrx_word' id='word_1_40' title='bbox 1728 558 1777 598; x_wconf 84' lang='lat' dir='ltr'><strong><em>cf.</em></strong></span> 
     </span>
     <span class='ocr_line' id='line_1_6' title="bbox 200 619 1777 673; baseline -0.002 -13"><span class='ocrx_word' id='word_1_41' title='bbox 200 620 407 672; x_wconf 74' lang='lat' dir='ltr'><strong>Aristoph.</strong></span> <span class='ocrx_word' id='word_1_42' title='bbox 438 622 488 661; x_wconf 85' lang='lat' dir='ltr'><strong><em>fr.</em></strong></span> <span class='ocrx_word' id='word_1_43' title='bbox 521 623 619 662; x_wconf 89' lang='grc'><strong>696.</strong></span> <span class='ocrx_word' id='word_1_44' title='bbox 669 622 846 661; x_wconf 79' lang='lat' dir='ltr'><strong>dubitari</strong></span> <span class='ocrx_word' id='word_1_45' title='bbox 877 635 956 662; x_wconf 90' lang='lat' dir='ltr'><strong><em>non</em></strong></span> <span class='ocrx_word' id='word_1_46' title='bbox 981 622 1115 673; x_wconf 73' lang='lat' dir='ltr'><strong>potest</strong></span> <span class='ocrx_word' id='word_1_47' title='bbox 1140 620 1239 672; x_wconf 88' lang='lat' dir='ltr'><strong>quin</strong></span> <span class='ocrx_word' id='word_1_48' title='bbox 1270 620 1378 671; x_wconf 86' lang='lat' dir='ltr'><strong>apud</strong></span> <span class='ocrx_word' id='word_1_49' title='bbox 1403 619 1651 670; x_wconf 79' lang='lat' dir='ltr'><strong>Hesychium</strong></span> <span class='ocrx_word' id='word_1_50' title='bbox 1679 631 1777 670; x_wconf 87' lang='lat' dir='ltr'>quo-</span> 
     </span>
     <span class='ocr_line' id='line_1_7' title="bbox 200 680 796 734; baseline 0.002 -13"><span class='ocrx_word' id='word_1_51' title='bbox 200 693 279 733; x_wconf 84' lang='lat' dir='ltr'><strong><em>que</em></strong></span> <span class='ocrx_word' id='word_1_52' title='bbox 310 681 503 722; x_wconf 71' lang='lat' dir='ltr'><strong><em>Eum-ates</em></strong></span> <span class='ocrx_word' id='word_1_53' title='bbox 534 680 796 734; x_wconf 79' lang='lat' dir='ltr'><strong>significetur.</strong></span> 
     </span>
    </p>
   </div>
   <div class='ocr_carea' id='block_1_3' title="bbox 957 784 1017 828">
    <p class='ocr_par' dir='ltr' id='par_1_3' title="bbox 957 784 1017 828">
     <span class='ocr_line' id='line_1_8' title="bbox 957 784 1017 828; baseline 0 0"><span class='ocrx_word' id='word_1_54' title='bbox 957 784 1017 828; x_wconf 89' lang='lat'><strong><em>95</em></strong></span> 
     </span>
    </p>
   </div>
   <div class='ocr_carea' id='block_1_4' title="bbox 484 845 758 904">
    <p class='ocr_par' dir='ltr' id='par_1_4' title="bbox 484 845 758 904">
     <span class='ocr_line' id='line_1_9' title="bbox 484 845 758 904; baseline 0 -16"><span class='ocrx_word' id='word_1_55' title='bbox 484 845 726 888; x_wconf 81' lang='grc' dir='ltr'><strong><em>πανδαισία</em></strong></span> <span class='ocrx_word' id='word_1_56' title='bbox 755 901 758 904; x_wconf 80' lang='lat'>.</span> 
     </span>
    </p>
   </div>
   <div class='ocr_carea' id='block_1_5' title="bbox 201 928 1780 1164">
    <p class='ocr_par' dir='ltr' id='par_1_5' title="bbox 201 928 1780 1164">
     <span class='ocr_line' id='line_1_10' title="bbox 322 928 1778 986; baseline -0.001 -14"><span class='ocrx_word' id='word_1_57' title='bbox 322 931 619 983; x_wconf 63' lang='lat' dir='ltr'><strong>Harpocrassion</strong></span> <span class='ocrx_word' id='word_1_58' title='bbox 650 962 660 971; x_wconf 93' lang='lat'>.</span> <span class='ocrx_word' id='word_1_59' title='bbox 692 964 700 972; x_wconf 92' lang='lat'><strong><em>.</em></strong></span> <span class='ocrx_word' id='word_1_60' title='bbox 733 930 812 971; x_wconf 73' lang='grc' dir='ltr'><strong><em>ἔστι</em></strong></span> <span class='ocrx_word' id='word_1_61' title='bbox 836 928 908 983; x_wconf 79' lang='grc' dir='ltr'><strong><em>μὲν</em></strong></span> <span class='ocrx_word' id='word_1_62' title='bbox 938 928 1114 982; x_wconf 78' lang='grc' dir='ltr'><strong><em>τοῦνομα</em></strong></span> <span class='ocrx_word' id='word_1_63' title='bbox 1145 930 1375 979; x_wconf 83' lang='grc' dir='ltr'><strong><em>πολλάκις</em></strong></span> <span class='ocrx_word' id='word_1_64' title='bbox 1405 929 1472 971; x_wconf 76' lang='grc' dir='ltr'><strong><em>καὶ</em></strong></span> <span class='ocrx_word' id='word_1_65' title='bbox 1497 929 1541 971; x_wconf 80' lang='grc' dir='ltr'><strong><em>ἐν</em></strong></span> <span class='ocrx_word' id='word_1_66' title='bbox 1564 936 1610 986; x_wconf 78' lang='grc' dir='ltr'><strong><em>τῇ</em></strong></span> <span class='ocrx_word' id='word_1_67' title='bbox 1637 928 1778 985; x_wconf 75' lang='grc' dir='ltr'><strong><em>ἀρχαίᾳ</em></strong></span> 
     </span>
     <span class='ocr_line' id='line_1_11' title="bbox 201 988 1779 1048; baseline -0.001 -17"><span class='ocrx_word' id='word_1_68' title='bbox 201 991 403 1048; x_wconf 72' lang='grc' dir='ltr'><strong><em>κωμῳδίᾳ.</em></strong></span> <span class='ocrx_word' id='word_1_69' title='bbox 463 991 680 1031; x_wconf 81' lang='grc' dir='ltr'><strong><em>πανδαισία</em></strong></span> <span class='ocrx_word' id='word_1_70' title='bbox 712 989 756 1031; x_wconf 83' lang='grc' dir='ltr'><strong><em>δέ</em></strong></span> <span class='ocrx_word' id='word_1_71' title='bbox 786 990 864 1031; x_wconf 78' lang='grc' dir='ltr'><strong><em>ἐστι</em></strong></span> <span class='ocrx_word' id='word_1_72' title='bbox 895 989 937 1031; x_wconf 86' lang='grc' dir='ltr'><strong><em>τὸ</em></strong></span> <span class='ocrx_word' id='word_1_73' title='bbox 967 990 1097 1030; x_wconf 89' lang='grc' dir='ltr'><strong><em>πάντα</em></strong></span> <span class='ocrx_word' id='word_1_74' title='bbox 1128 989 1229 1043; x_wconf 73' lang='grc' dir='ltr'><strong><em>ἔχειν</em></strong></span> <span class='ocrx_word' id='word_1_75' title='bbox 1260 988 1429 1043; x_wconf 71' lang='grc' dir='ltr'><strong><em>ἄφθονα</em></strong></span> <span class='ocrx_word' id='word_1_76' title='bbox 1465 989 1532 1031; x_wconf 84' lang='grc' dir='ltr'><strong><em>καὶ</em></strong></span> <span class='ocrx_word' id='word_1_77' title='bbox 1562 988 1688 1043; x_wconf 82' lang='grc' dir='ltr'><strong><em>μηδὲν</em></strong></span> <span class='ocrx_word' id='word_1_78' title='bbox 1718 988 1779 1030; x_wconf 79' lang='grc' dir='ltr'><strong><em>ἐλ-</em></strong></span> 
     </span>
     <span class='ocr_line' id='line_1_12' title="bbox 202 1047 1779 1107; baseline 0 -16"><span class='ocrx_word' id='word_1_79' title='bbox 202 1051 349 1092; x_wconf 84' lang='grc' dir='ltr'><strong><em>λείπειν</em></strong></span> <span class='ocrx_word' id='word_1_80' title='bbox 367 1050 411 1092; x_wconf 62' lang='lat' dir='ltr'><strong><em>ev</em></strong></span> <span class='ocrx_word' id='word_1_81' title='bbox 429 1057 475 1107; x_wconf 77' lang='grc' dir='ltr'><strong><em>τῇ</em></strong></span> <span class='ocrx_word' id='word_1_82' title='bbox 496 1051 609 1091; x_wconf 82' lang='grc' dir='ltr'><strong><em>δαιτί.</em></strong></span> <span class='ocrx_word' id='word_1_83' title='bbox 646 1052 828 1103; x_wconf 74' lang='lat' dir='ltr'><strong>Apostol.</strong></span> <span class='ocrx_word' id='word_1_84' title='bbox 845 1053 884 1101; x_wconf 89' lang='lat'><strong><em>3,</em></strong></span> <span class='ocrx_word' id='word_1_85' title='bbox 904 1052 961 1090; x_wconf 88' lang='grc'><strong><em>40</em></strong></span> <span class='ocrx_word' id='word_1_86' title='bbox 983 1047 1157 1091; x_wconf 86' lang='grc' dir='ltr'><strong><em>Ἀπίὸων</em></strong></span> <span class='ocrx_word' id='word_1_87' title='bbox 1181 1051 1412 1103; x_wconf 79' lang='grc' dir='ltr'><strong><em>πανδαισία,</em></strong></span> <span class='ocrx_word' id='word_1_88' title='bbox 1436 1052 1463 1091; x_wconf 92' lang='lat' dir='ltr'><strong><em>i.</em></strong></span> <span class='ocrx_word' id='word_1_89' title='bbox 1482 1065 1515 1091; x_wconf 85' lang='lat' dir='ltr'><strong><em>e.</em></strong></span> <span class='ocrx_word' id='word_1_90' title='bbox 1535 1050 1720 1091; x_wconf 81' lang='lat' dir='ltr'><strong>convivia</strong></span> <span class='ocrx_word' id='word_1_91' title='bbox 1737 1051 1779 1090; x_wconf 89' lang='lat' dir='ltr'><strong><em>in</em></strong></span> 
     </span>
     <span class='ocr_line' id='line_1_13' title="bbox 202 1110 1780 1164; baseline -0.001 -13"><span class='ocrx_word' id='word_1_92' title='bbox 202 1112 390 1164; x_wconf 78' lang='lat' dir='ltr'><strong>Aegypto</strong></span> <span class='ocrx_word' id='word_1_93' title='bbox 410 1111 541 1163; x_wconf 88' lang='lat' dir='ltr'><strong>Apide</strong></span> <span class='ocrx_word' id='word_1_94' title='bbox 561 1114 721 1163; x_wconf 73' lang='lat' dir='ltr'><strong>reperto</strong></span> <span class='ocrx_word' id='word_1_95' title='bbox 741 1112 956 1152; x_wconf 80' lang='lat' dir='ltr'><strong>celebrata.</strong></span> <span class='ocrx_word' id='word_1_96' title='bbox 988 1111 1038 1151; x_wconf 83' lang='lat' dir='ltr'><strong><em>ad</em></strong></span> <span class='ocrx_word' id='word_1_97' title='bbox 1061 1111 1357 1152; x_wconf 85' lang='lat' dir='ltr'><strong>comoediamne</strong></span> <span class='ocrx_word' id='word_1_98' title='bbox 1382 1112 1612 1163; x_wconf 75' lang='lat' dir='ltr'><strong>pertineam:</strong></span> <span class='ocrx_word' id='word_1_99' title='bbox 1632 1110 1780 1151; x_wconf 83' lang='lat' dir='ltr'><strong>nescio.</strong></span> 
     </span>
    </p>
   </div>
   <div class='ocr_carea' id='block_1_6' title="bbox 483 1239 1017 1357">
    <p class='ocr_par' dir='ltr' id='par_1_6' title="bbox 483 1239 1017 1357">
     <span class='ocr_line' id='line_1_14' title="bbox 483 1239 1017 1357; baseline 0.002 -15"><span class='ocrx_word' id='word_1_100' title='bbox 483 1298 889 1357; x_wconf 79' lang='grc' dir='ltr'><strong><em>παρημπολημένον</em></strong></span> <span class='ocrx_word' id='word_1_101' title='bbox 959 1239 1017 1282; x_wconf 76' lang='grc'><strong><em>96</em></strong></span> 
     </span>
    </p>
   </div>
   <div class='ocr_carea' id='block_1_7' title="bbox 319 1386 1777 1440">
    <p class='ocr_par' dir='ltr' id='par_1_7' title="bbox 319 1386 1777 1440">
     <span class='ocr_line' id='line_1_15' title="bbox 319 1386 1777 1440; baseline 0.001 -13"><span class='ocrx_word' id='word_1_102' title='bbox 319 1387 463 1427; x_wconf 86' lang='lat' dir='ltr'>Pollux</span> <span class='ocrx_word' id='word_1_103' title='bbox 483 1388 522 1439; x_wconf 88' lang='lat'><strong><em>3,</em></strong></span> <span class='ocrx_word' id='word_1_104' title='bbox 542 1388 611 1427; x_wconf 90' lang='grc'><strong><em>56.</em></strong></span> <span class='ocrx_word' id='word_1_105' title='bbox 656 1387 706 1427; x_wconf 85' lang='lat' dir='ltr'><strong><em>cf.</em></strong></span> <span class='ocrx_word' id='word_1_106' title='bbox 727 1388 796 1427; x_wconf 88' lang='lat'><strong><em>83.</em></strong></span> <span class='ocrx_word' id='word_1_107' title='bbox 838 1386 993 1440; x_wconf 77' lang='grc' dir='ltr'><strong><em>γάμους</em></strong></span> <span class='ocrx_word' id='word_1_108' title='bbox 1023 1389 1281 1439; x_wconf 77' lang='grc' dir='ltr'><strong><em>παρεμπολᾶν</em></strong></span> <span class='ocrx_word' id='word_1_109' title='bbox 1313 1390 1376 1427; x_wconf 78' lang='lat' dir='ltr'><strong><em>est</em></strong></span> <span class='ocrx_word' id='word_1_110' title='bbox 1394 1387 1535 1438; x_wconf 85' lang='lat' dir='ltr'><strong>Eurip.</strong></span> <span class='ocrx_word' id='word_1_111' title='bbox 1554 1387 1657 1428; x_wconf 80' lang='lat' dir='ltr'><strong>Med.</strong></span> <span class='ocrx_word' id='word_1_112' title='bbox 1680 1390 1777 1428; x_wconf 88' lang='grc'><strong>910.</strong></span> 
     </span>
    </p>
   </div>
   <div class='ocr_carea' id='block_1_8' title="bbox 483 1504 1014 1620">
    <p class='ocr_par' dir='ltr' id='par_1_8' title="bbox 483 1504 1014 1620">
     <span class='ocr_line' id='line_1_16' title="bbox 483 1504 1014 1620; baseline 0.002 -14"><span class='ocrx_word' id='word_1_113' title='bbox 483 1564 732 1620; x_wconf 78' lang='grc' dir='ltr'><strong><em>πορνότριψ</em></strong></span> <span class='ocrx_word' id='word_1_114' title='bbox 958 1504 1014 1547; x_wconf 68' lang='grc'><strong><em>97</em></strong></span> 
     </span>
    </p>
   </div>
   <div class='ocr_carea' id='block_1_9' title="bbox 199 1647 1777 1823">
    <p class='ocr_par' dir='ltr' id='par_1_9' title="bbox 199 1647 1777 1823">
     <span class='ocr_line' id='line_1_17' title="bbox 318 1647 1777 1707; baseline 0.003 -19"><span class='ocrx_word' id='word_1_115' title='bbox 318 1650 492 1690; x_wconf 83' lang='lat' dir='ltr'><strong>Thomas</strong></span> <span class='ocrx_word' id='word_1_116' title='bbox 524 1651 630 1702; x_wconf 80' lang='lat' dir='ltr'>Mag.</span> <span class='ocrx_word' id='word_1_117' title='bbox 657 1652 758 1702; x_wconf 83' lang='lat'><strong><em>291,</em></strong></span> <span class='ocrx_word' id='word_1_118' title='bbox 794 1651 845 1690; x_wconf 89' lang='lat'><strong><em>15</em></strong></span> <span class='ocrx_word' id='word_1_119' title='bbox 866 1650 913 1689; x_wconf 86' lang='lat' dir='ltr'><strong><em>R.</em></strong></span> <span class='ocrx_word' id='word_1_120' title='bbox 944 1649 1196 1703; x_wconf 79' lang='grc' dir='ltr'><strong><em>πορνοκόπος</em></strong></span> <span class='ocrx_word' id='word_1_121' title='bbox 1215 1649 1461 1704; x_wconf 80' lang='grc' dir='ltr'><strong><em>Μένανδρος</em></strong></span> <span class='ocrx_word' id='word_1_122' title='bbox 1480 1650 1581 1705; x_wconf 77' lang='grc' dir='ltr'><strong><em>λέγει</em></strong></span> <span class='ocrx_word' id='word_1_123' title='bbox 1606 1647 1777 1707; x_wconf 84' lang='grc'>(1057),</span> 
     </span>
     <span class='ocr_line' id='line_1_18' title="bbox 200 1705 1776 1764; baseline 0.002 -15"><span class='ocrx_word' id='word_1_124' title='bbox 200 1708 242 1749; x_wconf 77' lang='grc' dir='ltr'><strong><em>οἰ</em></strong></span> <span class='ocrx_word' id='word_1_125' title='bbox 269 1705 306 1749; x_wconf 83' lang='grc' dir='ltr'><strong><em>δ’</em></strong></span> <span class='ocrx_word' id='word_1_126' title='bbox 341 1707 497 1762; x_wconf 81' lang='grc' dir='ltr'><strong><em>ἀρχαῖοι</em></strong></span> <span class='ocrx_word' id='word_1_127' title='bbox 528 1709 762 1762; x_wconf 83' lang='grc' dir='ltr'><strong><em>πορνότριψ.</em></strong></span> <span class='ocrx_word' id='word_1_128' title='bbox 810 1711 881 1750; x_wconf 91' lang='lat' dir='ltr'><strong><em>ubi</em></strong></span> <span class='ocrx_word' id='word_1_129' title='bbox 907 1709 950 1750; x_wconf 80' lang='grc' dir='ltr'><strong><em>οἱ</em></strong></span> <span class='ocrx_word' id='word_1_130' title='bbox 970 1708 1127 1764; x_wconf 80' lang='grc' dir='ltr'><strong><em>ἀρχαῖοι</em></strong></span> <span class='ocrx_word' id='word_1_131' title='bbox 1158 1713 1254 1751; x_wconf 75' lang='lat' dir='ltr'><strong>sunt</strong></span> <span class='ocrx_word' id='word_1_132' title='bbox 1277 1714 1422 1762; x_wconf 71' lang='lat' dir='ltr'><strong>poetae</strong></span> <span class='ocrx_word' id='word_1_133' title='bbox 1448 1713 1676 1752; x_wconf 81' lang='lat' dir='ltr'><strong>comoediae</strong></span> <span class='ocrx_word' id='word_1_134' title='bbox 1707 1726 1776 1752; x_wconf 87' lang='lat' dir='ltr'><strong><em>an—</em></strong></span> 
     </span>
     <span class='ocr_line' id='line_1_19' title="bbox 199 1769 1422 1823; baseline 0.002 -15"><span class='ocrx_word' id='word_1_135' title='bbox 199 1770 348 1821; x_wconf 78' lang='lat' dir='ltr'><strong>tiquae.</strong></span> <span class='ocrx_word' id='word_1_136' title='bbox 396 1769 619 1822; x_wconf 82' lang='grc' dir='ltr'><strong><em>πορνότριψ</em></strong></span> <span class='ocrx_word' id='word_1_137' title='bbox 650 1772 712 1810; x_wconf 73' lang='lat' dir='ltr'><strong><em>est</em></strong></span> <span class='ocrx_word' id='word_1_138' title='bbox 743 1770 865 1810; x_wconf 75' lang='lat' dir='ltr'><strong>etiam</strong></span> <span class='ocrx_word' id='word_1_139' title='bbox 895 1771 1067 1811; x_wconf 84' lang='lat' dir='ltr'><strong>Bekker.</strong></span> <span class='ocrx_word' id='word_1_140' title='bbox 1098 1771 1249 1811; x_wconf 82' lang='lat' dir='ltr'><strong>Anecd.</strong></span> <span class='ocrx_word' id='word_1_141' title='bbox 1284 1773 1351 1823; x_wconf 86' lang='lat'><strong><em>12,</em></strong></span> <span class='ocrx_word' id='word_1_142' title='bbox 1386 1774 1422 1812; x_wconf 93' lang='lat'><strong><em>1.</em></strong></span> 
     </span>
    </p>
   </div>
   <div class='ocr_carea' id='block_1_10' title="bbox 486 1887 1016 2002">
    <p class='ocr_par' dir='ltr' id='par_1_10' title="bbox 486 1887 1016 2002">
     <span class='ocr_line' id='line_1_20' title="bbox 959 1887 1016 1930; baseline 0.018 -1"><span class='ocrx_word' id='word_1_143' title='bbox 959 1887 1016 1930; x_wconf 89' lang='lat'><strong><em>98</em></strong></span> 
     </span>
     <span class='ocr_line' id='line_1_21' title="bbox 486 1946 811 2002; baseline 0.003 -14"><span class='ocrx_word' id='word_1_144' title='bbox 486 1946 782 2002; x_wconf 80' lang='grc' dir='ltr'><strong><em>σκηνοποιούς</em></strong></span> <span class='ocrx_word' id='word_1_145' title='bbox 802 1973 811 1980; x_wconf 61' lang='grc'><strong>«</strong></span> 
     </span>
    </p>
   </div>
   <div class='ocr_carea' id='block_1_11' title="bbox 201 2018 1774 2134">
    <p class='ocr_par' dir='ltr' id='par_1_11' title="bbox 201 2018 1774 2134">
     <span class='ocr_line' id='line_1_22' title="bbox 319 2018 1774 2078; baseline 0.003 -18"><span class='ocrx_word' id='word_1_146' title='bbox 319 2018 413 2068; x_wconf 78' lang='grc' dir='ltr'><strong><em>τοὺς</em></strong></span> <span class='ocrx_word' id='word_1_147' title='bbox 443 2020 741 2073; x_wconf 82' lang='grc' dir='ltr'><strong><em>μηχανοποιοὺς</em></strong></span> <span class='ocrx_word' id='word_1_148' title='bbox 770 2018 796 2072; x_wconf 86' lang='grc' dir='ltr'><em>ἡ</em></span> <span class='ocrx_word' id='word_1_149' title='bbox 823 2020 972 2061; x_wconf 84' lang='grc' dir='ltr'><strong><em>παλαιὰ</em></strong></span> <span class='ocrx_word' id='word_1_150' title='bbox 996 2021 1183 2078; x_wconf 79' lang='grc' dir='ltr'><strong><em>κωμῳδία</em></strong></span> <span class='ocrx_word' id='word_1_151' title='bbox 1209 2018 1421 2074; x_wconf 84' lang='grc' dir='ltr'><strong><em>ὠνόμαζεν.</em></strong></span> <span class='ocrx_word' id='word_1_152' title='bbox 1455 2023 1597 2063; x_wconf 83' lang='lat' dir='ltr'>Pollux</span> <span class='ocrx_word' id='word_1_153' title='bbox 1619 2027 1657 2074; x_wconf 84' lang='lat'><strong><em>7,</em></strong></span> <span class='ocrx_word' id='word_1_154' title='bbox 1679 2026 1774 2065; x_wconf 89' lang='grc'><strong>189.</strong></span> 
     </span>
     <span class='ocr_line' id='line_1_23' title="bbox 201 2078 993 2134; baseline 0.004 -15"><span class='ocrx_word' id='word_1_155' title='bbox 201 2079 416 2132; x_wconf 83' lang='grc' dir='ltr'><strong><em>σκηνικοὺς</em></strong></span> <span class='ocrx_word' id='word_1_156' title='bbox 447 2079 491 2120; x_wconf 76' lang='grc' dir='ltr'><strong><em>οἱ</em></strong></span> <span class='ocrx_word' id='word_1_157' title='bbox 515 2079 676 2122; x_wconf 82' lang='grc' dir='ltr'><strong><em>παλαιοὶ</em></strong></span> <span class='ocrx_word' id='word_1_158' title='bbox 706 2078 919 2134; x_wconf 82' lang='grc' dir='ltr'><strong><em>ὠνόμασαν</em></strong></span> <span class='ocrx_word' id='word_1_159' title='bbox 950 2081 993 2122; x_wconf 81' lang='lat' dir='ltr'><strong><em>O.</em></strong></span> 
     </span>
    </p>
   </div>
   <div class='ocr_carea' id='block_1_12' title="bbox 959 2198 1016 2241">
    <p class='ocr_par' dir='ltr' id='par_1_12' title="bbox 959 2198 1016 2241">
     <span class='ocr_line' id='line_1_24' title="bbox 959 2198 1016 2241; baseline 0.018 -1"><span class='ocrx_word' id='word_1_160' title='bbox 959 2198 1016 2241; x_wconf 87' lang='lat'><strong><em>99</em></strong></span> 
     </span>
    </p>
   </div>
   <div class='ocr_carea' id='block_1_13' title="bbox 484 2269 874 2327">
    <p class='ocr_par' dir='ltr' id='par_1_13' title="bbox 484 2269 874 2327">
     <span class='ocr_line' id='line_1_25' title="bbox 484 2269 874 2327; baseline -0.003 -14"><span class='ocrx_word' id='word_1_161' title='bbox 484 2269 874 2327; x_wconf 78' lang='grc' dir='ltr'><strong><em>τυραννοδαίμονα</em></strong></span> 
     </span>
    </p>
   </div>
   <div class='ocr_carea' id='block_1_14' title="bbox 199 2348 1776 2526">
    <p class='ocr_par' dir='ltr' id='par_1_14' title="bbox 199 2348 1776 2526">
     <span class='ocr_line' id='line_1_26' title="bbox 290 2348 1775 2411; baseline 0.003 -16"><span class='ocrx_word' id='word_1_162' title='bbox 290 2348 372 2407; x_wconf 50' lang='grc' dir='ltr'><strong><em>1’ἣν</em></strong></span> <span class='ocrx_word' id='word_1_163' title='bbox 421 2354 497 2396; x_wconf 77' lang='grc' dir='ltr'><strong><em>οὐκ</em></strong></span> <span class='ocrx_word' id='word_1_164' title='bbox 541 2353 593 2396; x_wconf 72' lang='grc' dir='ltr'><strong><em>ἅν</em></strong></span> <span class='ocrx_word' id='word_1_165' title='bbox 641 2370 698 2404; x_wconf 85' lang='grc' dir='ltr'><strong><em>τις</em></strong></span> <span class='ocrx_word' id='word_1_166' title='bbox 740 2355 937 2409; x_wconf 81' lang='grc' dir='ltr'><strong><em>τύραννον</em></strong></span> <span class='ocrx_word' id='word_1_167' title='bbox 987 2355 1113 2408; x_wconf 86' lang='grc' dir='ltr'><strong><em>μόνον</em></strong></span> <span class='ocrx_word' id='word_1_168' title='bbox 1163 2357 1289 2409; x_wconf 83' lang='grc' dir='ltr'><strong><em>εἴποι,</em></strong></span> <span class='ocrx_word' id='word_1_169' title='bbox 1335 2356 1432 2398; x_wconf 83' lang='grc' dir='ltr'><strong><em>ἀλλὰ</em></strong></span> <span class='ocrx_word' id='word_1_170' title='bbox 1482 2356 1547 2398; x_wconf 83' lang='grc' dir='ltr'><strong><em>καὶ</em></strong></span> <span class='ocrx_word' id='word_1_171' title='bbox 1593 2359 1775 2411; x_wconf 80' lang='grc' dir='ltr'><strong><em>δαίμονα.</em></strong></span> 
     </span>
     <span class='ocr_line' id='line_1_27' title="bbox 199 2412 1776 2515; baseline 0.004 -61"><span class='ocrx_word' id='word_1_172' title='bbox 199 2415 463 2515; x_wconf 51' lang='grc' dir='ltr'><strong><em>ἓεεγῗὴίζξ4</em></strong></span> <span class='ocrx_word' id='word_1_173' title='bbox 490 2412 735 2468; x_wconf 74' lang='lat' dir='ltr'><strong>,‘Aspasia.m</strong></span> <span class='ocrx_word' id='word_1_174' title='bbox 777 2417 908 2468; x_wconf 69' lang='lat' dir='ltr'><strong>dicere</strong></span> <span class='ocrx_word' id='word_1_175' title='bbox 952 2413 1140 2457; x_wconf 64' lang='lat' dir='ltr'><strong>videtur?</strong></span> <span class='ocrx_word' id='word_1_176' title='bbox 1197 2418 1316 2458; x_wconf 87' lang='lat' dir='ltr'><strong>Mein.</strong></span> <span class='ocrx_word' id='word_1_177' title='bbox 1385 2419 1434 2458; x_wconf 83' lang='lat' dir='ltr'><strong><em>cf.</em></strong></span> <span class='ocrx_word' id='word_1_178' title='bbox 1481 2419 1631 2459; x_wconf 77' lang='lat' dir='ltr'><strong>Cratin.</strong></span> <span class='ocrx_word' id='word_1_179' title='bbox 1677 2421 1776 2460; x_wconf 86' lang='lat'>241.</span> 
     </span>
     <span class='ocr_line' id='line_1_28' title="bbox 265 2487 474 2526; baseline 0.01 -12"><span class='ocrx_word' id='word_1_180' title='bbox 265 2487 317 2526; x_wconf 88' lang='lat' dir='ltr'><strong><em>po</em></strong></span> <span class='ocrx_word' id='word_1_181' title='bbox 336 2506 344 2514; x_wconf 94' lang='lat'><strong>.</strong></span> <span class='ocrx_word' id='word_1_182' title='bbox 466 2507 474 2516; x_wconf 96' lang='lat'>.</span> 
     </span>
    </p>
   </div>
   <div class='ocr_carea' id='block_1_15' title="bbox 485 2557 1029 2672">
    <p class='ocr_par' dir='ltr' id='par_1_15' title="bbox 485 2557 1029 2672">
     <span class='ocr_line' id='line_1_29' title="bbox 942 2557 1029 2600; baseline 0 0"><span class='ocrx_word' id='word_1_183' title='bbox 942 2557 1029 2600; x_wconf 92' lang='grc'><strong><em>100</em></strong></span> 
     </span>
     <span class='ocr_line' id='line_1_30' title="bbox 485 2615 711 2672; baseline 0.009 -14"><span class='ocrx_word' id='word_1_184' title='bbox 485 2615 711 2672; x_wconf 84' lang='grc' dir='ltr'><strong><em>ὑπόχυτον</em></strong></span> 
     </span>
    </p>
   </div>
   <div class='ocr_carea' id='block_1_16' title="bbox 321 2688 1774 2758">
    <p class='ocr_par' dir='ltr' id='par_1_16' title="bbox 321 2688 1774 2758">
     <span class='ocr_line' id='line_1_31' title="bbox 321 2688 1774 2758; baseline 0.006 -18"><span class='ocrx_word' id='word_1_185' title='bbox 321 2701 463 2742; x_wconf 83' lang='lat' dir='ltr'>Pollux</span> <span class='ocrx_word' id='word_1_186' title='bbox 484 2703 524 2754; x_wconf 88' lang='lat'><strong><em>3,</em></strong></span> <span class='ocrx_word' id='word_1_187' title='bbox 544 2703 612 2743; x_wconf 86' lang='grc'><strong><em>56.</em></strong></span> <span class='ocrx_word' id='word_1_188' title='bbox 655 2703 705 2742; x_wconf 84' lang='lat' dir='ltr'><strong><em>cf.</em></strong></span> <span class='ocrx_word' id='word_1_189' title='bbox 726 2704 795 2743; x_wconf 88' lang='lat'><strong><em>83.</em></strong></span> <span class='ocrx_word' id='word_1_190' title='bbox 832 2688 1068 2755; x_wconf 69' lang='lat' dir='ltr'><strong>metaphora.</strong></span> <span class='ocrx_word' id='word_1_191' title='bbox 1094 2717 1118 2743; x_wconf 86' lang='lat' dir='ltr'>a</span> <span class='ocrx_word' id='word_1_192' title='bbox 1142 2704 1234 2744; x_wconf 86' lang='lat' dir='ltr'><strong>vino</strong></span> <span class='ocrx_word' id='word_1_193' title='bbox 1269 2705 1407 2755; x_wconf 80' lang='lat' dir='ltr'><strong>petita.</strong></span> <span class='ocrx_word' id='word_1_194' title='bbox 1452 2706 1501 2745; x_wconf 80' lang='lat' dir='ltr'><strong><em>cf.</em></strong></span> <span class='ocrx_word' id='word_1_195' title='bbox 1530 2706 1678 2758; x_wconf 87' lang='lat' dir='ltr'><strong>Phryn.</strong></span> <span class='ocrx_word' id='word_1_196' title='bbox 1707 2710 1774 2748; x_wconf 84' lang='lat'><strong><em>65.</em></strong></span> 
     </span>
    </p>
   </div>
   <div class='ocr_carea' id='block_1_17' title="bbox 487 2820 1026 2934">
    <p class='ocr_par' dir='ltr' id='par_1_17' title="bbox 487 2820 1026 2934">
     <span class='ocr_line' id='line_1_32' title="bbox 946 2820 1026 2864; baseline 0 -1"><span class='ocrx_word' id='word_1_197' title='bbox 946 2820 1026 2864; x_wconf 90' lang='grc'><strong><em>101</em></strong></span> 
     </span>
     <span class='ocr_line' id='line_1_33' title="bbox 487 2878 642 2934; baseline 0.006 -14"><span class='ocrx_word' id='word_1_198' title='bbox 487 2878 642 2934; x_wconf 80' lang='grc' dir='ltr'><strong><em>φειὸός</em></strong></span> 
     </span>
    </p>
   </div>
   <div class='ocr_carea' id='block_1_18' title="bbox 276 2963 1774 3083">
    <p class='ocr_par' dir='ltr' id='par_1_18' title="bbox 276 2963 1774 3083">
     <span class='ocr_line' id='line_1_34' title="bbox 323 2963 1774 3021; baseline 0.004 -18"><span class='ocrx_word' id='word_1_199' title='bbox 323 2963 562 3004; x_wconf 72' lang='lat' dir='ltr'><strong>Eustathius</strong></span> <span class='ocrx_word' id='word_1_200' title='bbox 594 2966 693 3016; x_wconf 81' lang='lat'><strong><em>537,</em></strong></span> <span class='ocrx_word' id='word_1_201' title='bbox 725 2966 780 3005; x_wconf 87' lang='lat'><strong><em>39</em></strong></span> <span class='ocrx_word' id='word_1_202' title='bbox 824 2964 931 3018; x_wconf 84' lang='grc' dir='ltr'><strong><em>παρὰ</em></strong></span> <span class='ocrx_word' id='word_1_203' title='bbox 961 2964 1004 3005; x_wconf 88' lang='grc' dir='ltr'><strong><em>τὸ</em></strong></span> <span class='ocrx_word' id='word_1_204' title='bbox 1037 2964 1128 3006; x_wconf 85' lang='grc' dir='ltr'><strong><em>δέον</em></strong></span> <span class='ocrx_word' id='word_1_205' title='bbox 1159 2964 1443 3021; x_wconf 81' lang='grc' dir='ltr'><strong><em>ἀνελεύθερος,</em></strong></span> <span class='ocrx_word' id='word_1_206' title='bbox 1474 2966 1541 3008; x_wconf 83' lang='grc' dir='ltr'><strong><em>καὶ</em></strong></span> <span class='ocrx_word' id='word_1_207' title='bbox 1571 2968 1668 3009; x_wconf 83' lang='grc' dir='ltr'><strong><em>κατὰ</em></strong></span> <span class='ocrx_word' id='word_1_208' title='bbox 1698 2984 1774 3010; x_wconf 85' lang='grc' dir='ltr'><strong><em>πα-</em></strong></span> 
     </span>
     <span class='ocr_line' id='line_1_35' title="bbox 276 3035 1486 3083; baseline 0.007 -21"><span class='ocrx_word' id='word_1_209' title='bbox 276 3035 391 3083; x_wconf 62' lang='lat' dir='ltr'><strong>Comici</strong></span> <span class='ocrx_word' id='word_1_210' title='bbox 410 3038 522 3071; x_wconf 71' lang='lat' dir='ltr'><strong><em>graeci,</em></strong></span> <span class='ocrx_word' id='word_1_211' title='bbox 541 3038 587 3065; x_wconf 82' lang='lat' dir='ltr'><strong><em>ed.</em></strong></span> <span class='ocrx_word' id='word_1_212' title='bbox 607 3038 662 3065; x_wconf 70' lang='lat' dir='ltr'><strong><em>Th.</em></strong></span> <span class='ocrx_word' id='word_1_213' title='bbox 681 3039 778 3066; x_wconf 83' lang='lat' dir='ltr'><strong>Kook.</strong></span> <span class='ocrx_word' id='word_1_214' title='bbox 797 3039 855 3066; x_wconf 89' lang='grc' dir='ltr'><strong><em>ΠΙ.</em></strong></span> <span class='ocrx_word' id='word_1_215' title='bbox 1442 3039 1486 3071; x_wconf 83' lang='grc'><strong><em>27</em></strong></span> 
     </span>
    </p>
   </div>
  </div>
 </body>
</html>
