2014 3334
323 250 409 292 638
620 234 623 238 ¹
980 254 1241 287 ΑΔΕΣΠΟΤΑ

1049 373 1164 415 1360

606 433 870 486 Κυνόφαλοι
1444 459 1468 483 ο

438 516 674 568 Κορίνθιοι,
711 517 832 568 φυλή.
863 518 1098 569 Hesychius.
1148 517 1372 568 κυνόφυλοι
1403 518 1453 558 Is.
1481 519 1598 559 Voss.
1646 509 1892 569 κυνόφαλλοι

323 575 452 627 Mein,
492 575 770 616 Corinthiacae
809 577 940 616 tribus
977 590 1121 616 nomen
1153 590 1177 616 a
1208 578 1356 617 comico
1393 581 1513 628 poeta
1555 578 1721 617 ridicule
1752 579 1891 618 fictum

323 647 409 673 esse
441 636 490 673 ad
522 636 710 675 libidines
742 636 1038 676 Corinthiorum
1070 637 1301 675 inridendas
1333 639 1525 676 statuens.
1576 637 1645 676 sed
1677 651 1749 687 pro
1780 636 1889 689 φυλή

321 694 359 732 N
362 695 528 734 auckius
552 694 741 746 Φιλήμων
762 696 966 746 Aristoph.
981 697 1075 747 Byz.
1097 698 1180 736 238
1201 710 1239 735 n.
1260 698 1299 744 4,
1318 697 1369 735 ad
1387 697 1631 736 Philemonis
1651 697 1891 736 Corinthiam

321 754 496 804 glossam
533 755 725 805 referens,
761 751 931 794 Ῥίνθων
945 771 950 779 ’κ
968 754 1116 805 φλύακι
1151 756 1203 795 Μ.
1242 755 1433 794 Schmidt.
1489 755 1708 806 ἰθύφαλλοι
1743 756 1890 796 Naber.

321 813 464 852 Mnem.
490 814 589 852 VIII
622 816 718 854 434.
770 827 832 853 res
863 828 1028 865 prorsus
1061 815 1226 854 incerta.

1049 931 1161 973 1361

605 991 752 1031 λαιλαι

439 1060 606 1114 Photius
649 1072 734 1114 κατ’
776 1073 987 1126 ἀποκοπὴν
1026 1074 1089 1114 ἐπὶ
1126 1081 1194 1127 τῆς
1232 1075 1511 1129 αἰσχρολογίας.
1559 1076 1783 1128 Hesychius
1808 1077 1887 1116 λαί·

322 1131 385 1171 ἐπὶ
416 1138 485 1185 τῆς
517 1134 803 1188 αἰσχρουργίας.
854 1135 1081 1174 comoediae
1114 1148 1198 1174 esse
1230 1136 1399 1175 coniecit
1428 1136 1644 1175 Nauekius.
1677 1136 1828 1176 dubito.

1048 1251 1163 1293 1362

606 1309 997 1365 λακκοσκαπέρδαν

437 1396 605 1435 Photius
638 1398 736 1443 204,
771 1398 824 1435 14
869 1394 956 1435 ἀντὶ
995 1400 1066 1435 τοῦ
1104 1395 1405 1448 λακκόπρωκτον
1441 1394 1468 1448 ἢ
1499 1394 1620 1449 μέγαν
1653 1396 1886 1449 σκάπερδον.

319 1454 542 1505 Hesychius
587 1455 950 1507 λακκοσκάπερδον·
994 1454 1308 1508 λακκόπρωκτον.
1356 1457 1470 1495 indic.
1511 1457 1664 1496 Nauck.
1736 1457 1806 1496 sed
1837 1457 1886 1495 cf.

317 1514 489 1564 Hippon.
527 1518 546 1552 1
581 1515 730 1565 Bergk.
762 1518 868 1554 certe
901 1516 1029 1554 altera
1059 1516 1168 1555 vocis
1200 1529 1294 1566 pars
1325 1516 1551 1555 comoediae
1582 1516 1730 1566 ignota.

1049 1643 1161 1686 1363

605 1700 871 1757 λακκοσχέας

436 1787 604 1826 Photius
647 1786 740 1835 τοὺς
772 1786 1013 1838 καθειμένον
1044 1787 1203 1840 ἔχοντας
1234 1787 1303 1828 τὸν
1329 1786 1478 1840 ὀσχεόν,
1510 1787 1532 1827 ὅ
1557 1786 1635 1828 ἔστι
1664 1794 1742 1828 τῶν
1774 1788 1885 1829 διδύ-

319 1860 405 1897 μων
437 1840 506 1900 (cf.
538 1847 640 1886 Plat.
672 1860 770 1886 com.
799 1850 896 1899 174,
930 1842 1005 1901 13)
1037 1846 1207 1901 ἀγγεῖον.
1255 1849 1361 1887 idem
1391 1850 1657 1899 λακκοσχεῶν·
1687 1851 1884 1900 μαλακῶν.

287 1955 289 1957 q
318 1906 463 1944 Pollux
497 1908 534 1956 2,
569 1909 651 1946 172
684 1905 726 1946 τὸ
757 1912 835 1946 τῶν
867 1904 1014 1959 ὄρχεων
1044 1904 1071 1959 ἣ
1103 1906 1282 1959 διδύμων
1318 1906 1476 1960 ἀγγεῖον
1507 1905 1667 1959 ὅσχεόν.
1688 1939 1697 1947 .
1718 1939 1726 1947 .
1744 1906 1812 1947 τὸν
1843 1905 1886 1947 δὲ

316 1963 377 2004 ἀεὶ
414 1967 568 2021 χαλαρῷ
612 1965 736 2021 τούτῳ
780 1964 1019 2019 κεχρημένον
1056 1965 1294 2019 λακκοσχέαν
1328 1964 1537 2018 Ἀθηναῖοι
1577 1970 1776 2007 καλοῦσιν.
1837 1967 1884 2007 cf.

317 2024 491 2075 Hesych.
523 2024 808 2076 λακκό[σ]πεδα
835 2029 875 2065 et
895 2026 1092 2066 Strecker.
1125 2027 1183 2065 De
1205 2027 1401 2078 Lycophr.
1417 2027 1661 2077 Euphronio,
1680 2027 1885 2066 Eratosth.
1935 2052 1937 2055 v

319 2085 386 2123 54.
437 2084 576 2124 dubito
616 2098 662 2124 ex
699 2086 985 2137 iambographo
1024 2099 1073 2124 an
1112 2099 1158 2125 ex
1196 2087 1346 2126 comico
1387 2086 1521 2137 aliquo
1559 2088 1786 2136 excerptum
1821 2086 1884 2125 sit.

315 2156 412 2182 usus
445 2146 507 2183 est
538 2157 583 2183 eo
612 2145 772 2183 nomine
804 2145 927 2184 etiam
957 2145 1157 2185 Lucianus
1188 2146 1351 2196 Lexiph.
1386 2147 1452 2184 12.

1045 2261 1160 2304 1364

601 2320 839 2377 λάσταυροι

434 2405 658 2456 Hesychius
703 2405 746 2445 οἷ
783 2404 872 2456 περὶ
909 2404 976 2445 τὸν
1014 2404 1132 2458 ὄρρον
1171 2406 1301 2453 δασεῖς
1343 2403 1410 2444 καὶ
1445 2404 1585 2458 πόρνοι
1625 2402 1726 2452 τινὲς
1763 2401 1882 2452 ὄντες.

315 2464 525 2515 λάσταυροι
562 2466 667 2504 Flor.
700 2464 864 2516 Christ]
911 2465 1120 2517 λάσταρνοι
1157 2466 1241 2505 cod.
1296 2461 1483 2505 ‘comicus
1527 2467 1631 2504 teste
1669 2465 1881 2504 Eustathio

318 2526 413 2575 259,
447 2520 500 2564 4'.
533 2525 585 2564 M.
618 2524 807 2564 Schmidt.
841 2528 884 2564 at
914 2525 1150 2566 Eustathius
1180 2529 1324 2576 ταῦρος
1353 2523 1420 2563 καὶ
1449 2522 1491 2563 τὸ
1523 2522 1601 2563 ὑπὸ
1632 2523 1700 2563 τὸν
1731 2521 1882 2575 ὄσχεόν,

316 2581 414 2622 ὅθεν
450 2582 517 2622 καὶ
554 2583 770 2638 λάσταυρος
807 2581 828 2623 ὅ
859 2584 993 2631 λάσιος
1023 2583 1092 2624 τὸν
1127 2590 1307 2624 τοιοῦτον
1338 2589 1506 2636 ταῦρον,
1543 2585 1591 2623 de
1623 2583 1773 2622 comica
1803 2583 1881 2622 ori-

313 2643 405 2692 gine
436 2643 548 2682 nihil.

600 2784 923 2839 λεοντόκρανον

429 2864 686 2919 Ἀμαζονικὸν
712 2867 846 2908 ὅπλον.
877 2869 1115 2920 Hesychius.
1146 2869 1272 2908 leonis
1298 2870 1421 2919 caput
1437 2881 1655 2920 numquam
1678 2868 1719 2906 in
1737 2881 1879 2907 monu-

318 2927 460 2966 mentis
493 2928 668 2978 antiquis
700 2929 760 2967 ita
790 2929 957 2978 reperiri
987 2941 1152 2968 monens·
1182 2928 1403 2967 Meinekius
1423 2920 1568 2968 Philol.
1585 2927 1683 2966 XIII
1704 2928 1801 2967 511.
1825 2929 1877 2967 12
