2014 3334
250 236 271 275 1
278 236 337 276 84
593 237 596 241 ’
885 235 989 270 ΜΕΝ
991 233 1185 269 ΑΝΔΡΟΤ

996 366 1081 408 609

452 450 595 505 “Ήλιε,
627 447 676 493 σὲ
707 450 792 506 γὰρ
826 449 897 491 δεῖ
924 456 1196 505 προσκυνεῖν
1227 457 1404 507 πρῶτον
1434 454 1570 504 θεῶν,

464 518 523 565 δι’
559 521 612 564 ὃν
643 525 836 578 θεωρεῖν
869 522 961 564 ἔστι
992 523 1096 572 τοὺς
1128 522 1291 573 ἄλλους
1320 522 1468 572 θεούς.

369 609 552 649 Clemens
584 609 698 648 Alex.
730 609 860 648 Protr.
895 611 934 660 6,
968 610 1022 648 68
1067 611 1349 662 πεπλανῆσθαι
1385 613 1486 662 γοῦν
1524 606 1544 648 ὁ
1584 605 1826 661 Μένανδρός

249 685 317 721 μοι
349 669 463 709 δοκεῖ
488 667 592 709 ἔνθα
624 668 748 720 φησίν
779 671 856 709 κτλ.

993 762 1080 804 610

430 852 516 889 νῦν
550 844 589 888 δ’
627 843 721 902 ἕρπ’
759 842 831 888 ἀπ’
870 848 1007 888 οἴκων
1037 846 1195 888 τῶνδε·
1230 845 1312 901 τὴν
1343 851 1533 900 γυναῖκα
1563 844 1648 901 γὰρ

431 918 513 973 τὴν
546 916 744 974 σώφρον’
784 917 838 960 οὐ
870 918 941 960 δεῖ
968 917 1045 968 τὰς
1075 919 1226 974 τρίχας
1258 916 1425 968 ξανθὰς
1456 923 1611 960 ποιεῖν.

374 1004 555 1044 Clemens
582 1005 696 1044 Alex.
722 1005 842 1043 Paed.
871 1006 908 1055 3,
943 1007 981 1056 2,
1015 1006 1039 1044 6
1072 1002 1145 1055 τὴν
1178 1004 1446 1052 ξανθίζουσαν
1477 1002 1568 1051 τοὺς
1599 1002 1829 1055 πλοκάμους

252 1063 272 1104 ὁ
305 1063 475 1116 κωμικὸς
508 1062 750 1117 Μένανδρος
781 1064 898 1117 εἴργει
930 1069 999 1116 τῆς
1025 1063 1152 1112 οἰκίας
1176 1067 1252 1103 κτλ.
1318 1067 1355 1104 1.
1382 1060 1460 1116 ἔρρ’
1489 1060 1609 1103 Mein.
1629 1065 1671 1103 et
1690 1063 1828 1102 Cobet.

252 1126 301 1164 N.
321 1126 347 1163 1.
369 1127 436 1165 30.
488 1121 579 1165 ‘viri
610 1125 735 1165 verba
767 1126 861 1164 sunt
890 1137 1056 1164 uxorem
1087 1124 1355 1175 repudiantis:
1389 1126 1459 1169 exi,
1485 1125 1583 1164 vade
1607 1118 1745 1172 foras.'
1770 1145 1829 1150 -

258 1184 564 1240 παρατραγῳὸεἴ.
626 1185 765 1234 Eurip.
803 1185 942 1224 Helen.
975 1186 1060 1224 477
1107 1180 1190 1223 ἀλλ’
1239 1180 1347 1236 ἕρπ’,
1385 1179 1452 1230 ἀπ’
1501 1182 1635 1223 οἴκων.
1687 1183 1828 1223 flavus

253 1245 373 1284 crinis
405 1245 661 1284 meretricum
693 1246 790 1284 erat.
824 1244 934 1284 Serv.
968 1244 1002 1282 V
1007 1257 1088 1296 erg.
1120 1244 1219 1283 Aen.
1252 1245 1291 1295 4,
1326 1245 1421 1284 695.

1001 1373 1085 1415 611

467 1453 633 1498 ἅπανθ’
671 1456 753 1498 ὅσα
786 1458 833 1512 ζῇ
865 1454 939 1498 καὶ
969 1456 1048 1498 τὸν
1079 1456 1208 1511 ἥλιον
1238 1455 1389 1511 βλέπει

466 1528 546 1570 τὸν
577 1528 732 1570 κοινὸν
763 1527 885 1583 ἡμῖν,
919 1528 1060 1570 δοῦλα
1091 1525 1212 1570 ταῦτ’
1250 1524 1349 1570 ἔσθ’
1384 1527 1560 1583 ἡδονῆς.

373 1615 616 1653 Plutarchus
639 1615 735 1654 Mor.
758 1617 809 1653 21
827 1627 848 1653 c
880 1612 900 1653 ὁ
934 1612 976 1654 δὲ
1008 1612 1252 1666 Μένανδρος
1283 1613 1421 1667 ἐπῆρε.
1443 1646 1450 1654 .
1473 1613 1565 1665 ,τὴν
1591 1615 1831 1666 φιληδονίαν

253 1672 319 1713 καὶ
350 1672 605 1725 ὑπεχαύνωσε
637 1677 717 1721 τοῖς
749 1672 947 1725 ἐρωτικοῖς
977 1672 1043 1713 καὶ
1075 1673 1283 1727 διαπύροις
1316 1673 1480 1722 ἐκείνοις
1510 1677 1588 1714 κτλ.

1003 1803 1089 1845 612

468 1887 551 1941 ἔχω
584 1883 632 1928 δὲ
664 1886 835 1940 πολλὴν
867 1886 1027 1929 οὐσίαν
1059 1885 1131 1929 καὶ
1164 1887 1377 1937 πλούσιος

467 1953 654 2012 καλοῦμ’
689 1957 775 2000 ὑπὸ
808 1958 1003 2013 πάντων,
1035 1957 1249 2014 μακάριος
1282 1954 1323 2000 δ’
1358 1955 1433 2000 ὑπ’
1471 1958 1665 2010 οὐδενός.

372 2044 614 2083 Plutarchus
645 2045 744 2083 Mor.
778 2046 869 2083 25a
908 2042 1151 2098 Μένανδρος
1183 2047 1258 2084 κτλ.

1004 2173 1090 2216 613

468 2256 604 2298 καλὸν
636 2256 685 2297 τὸ
718 2257 866 2298 Κείων
897 2258 1087 2311 νόμιμόν
1120 2256 1225 2310 ἐστι,
1263 2259 1424 2299 Φανία·

469 2326 492 2370 ὁ
524 2327 582 2382 μὴ
616 2327 864 2382 δυνάμενος
897 2329 972 2382 ζῆν
1005 2330 1148 2378 καλῶς
1180 2328 1234 2370 οὐ
1268 2330 1315 2384 ζῇ
1347 2335 1501 2379 κακῶς.

376 2414 521 2453 Strabo
556 2416 623 2465 10,
656 2415 741 2453 486
788 2411 1033 2467 Μένανδρος
1064 2417 1140 2453 κτλ.
1191 2412 1420 2467 προσέταττε
1456 2414 1551 2467 γάρ,
1595 2412 1649 2462 ὡς
1687 2413 1828 2466 ἔοικεν,

255 2471 276 2513 ὅ
303 2473 424 2525 νόμος
449 2472 541 2520 τοὺς
571 2470 671 2527 ὑπὲρ
698 2471 887 2524 ἑξήκοντα
919 2471 982 2524 ἔτη
1015 2473 1224 2527 γεγονότας
1250 2474 1534 2522 κωνειάζεσθαι
1559 2480 1629 2514 τοῦ
1657 2475 1832 2528 διαρκεῖν

254 2536 335 2581 τοῖς
366 2530 498 2581 ἄλλοις
528 2531 601 2584 τὴν
633 2532 798 2585 τροφήν.
861 2533 1090 2584 Stephanus
1121 2534 1216 2585 Byz.
1245 2530 1412 2581 Ἰουλίς.
1435 2566 1441 2573 .
1465 2531 1584 2586 ,παρ’
1621 2530 1680 2582 οἷς
1711 2533 1832 2586 νόμος

255 2590 385 2644 ἐτέθη,
417 2590 470 2640 ὡς
489 2591 732 2646 Μένανδρος
751 2595 828 2632 κτλ.
879 2593 931 2633 ad
949 2591 1275 2645 Κωνειαζομένας
1298 2594 1498 2633 referebat
1517 2595 1665 2634 Naber.
1685 2594 1830 2634 Mnem.

255 2666 343 2692 nov.
377 2653 476 2691 VIII
510 2654 608 2704 424,
639 2653 752 2692 nulla
782 2653 1034 2693 necessitate.

1004 2769 1091 2812 614

472 2860 616 2903 κακῶς
648 2853 824 2896 ἀκούων
857 2840 976 2903 ὅστις
1009 2852 1091 2895 οὐκ
1123 2853 1353 2909 ὀργίζεται,

471 2926 688 2979 πονηρίας
718 2926 923 2979 πλείστης
954 2925 1190 2980 τεκμήριον
1221 2924 1358 2981 φέρει.
