2014 3334
242 240 298 281 56
796 213 801 215 ¹
874 233 1172 267 MENANAPOT

244 364 310 390 eos
338 363 434 401 quos
456 362 576 399 supra
604 345 1000 387 commemoravimus
1027 344 1191 395 Diogen.
1219 345 1256 393 6,
1277 345 1315 381 4.
1348 342 1512 394 Gregor.
1539 341 1658 392 Cypr.
1680 342 1718 388 2,
1746 342 1813 380 96.

244 410 357 449 Leid.
391 412 428 459 2,
463 410 529 447 64.
580 407 762 457 Apostol.
796 407 864 456 10,
897 405 965 443 80.
1015 403 1156 442 Arsen.
1191 403 1257 452 34,
1293 404 1358 441 11.
1401 402 1581 440 Boisson.
1614 399 1763 438 Anecd.
1794 400 1814 438 I

247 471 329 508 396
364 463 506 521 (λύκου
545 462 716 518 πτερόν).
772 466 941 504 fortasse
986 463 1107 502 etiam
1148 462 1271 502 verba
1313 466 1396 508 πῶς
1439 459 1513 513 γὰρ
1557 458 1607 499 ἂν
1635 460 1640 508 Ι
1668 456 1815 509 πτηνὸς

244 526 393 580 γένοιτό
433 540 489 573 τις
527 526 664 573 λύκος,
703 523 912 563 Menandri
951 524 1055 561 sunt.
1115 521 1316 572 reperitur
1353 522 1458 560 enim
1499 520 1605 571 apud
1644 518 1815 558 comicos

245 586 412 638 πτηνός,
443 586 512 625 ubi
543 585 670 625 oratio
704 596 825 634 supra
855 595 1015 622 soccum
1046 581 1263 620 adscendit.

996 708 1077 749 193

532 770 758 823 σιτοβόλια

367 860 520 908 ταμιεῖα
551 855 617 894 ἵνα
649 885 657 893 .
684 885 693 893 .
720 885 729 893 .
762 855 803 894 οἷ
829 854 959 906 πυροί.
1011 852 1052 892 ἕν
1084 851 1334 904 Μενάνδρου
1361 850 1567 908 Εὐνούχῳ.
1609 852 1752 891 Pollux
1780 854 1818 901 9,

252 920 321 956 44.
355 918 393 956 5.
455 917 613 954 Terent.
648 916 748 954 Eun.
789 917 835 965 2,
869 916 911 962 3,
948 915 999 953 19
1040 913 1195 952 confert
1233 911 1419 950 Grauert.
1457 912 1577 950 etiam
1616 911 1718 950 Poll.
1753 913 1819 961 10,

253 979 334 1016 137
380 973 486 1026 παρὰ
533 977 614 1021 τοῖς
657 972 858 1025 νεωτέροις
903 972 1031 1024 ρίσκοι
1074 972 1124 1011 ad
1166 971 1376 1010 Menandri
1419 971 1653 1010 Eunuchum
1694 971 1819 1009 refert

246 1035 469 1074 Meinekius
502 1035 602 1072 conl.
630 1034 788 1072 Terent.
821 1035 859 1082 4,
894 1035 931 1084 6,
966 1034 1018 1071 16
1051 1033 1118 1071 ubi
1148 1032 1285 1070 sitast?
1346 1031 1418 1069 Th.
1449 1032 1491 1069 in
1521 1032 1633 1075 risco,
1665 1030 1816 1068 coniec⁴

246 1098 340 1134 tura
371 1095 533 1133 incerta.
590 1094 638 1132 of.
671 1093 888 1142 Antiphan.
923 1093 1019 1132 130.
1051 1091 1252 1141 Posidipp.
1288 1092 1354 1129 10.

996 1231 1080 1272 194

529 1292 749 1347 τρόφιμον

370 1379 528 1417 Terent.
562 1380 600 1426 2,
633 1379 670 1428 2,
704 1367 757 1416 583
799 1378 906 1416 video
948 1378 1077 1416 erilem
1115 1378 1248 1425 filium
1287 1376 1474 1415 mino'rem
1513 1377 1586 1414 huc
1626 1376 1818 1414 advenire.

252 1440 433 1478 Donatus
465 1450 542 1476 non
565 1440 690 1485 potest
716 1437 917 1475 Terentius
947 1435 1141 1487 τρόφιμον
1159 1438 1322 1485 proprie
1347 1437 1486 1479 dicere,
1519 1438 1553 1473 et
1576 1435 1659 1473 ideo
1689 1435 1819 1472 erilem

253 1500 381 1546 filium
413 1499 512 1536 dicit.
570 1498 878 1535 consentaneum
910 1498 970 1534 est
1001 1496 1076 1535 hoo
1107 1496 1194 1546 ipso
1225 1495 1421 1534 vocabulo
1452 1507 1570 1533 usum
1604 1506 1690 1532 esse
1709 1494 1818 1532 Men·

256 1558 434 1596 andrum.
490 1556 605 1595 Phot.
636 1554 842 1607 τρόφιμος·
886 1552 906 1594 ὁ
938 1554 1165 1607 νεώτερος
1196 1552 1486 1605 οἰκοδεσπότης.

367 1616 580 1654 Praeterea
617 1615 667 1653 ad
707 1616 864 1653 Terent.
898 1617 941 1665 3,
974 1616 1018 1664 4,
1053 1617 1075 1653 1
1110 1615 1292 1653 Donatus
1331 1615 1421 1653 bene
1456 1615 1613 1652 inventa
1646 1624 1819 1662 persona

250 1679 314 1720 est,
347 1678 408 1714 cui
438 1678 572 1713 narret
597 1674 780 1718 Chaerea,
812 1687 861 1712 ne
890 1687 992 1713 unus
1017 1676 1085 1713 diu
1116 1676 1306 1723 loquatur,
1337 1677 1381 1712 ut
1409 1674 1515 1722 apud
1540 1673 1816 1711 Menandrum.

253 1735 303 1773 ad
330 1736 369 1786 5,
396 1736 434 1784 5,
461 1736 513 1773 31
549 1735 792 1781 quamobrem
822 1736 971 1782 insiqne
996 1735 1145 1782 aliquid
1175 1734 1319 1782 faceret
1348 1733 1454 1771 idem
1480 1732 1664 1770 Donatus
1694 1733 1818 1771 mani-

251 1796 386 1843 festius
416 1794 484 1832 hoe
508 1794 727 1832 Menander
760 1794 923 1842 explicat
952 1795 1033 1832 iam
1061 1795 1218 1842 pridem
1248 1794 1431 1841 infestum
1461 1794 1649 1830 meretrici
1679 1803 1817 1836 senem,

247 1857 338 1902 post
368 1856 589 1901 corruptum
621 1854 668 1891 ab
702 1865 746 1891 ea
777 1854 1031 1891 Phaedriam:
1061 1865 1164 1891 nunc
1189 1853 1341 1891 demum
1370 1864 1410 1891 se
1440 1853 1595 1891 inventa
1625 1852 1820 1890 occasione

252 1913 548 1951 vindicaturum.

927 2003 1143 2037 ΕΦΕΣΙΟΣ

373 2077 535 2116 Caecilii
569 2078 688 2116 Statii
719 2078 799 2116 fuit
828 2078 997 2126 Ephesio
1030 2080 1092 2118 vel
1125 2091 1200 2117 sec.
1232 2078 1490 2130 Spengelium
1521 2079 1728 2126 Ephesius.
1775 2075 1820 2115 Ο.

253 2136 445 2174 Ribbeck.
478 2136 586 2175 Com.
618 2137 663 2175 R.
696 2131 762 2175 fr.2
794 2138 863 2175 40.

468 2309 552 2363 ἐγὼ
585 2307 664 2364 μὲν
695 2310 779 2364 ἤδη
813 2326 888 2365 μοι
921 2311 1052 2364 δοκῶ,
1085 2311 1140 2365 νὴ
1173 2313 1276 2361 τοὺς
1306 2312 1456 2366 θεούς,

468 2380 516 2422 ἐν
546 2389 638 2432 τοῖς
668 2382 847 2432 κύκλοις
879 2382 1070 2437 ἐμαυτὸν
1101 2382 1365 2425 ἐκδεδυκότα

469 2451 579 2505 ὁρᾶν
609 2452 754 2510 κύκλῳ
786 2452 996 2509 τρέχοντα
1027 2452 1100 2496 καὶ
1131 2455 1432 2510 πωλούμενον.

370 2538 635 2587 Harpocratio
668 2538 805 2578 κύκλοι
836 2569 845 2578 .
872 2570 880 2578 .
908 2572 914 2578 .
949 2538 1159 2579 ἐκαλοῦντο
1192 2540 1235 2580 οἱ
1261 2539 1470 2592 τόποι,-ἑν
1502 2537 1561 2588 οἷς
1593 2539 1816 2580 ἕπωλοῦντό

253 2610 353 2642 τινες
384 2626 393 2635 .
419 2626 428 2635 .
454 2626 464 2635 .
495 2595 737 2649 Μένανδρος
769 2595 938 2654 Ἐφεσίῳ
970 2602 1047 2638 κτλ.
1113 2603 1147 2638 1.
1180 2597 1251 2651 μὲν
1282 2600 1337 2651 N]
1378 2598 1449 2651 μὲν
1489 2595 1574 2640 οὖν.
1637 2603 1675 2639 2.
1707 2598 1814 2640 ἕνδε-

254 2654 400 2694 ὃυκότα
424 2655 472 2694 Α.
503 2658 626 2696 verba
663 2660 755 2697 sunt
793 2664 864 2697 aut
897 2655 1016 2699 ‘servi
1049 2659 1097 2698 ob
1129 2660 1284 2698 facinus
1323 2661 1455 2699 nescio
1489 2661 1595 2713 quod
1635 2660 1815 2699 timentis

252 2727 301 2752 ne
334 2715 375 2752 in
406 2718 560 2754 catasta
590 2718 818 2756 conlocatus
849 2731 994 2757 venum
1026 2715 1157 2756 detur’
1191 2713 1347 2772 (Mein.)
1386 2722 1457 2758 aut
1497 2720 1666 2759 hominis
1697 2719 1815 2757 liberi

255 2774 460 2812 servitutis
491 2776 714 2825 periculum
740 2778 965 2816 metuentis.
1006 2778 1106 2816 Poll.
1129 2781 1165 2827 7,
1189 2780 1239 2815 11
1274 2778 1411 2817 κύκλοι
1442 2777 1485 2818 ἐν
1510 2784 1555 2834 τῇ
1582 2776 1652 2834 νέᾳ
1676 2793 1815 2833 κωμῳ-

257 2832 321 2887 δίᾳ
358 2836 568 2872 καλοῦνται
605 2833 647 2873 ἐν
691 2831 750 2883 οἷς
791 2836 1048 2887 πιπράσκεται
1090 2835 1137 2874 τὰ
1169 2835 1402 2888 ἀνδράποδα
1435 2870 1442 2877 .
1474 2867 1484 2877 .
1516 2836 1583 2877 καὶ
1619 2836 1667 2876 τὰ
1697 2836 1814 2876 λοιπὰ

257 2889 366 2930 ὥνια.
428 2893 476 2931 cf.
508 2894 661 2932 Alexid.
696 2897 762 2934 99.
794 2896 944 2945 Diphil.
977 2897 1045 2946 55,
1080 2898 1116 2934 3.
