2014 3334
279 250 368 292 240
599 255 602 259 ¹
924 250 1222 286 MENANAPOT

459 358 532 402 καὶ
564 361 822 415 παραίνεσις
853 359 1078 414 πέπαικεν,
1112 356 1203 401 εἶτα
1235 360 1375 416 μήτηρ
1408 358 1607 416 δευτέρα,

458 428 551 473 εἶτα
583 433 699 486 τήθη
732 434 978 487 παραλαλεῖ
1006 447 1085 486 τις,
1119 429 1211 474 εἶτα
1243 433 1511 488 βαρύφωνος
1542 431 1701 487 γέρων,

418 514 438 544 5
458 502 645 557 τηθίδος
675 504 833 559 πατήρ,
866 504 1014 545 ἔπειτα
1044 509 1183 559 γραῦς
1213 505 1411 545 καλοῦσα
1443 505 1669 558 φίλτατον.

457 573 481 615 ὁ
514 569 555 615 δ’
591 573 783 616 ἐπινεύει
814 579 922 616 πᾶσι
953 574 1139 624 τούτοις.

396 657 497 711 φησὶ
528 658 782 713 Μένανδρος.
837 660 1071 700 Athenaeus
1105 664 1128 700 2
1168 675 1206 711 p.
1242 663 1323 700 162
1358 661 1475 700 Dind.
1559 664 1595 700 1.
1627 658 1731 700 ἐστὶν
1762 661 1851 700 add.

278 720 398 759 Mein.
462 722 499 758 3.
530 720 759 772 παραίνεσις
779 720 820 759 O.
863 718 1112 772 παραινέσεις
1133 720 1354 772 Schweigh.
1391 723 1582 773 παραινεῖ
1597 723 1696 760 τοῖσι
1715 719 1852 759 παισίν

218 794 222 801 ·
278 780 483 819 Herwerd.
505 778 598 819 Obs.
618 780 706 820 crit.
728 782 794 820 93.
845 778 1086 832 παραινέσας
1104 778 1286 819 πέπωκεν
1309 781 1425 819 Mein.
1448 781 1490 819 in
1509 781 1605 819 Ath.
1667 782 1706 820 4.
1737 777 1853 831 τηθὶς

279 835 464 890 (propter
495 853 531 879 v.
566 835 611 893 5)
643 842 868 892 παρακαλεῖ
893 836 1100 880 ‘admonet'
1133 840 1251 879 Mein.
1284 840 1401 879 Anal.
1432 840 1529 879 Ath.
1564 842 1632 879 36.
1659 861 1712 866 ——-
1739 837 1855 890 τηθὶς

280 902 343 938 est
365 902 584 938 matertera.
644 899 817 950 Hesych.
836 902 1070 951 παραλαλεῖ·
1101 902 1281 952 φλυαρεῖ.
1341 900 1446 939 Plut.
1473 900 1573 939 Mor.
1602 900 1720 939 7091>
1763 912 1856 951 πρε-

280 959 421 1011 σβῦται
440 957 674 1010 σκυθρωποὶ
692 956 718 1010 ἢ
738 958 860 1011 βαρὺ
880 958 1210 1012 φθεγγόμενοι
1229 957 1271 998 ἐκ
1290 958 1493 1012 πώγωνος.
1526 959 1743 998 cf.Alexid.
1756 961 1856 998 311.

401 1015 476 1057 ‘ein
508 1020 876 1068 familienconyress,
907 1021 950 1058 in
974 1020 1149 1058 welchem
1181 1021 1265 1059 dem
1290 1020 1385 1058 solm
1416 1021 1482 1058 des
1511 1020 1663 1063 hauses,
1695 1020 1764 1058 der
1794 1020 1854 1057 ein

280 1081 574 1127 eaetravayantes
598 1079 704 1117 leben
728 1079 867 1127 sollerte,
900 1081 963 1118 evm
994 1080 1289 1128 eindrinylicher
1313 1091 1465 1118 sermon
1486 1079 1660 1128 yehalten
1685 1079 1786 1117 wird
1799 1108 1809 1117 .
1822 1107 1832 1116 .
1847 1107 1855 1116 .

279 1138 465 1177 zum'z'chst
495 1139 563 1177 der
593 1139 813 1187 hausvater,
851 1139 919 1178 der
955 1141 1059 1178 scine
1096 1139 1336 1188 ermalmunq
1371 1140 1443 1178 mit
1479 1140 1599 1178 einem
1635 1138 1856 1186 herzhaften

283 1199 400 1237 trwnk
430 1198 612 1247 besieyelt.
662 1199 742 1237 ihm
771 1199 943 1237 schliesst
972 1199 1053 1238 sich
1083 1199 1145 1238 die
1173 1201 1313 1237 mutter
1344 1211 1408 1248 ακ,
1440 1195 1592 1238 εοᾶακκ
1622 1198 1765 1236 kommt
1794 1197 1856 1236 die

280 1260 383 1296 tante
421 1288 430 1296 .
465 1287 474 1295 .
508 1287 517 1296 .
554 1258 654 1297 nach
690 1258 753 1297 ihr
789 1259 971 1297 intoniert
1006 1260 1049 1297 in
1086 1259 1213 1307 tiefem
1244 1259 1333 1298 bass
1364 1259 1432 1297 ἄεν
1461 1257 1698 1297 mutterliche
1723 1269 1856 1306 yross-

278 1321 388 1356 vater
415 1347 424 1356 .
450 1346 460 1355 .
485 1318 546 1356 die
573 1321 838 1366 yrossmuttcr,
870 1319 931 1357 die
962 1319 1035 1357 ἄεκ
1058 1318 1318 1357 misrathenen
1334 1319 1483 1366 junyew
1507 1318 1570 1356 ihr
1596 1313 1725 1356 ‘liebes
1746 1311 1854 1356 kind'

280 1381 400 1415 ηεηκί
426 1406 435 1415 .
463 1406 471 1415 .
499 1407 507 1415 .
533 1378 602 1416 ἄεν
624 1378 745 1426 junye
775 1378 865 1416 herr
894 1381 981 1426 say&
1011 1390 1060 1416 zu
1092 1378 1206 1416 allem
1229 1378 1278 1426 ja
1307 1378 1391 1416 und
1423 1378 1535 1416 denkt
1567 1373 1664 1415 ‘lass
1694 1378 1750 1416 sie
1778 1388 1858 1415 mer

286 1432 494 1485 sprechen'.
556 1436 675 1475 Mein.
706 1437 840 1476 Herm.
873 1437 892 1474 I
927 1438 1024 1476 324.

1024 1553 1111 1595 924

460 1637 520 1686 ὡς
546 1634 896 1691 Ἀλεξανδρῶδες
926 1636 1011 1691 ἤδη
1043 1641 1194 1678 τοῦτο·
1231 1635 1315 1678 κᾶν
1348 1637 1457 1691 ζητῶ
1489 1651 1603 1690 τινα,

464 1707 710 1762 αὐτόματος
742 1703 872 1758 οὗτος
903 1706 1134 1764 παρέσται·
1164 1706 1249 1750 κᾶν
1282 1707 1480 1750 διελθεῖν
1513 1707 1681 1762 δηλαδὴ

463 1778 537 1820 διὰ
568 1780 792 1834 θαλάττης
824 1778 901 1836 δέῃ
932 1781 1072 1822 τόπον
1101 1775 1206 1834 τιν’,
1239 1775 1369 1829 οὗτος
1399 1780 1520 1821 ἔσται
1552 1795 1627 1835 μοι
1658 1779 1801 1833 βατός.

403 1866 645 1904 Plutarchus
677 1866 791 1905 Alex.
825 1868 879 1904 17
921 1862 947 1916 ἡ
980 1863 1022 1904 δὲ
1053 1871 1122 1918 τῆς
1154 1865 1398 1917 Παμφυλίας
1428 1863 1664 1919 παραδρομὴ
1696 1866 1855 1911 πολλοῖς

282 1924 417 1979 γέγονε
454 1930 532 1964 τῶν
571 1924 777 1978 ἱστορικῶν
814 1923 1007 1972 ’ὑπόθεσις
1044 1923 1218 1997 γραφικὴ
1257 1923 1355 1977 πρὸς
1392 1923 1577 1976 ἔκπληξιν
1614 1922 1680 1966 καὶ
1724 1921 1858 1977 ὄγκον,

222 2035 230 2042 .
283 1983 335 2032 ὡς
365 1985 458 2024 θεία
483 1983 560 2024 τινὶ
585 1984 681 2040 τύχῃ
706 1984 1051 2058 παραχωρήσασαν
1073 1981 1314 2041 Ἀλεξανδρῳ
1339 1982 1412 2035 τὴν
1437 1984 1675 2023 θάλασσαν.
1714 1983 1863 2035 ,δηλοῖ

286 2042 327 2083 δε
370 2043 437 2083 καὶ
480 2042 725 2096 Μένανδρος
768 2043 811 2084 ἐν
855 2044 1064 2117 κωμῳδία
1085 2045 1236 2092 παίζων
1281 2043 1380 2096 πρὸς
1423 2042 1466 2083 τὸ
1508 2043 1737 2097 παράδοξον
1779 2045 1858 2082 κτλ.

283 2104 456 2143 Cramer.
489 2104 637 2143 Aneed.
671 2104 742 2142 Ox.
774 2104 837 2143 III
871 2106 955 2143 214
999 2099 1068 2143 καὶ
1106 2102 1127 2143 ὅ
1164 2102 1356 2160 κωμῳδὸς
1392 2101 1635 2157 Μένανδρος
1673 2101 1737 2142 ἐπὶ
1778 2105 1859 2149 ταῖς

282 2162 476 2216 εὐτυχίαις
514 2168 584 2203 τοῦ
617 2162 858 2210 Μακεδόνος
895 2159 978 2202 εἷπε
1014 2163 1164 2211 παίζων
1204 2162 1302 2218 πρὸς
1335 2161 1378 2202 τὸ
1408 2162 1637 2216 παράδοξον
1668 2165 1745 2202 κτλ.
1808 2163 1857 2202 cf.

282 2224 413 2262 Schol.
433 2224 550 2262 Hom.
580 2223 626 2262 Il.
662 2225 729 2274 13,
763 2225 830 2262 29.
881 2223 928 2262 de
959 2223 1033 2262 illa
1064 2223 1281 2262 Alexandri
1314 2223 1563 2273 expeditione
1591 2222 1790 2261 Arrianus
1820 2224 1857 2272 1,

285 2284 351 2333 26,
387 2286 408 2322 1
452 2281 531 2321 ε’στι
568 2279 611 2321 δὲ
648 2282 769 2337 ταύτῃ
806 2279 831 2333 ἡ
865 2279 957 2329 ὁδὸς
995 2280 1071 2321 οὐκ
1107 2279 1233 2329 αλλως
1265 2281 1287 2320 ὅ
1322 2296 1358 2321 τι
1395 2279 1448 2333 μὴ
1485 2287 1564 2321 τῶν
1600 2278 1669 2321 ἀπ’
1710 2279 1855 2334 ἄρκτου

281 2340 440 2394 ἀνέμων
464 2340 716 2381 πνεόντων..
737 2340 840 2381 ,τότε
868 2338 909 2380 δὲ
936 2340 979 2380 ἐκ
1003 2340 1130 2380 νότων
1162 2344 1342 2393 σκληρῶν
1373 2339 1527 2415 βορέαι
1540 2339 1858 2391 ἐπιπνεύσαντες,

282 2417 368 2441 ουκ
406 2416 521 2440 ανευ
559 2406 643 2440 τοῦ
675 2401 815 2440 θείου
857 2398 909 2448 ὡς
946 2399 1064 2448 αὐτός
1102 2415 1140 2440 τε
1177 2416 1244 2440 και
1275 2400 1317 2440 οἷ
1337 2397 1438 2451 ἀμφ’
1480 2399 1601 2439 αὐτὸν
1632 2399 1858 2453 ἐξηγοῦντο,

282 2460 434 2513 εὐμαρῆ
473 2459 539 2500 καὶ
575 2464 731 2512 ταχεῖαν
768 2459 841 2511 τὴν
874 2459 1054 2512 πάροδον
1085 2458 1291 2513 παρέσχον.
1354 2460 1402 2527 cf.
1436 2460 1567 2499 Smab.
1603 2463 1669 2512 14,
1701 2462 1798 2500 666.
1821 2462 1858 2499 7.

285 2521 827 2570 Flav.10seph.Archaeol.
860 2522 898 2571 2,
933 2522 999 2572 16,
1032 2522 1069 2559 5.

406 2583 441 2619 1.
475 2577 864 2631 εε1.ηδη·πάτον
895 2578 978 2619 ἐὰν
1010 2580 1108 2631 ζητῶ
1140 2594 1227 2619 τινα
1259 2582 1299 2618 et
1320 2582 1358 2619 3.
1391 2576 1459 2634 δέῃ
1486 2575 1554 2631 (of.
1575 2579 1789 2618 Philetaer.
1811 2575 1858 2632 3)

285 2639 435 2692 πόρον
466 2635 555 2679 'nv’-

1032 2720 1119 2762 925

859 2791 1076 2833 λανθάνει
1107 2791 1160 2832 τὰ
1191 2790 1424 2847 πράγματα

470 2863 574 2912 τοὺς
606 2861 750 2916 λέγειν
781 2862 905 2916 ἡμῶν
937 2861 1179 2911 ὀκνοῦντας
1208 2863 1286 2911 τὰς
1317 2861 1530 2917 ἀληθείας
1560 2859 1627 2903 ἀεὶ

469 2940 560 2983 τοῖς
592 2932 858 2987 ἀναγκαίοις.
