2014 3334
885 256 986 290 ΤΗΣ
1011 254 1141 289 ΝΕΑΣ
1715 247 1804 291 433

229 372 487 424 Sinopensem
532 367 616 417 τὰς
657 366 884 422 τραγικὰς
927 365 1044 419 ἀρὰς
1087 364 1194 422 αὑτῷ
1231 361 1520 416 συνηντηκέναι
1558 360 1694 417 λέγειν.
1756 363 1806 402 cf.

228 432 386 472 Aelian.
411 431 458 471 V.
490 431 529 471 h.
561 431 600 481 3,
633 430 687 469 29
734 426 928 481 Διογένης
965 424 987 466 ὁ
1024 424 1235 473 Σινωπεὺς
1279 430 1452 477 συνεχῶς
1488 421 1667 477 ἐπέλεγεν
1706 419 1807 475 ὑπὲρ

227 490 392 543 ἑαυτοῦ,
430 489 489 530 ὅτι
523 487 592 537 τὰς
630 487 679 528 ἐκ
709 493 791 540 τῆς
829 486 1096 543 τραγῳδίας
1127 484 1226 538 ἀρὰς
1258 484 1456 536 ἐκπληροῖ.
1506 485 1555 524 cf.
1582 484 1649 523 Tr.
1671 496 1731 536 gr.
1758 483 1807 523 fr.

228 552 364 603 adesp.
396 552 479 591 107
512 549 667 589 Nauck.
749 550 786 587 2.
819 546 869 588 ου
901 547 959 599 δρ.
969 575 982 598 ,
1019 544 1095 587 οὐκ
1132 545 1206 586 οἰκ.
1237 543 1348 598 ἔχων.
1380 543 1480 596 ἔχων
1518 539 1607 584 οὐδ’
1652 539 1808 594 οἰκέτην

229 611 277 651 G.
308 611 463 651 Kaibel.
496 609 640 649 Philol.
671 608 837 659 Anzeig.
869 607 952 646 IIII
985 609 1054 647 59.
1098 627 1154 634 —
1199 605 1368 656 adparet
1405 604 1601 644 comicum
1632 603 1808 655 aliquem

228 671 371 724 tragici
414 682 555 711 versus
599 663 832 723 (Euripidis
874 667 1092 707 secundum
1130 666 1249 706 Mein.
1289 666 1428 704 Exere.
1461 665 1556 703 Ath.
1587 663 1608 702 I
1639 659 1722 718 48)
1766 663 1809 702 in

228 743 347 771 suum
378 743 497 770 usum
528 728 755 769 detorsisse.

982 832 1066 875 128

444 919 492 960 τί
518 913 603 962 οὖν
634 916 796 961 ἐκεῖνοι
827 917 933 967 τοὺς
964 917 1126 966 λίθους
1157 919 1431 971 στεφανοῦσι
1460 911 1534 957 καὶ

445 990 605 1033 κάουσι
637 990 796 1033 δεῖπνα
827 990 1046 1042 πολυτελῆ
1078 986 1158 1038 κάς
1187 988 1295 1038 τοὺς
1325 987 1526 1043 βόθρους

443 1062 708 1119 μελίκρατον
738 1060 983 1118 ἐκχέουσιν,
1015 1059 1075 1111 ὡς
1105 1064 1219 1114 γοῦν
1251 1058 1443 1111 eluvionem

348 1160 550 1201 Lucianus
582 1159 752 1200 Charon.
785 1161 853 1198 22.
894 1169 1001 1210 στεφ.
1033 1156 1127 1205 τοὺς
1167 1157 1342 1205 λίθους.
1371 1188 1379 1196 .
1408 1154 1506 1196 ,καὶ
1537 1154 1694 1208 βόθρον
1723 1154 1812 1195 τινὰ

230 1218 440 1275 ὀρύξαντες
469 1219 631 1260 καίουσί
658 1234 698 1259 τε
728 1217 839 1259 ταυτὶ
869 1217 915 1258 τὰ
950 1220 1144 1270 πολυτελῆ
1178 1217 1320 1258 δεῖπνα
1350 1214 1417 1256 καὶ
1454 1215 1494 1264 ἐς
1524 1214 1570 1255 τὰ
1609 1212 1811 1269 ὀρύγματα

229 1279 297 1321 καὶ
326 1281 472 1334 μελίκρ.
504 1277 558 1328 ὡς
588 1295 623 1333 γ.
655 1278 740 1339 εἰκ.,
771 1277 866 1331 ἐκχ.;
910 1299 960 1306 -
1003 1279 1106 1318 tales
1139 1278 1363 1318 sententiae
1395 1277 1437 1316 in
1467 1289 1573 1318 nova
1606 1276 1812 1316 comoedia

230 1342 474 1393 frequentes.
523 1340 674 1379 inridet
704 1342 839 1379 autem
871 1340 1127 1379 mortuorum
1158 1337 1334 1378 inferias.

985 1491 1069 1534 129

445 1575 520 1621 καὶ
550 1576 635 1634 γὰρ
667 1575 776 1632 μετὰ
806 1546 962 1618 Κάλλα
992 1573 1158 1630 γέγονα
1188 1572 1262 1618 καὶ
1293 1571 1386 1631 μετ’
1422 1574 1606 1631 Αίχμία,

446 1647 522 1693 καὶ
552 1648 660 1705 μετὰ
690 1648 893 1691 Μενοίτα
924 1644 999 1691 καὶ
1029 1647 1139 1713 μετόι
1168 1647 1395 1704 Περδίκκα
1426 1643 1576 1702 πάλιν,

447 1719 521 1765 καὶ
552 1722 633 1765 ναί
658 1729 721 1775 γε’
739 1721 799 1776 μὰ
829 1721 922 1763 Δία
951 1721 1105 1777 τρίτον
1135 1720 1233 1771 ἔτος
1264 1720 1372 1776 μετὰ
1397 1719 1611 1775 Κινησία.

353 1821 482 1861 Schol.
519 1820 709 1871 Hermog.
740 1818 886 1858 Walz„
904 1819 1022 1859 Rhet.
1054 1819 1091 1857 V
1129 1819 1214 1859 485
1273 1823 1353 1858 τῶν
1396 1822 1584 1870 κωμικῶν
1627 1830 1685 1865 τις
1726 1816 1820 1870 περί

233 1896 339 1929 τινος
375 1878 565 1928 ἀλαζόνος
605 1877 840 1932 στρατιώτου
884 1878 987 1930 φησί
1013 1881 1091 1918 κτλ.
1153 1881 1181 1918 ἆ
1223 1877 1322 1931 πρὸς
1365 1876 1534 1930 ἑκάστην
1575 1875 1648 1929 τὴν
1686 1879 1816 1917 τελευ-

234 1939 308 1992 τὴν
337 1938 529 1994 προσθεὶς
561 1936 765 1991 ἐπέραινεν
797 1935 973 1990 ὀνόματα
1002 1938 1223 1979 πλατύτατα
1253 1935 1559 1992 ἐξειργασμένος.
1621 1937 1672 1977 ad
1703 1938 1815 1977 Men-

234 2001 352 2041 andri
383 1999 650 2052 Μισούμενον
692 1999 893 2039 referebat
931 1999 1051 2038 Mein.
1089 1998 1273 2038 Menand.
1314 1998 1409 2038 edit.
1440 2012 1500 2050 pr.
1531 2012 1568 2049 p.
1605 1999 1701 2038 117.
1781 2000 1817 2038 1.

234 2060 373 2100 Κάλλα
403 2059 541 2111 Mein.]
583 2058 694 2099 καλά.
761 2054 842 2111 μετ’
884 2058 1034 2110 Αἰχμία
1071 2057 1209 2110 Mein]
1255 2058 1460 2110 μεταίχμια
1491 2057 1591 2098 Ven.
1647 2053 1728 2110 μετ’
1771 2056 1817 2097 ἀ-

235 2123 350 2173 κμεῖα
368 2120 496 2160 Paris.
541 2121 760 2173 μεταγμαῐα
778 2123 861 2159 tres
881 2119 952 2158 alii
971 2119 1078 2159 libri.
1118 2114 1200 2170 μετ’
1219 2114 1378 2158 Ἀλκέτα
1399 2117 1688 2158 Schneidewin.
1729 2113 1813 2169 μετ’

230 2176 412 2254 Ἀγαλλία
430 2179 550 2220 Mein.
571 2179 678 2220 olim.
742 2180 779 2219 2.
812 2176 907 2230 μετὰ
934 2178 1116 2219 Μενοίτα
1140 2176 1207 2218 καὶ
1232 2176 1327 2230 μετὰ
1346 2177 1550 2232 Περδίκκα
1571 2176 1686 2228 Ven.]
1721 2176 1817 2229 μετὰ

229 2239 361 2281 νύκτα
397 2237 463 2280 καὶ
482 2239 686 2292 Περδίκκα
703 2239 856 2279 Monac.
882 2240 925 2278 et
948 2241 1032 2279 tres
1054 2239 1144 2279 Par.
1208 2240 1244 2278 3.
1276 2237 1348 2278 ναί
1374 2252 1418 2292 γε
1436 2236 1547 2288 Ald.]
1581 2236 1633 2290 νή
1658 2251 1713 2291 γε.
1751 2235 1818 2277 καὶ

236 2298 303 2340 ναὶ
334 2298 390 2352 μὰ
420 2299 499 2340 Δία
528 2299 659 2352 τρίτον
688 2295 724 2352 γ’
761 2297 845 2347 ἔτος
875 2297 970 2351 μετὰ
1000 2296 1126 2339 Κινέα
1157 2298 1275 2339 Mein.
1324 2297 1392 2338 καὶ
1422 2296 1474 2350 νὴ
1494 2296 1548 2337 Δὶ
1577 2295 1748 2350 τρίτον’
1733 2295 1817 2345 ε’τος

236 2374 279 2414 γε
311 2358 405 2412 μετὰ
435 2358 608 2412 Κινησία
640 2358 687 2398 G.
718 2358 854 2399 Herm.
887 2359 1006 2399 Mein.
1030 2359 1068 2398 V
1102 2361 1199 2399 121.

357 2416 469 2461 sunt
487 2419 743 2472 gloriabundi
762 2419 904 2459 militis
923 2420 1059 2471 verba,
1085 2432 1258 2471 quorum
1284 2419 1430 2458 ducum
1455 2418 1645 2469 auspiciis
1666 2418 1816 2469 stipen-

238 2480 306 2519 dia
336 2480 476 2520 fecerit
506 2479 721 2531 magnifica
756 2479 932 2530 quadam
968 2479 1164 2519 iactantia
1194 2474 1448 2518 enarrantis.'
1499 2478 1621 2518 Mein.
1654 2477 1817 2525 Quaest.

237 2540 342 2579 Men.
374 2540 441 2580 50.
492 2538 638 2585 Galla-3,
668 2539 840 2590 Harpali
870 2538 990 2591 filius,
1021 2539 1390 2579 mercennariorum
1422 2539 1503 2578 dux
1521 2537 1741 2578 Alexandri
1765 2552 1818 2577 m.

239 2611 590 2650 successorumque
628 2599 713 2638 eius
751 2600 883 2638 aetate
924 2599 1227 2650 celeberrimus,
1258 2598 1339 2638 iam
1371 2597 1432 2638 01.
1463 2600 1559 2649 111,
1594 2600 1617 2638 2
1650 2597 1693 2637 in
1718 2597 1819 2637 Asia

239 2653 381 2700 eontra
398 2658 541 2710 Persas
566 2659 775 2710 pugnabat
794 2654 977 2712 (Diodor.
1001 2661 1068 2711 17,
1090 2662 1113 2699 7
1136 2653 1267 2712 extr).
1322 2658 1610 2698 Thessalorum
1636 2657 1819 2709 equitum

239 2719 319 2759 dux
338 2721 402 2759 est
421 2717 483 2758 Ol.
504 2721 602 2771 111,
622 2719 648 2758 3
670 2714 853 2771 (Diodor.
876 2721 943 2771 17,
965 2713 1053 2772 17),
1086 2719 1210 2759 etiam
1241 2718 1283 2757 in
1308 2731 1446 2770 pugna
1471 2718 1580 2768 apud
1600 2717 1818 2757 Granicum

239 2778 451 2819 commissa
469 2772 648 2833 (Arrian.
671 2780 708 2829 1,
731 2779 798 2830 14,
819 2772 884 2832 3);
918 2780 1012 2830 post
1031 2778 1252 2818 Alexandri
1270 2780 1443 2817 mortem
1462 2777 1657 2817 Casandri
1680 2779 1818 2828 partes

239 2841 402 2878 secutus
434 2840 506 2878 est.
539 2834 719 2891 (Diodor.
755 2839 822 2890 19,
856 2839 923 2878 35.
946 2840 999 2878 36
1033 2840 1131 2878 extr.
1165 2837 1226 2877 Ol.
1255 2839 1352 2889 116,
1382 2833 1437 2892 1).
1480 2838 1528 2877 cf.
1562 2837 1686 2877 etiam
1706 2836 1819 2877 Curt.

241 2900 279 2948 3,
314 2901 352 2951 1,
385 2899 453 2939 24.
511 2898 705 2949 Droysen.
736 2897 892 2938 Hellen.
924 2898 945 2937 I
978 2899 1077 2938 247.
1112 2899 1209 2938 250.
1271 2896 1479 2937 Aechmias
1518 2897 1618 2936 mihi
1658 2897 1817 2949 quidem

239 2958 413 3010 ignotus.
457 2957 628 3004 Alcetas,
647 2957 762 3009 Epiri
779 2970 848 2997 rex
869 2954 1051 3012 (Diodor.
1069 2960 1136 3008 19,
1157 2959 1224 2998 88.
1242 2959 1265 2997 9
1288 2956 1348 2998 01.
1365 2959 1463 3009 117,
1483 2953 1542 3011 1),
1561 2969 1639 2996 non
1659 2956 1819 2997 videtur

312 3029 429 3058 Comici
447 3030 562 3067 graeci,
579 3031 627 3059 ed.
647 3031 703 3059 Th.
721 3031 819 3059 Kock.
838 3031 896 3058 m.
1484 3027 1531 3061 28
