2014 3334
274 239 361 280 174
610 281 614 286 ,
913 241 1211 275 MENANAPOT

1018 373 1103 416 568

557 449 650 505 οἷος
682 452 730 497 δὲ
762 454 834 498 καὶ
866 456 948 510 τὴν
981 456 1086 506 ὄψιν
1119 452 1233 498 εἶναι
1265 458 1483 512 φαίνεται,

557 525 635 582 ἀφ’
672 523 726 569 οὗ
757 533 961 577 τοιοῦτος
990 526 1189 582 γέγονεν,
1223 522 1320 570 οἷον
1351 530 1527 584 θηρίον.

556 599 605 640 τὸ
638 595 777 653 μηδὲν
809 598 978 641 ἀδικεῖν
1009 597 1081 641 καὶ
1112 601 1275 650 καλοὺς
1306 599 1418 655 ἡμᾶς
1449 607 1576 642 ποιεῖ.

392 685 534 724 Sextus
553 685 668 735 Emp.
688 686 828 736 Pyrrh.
851 686 998 736 Hypot.
1022 689 1059 737 1,
1083 688 1165 726 108
1187 683 1208 725 ὅ
1233 684 1475 739 Μένανδρος
1495 684 1572 737 ἔφη
1592 689 1669 725 κτλ.
1730 688 1766 725 3.
1794 687 1842 726 cf.

277 746 330 784 19
365 746 529 784 613463.
579 745 681 784 tales
715 745 938 784 sententiae
970 746 1156 796 pluribus
1188 746 1400 785 comoediis
1431 747 1549 796 aptae
1582 748 1686 785 sunt..
1732 742 1846 785 ‘haec

275 804 352 843 dici
386 804 571 843 videntur
603 804 650 843 de
683 805 983 844 adulescentulo
1015 805 1057 843 in
1088 806 1308 856 nequitiam
1340 806 1537 855 prolapso.
1589 806 1685 844 dum
1714 805 1846 845 virum

273 864 460 914 probum,
495 864 569 911 ait,
601 865 742 914 putavi
775 877 877 914 esse,
919 865 1085 915 pulcher
1123 864 1222 903 mihi
1256 865 1363 904 visus
1395 867 1467 904 est.
1518 868 1560 903 ab
1591 878 1639 903 ex
1676 878 1754 916 quo
1785 865 1844 903 in-

274 923 444 973 probum
476 929 516 962 et
547 936 718 974 nequam
751 937 791 963 se
824 936 908 963 esse
941 925 1128 975 ostendit,
1164 937 1284 975 quam
1315 924 1455 963 foedus
1486 924 1658 964 videtur.
1719 925 1846 975 ipsius

273 982 402 1033 igitur
433 983 584 1022 formae
615 984 749 1034 gratia
780 984 829 1022 ab
862 985 1072 1023 honestate
1103 979 1281 1034 pendess?
1332 984 1464 1022 Benffl.

1020 1134 1106 1177 569

490 1215 704 1274 Γλυκέρα,
735 1219 782 1259 τί
807 1218 971 1269 κλάεις;
1006 1217 1157 1273 ὀμνύω
1190 1229 1262 1260 σοι
1292 1219 1371 1261 τὸν
1402 1220 1493 1260 Δία

489 1289 567 1331 τὸν
595 1287 833 1344 Ὀλύμπιον
864 1288 937 1332 καὶ
968 1290 1050 1344 τὴν
1077 1285 1287 1344 Ἀθηνᾶν,
1319 1290 1522 1345 φιλτάτη,

494 1360 733 1415 ὀμωμοκὼς
764 1359 837 1402 καὶ
867 1362 1086 1416 πρότερον
1117 1361 1202 1415 ἤδη
1234 1361 1453 1410 πολλάκις.

394 1459 621 1507 Priscianus
646 1460 711 1508 18,
735 1461 816 1497 247
840 1458 960 1498 Attica·
980 1456 1126 1511 ὄμνυμι
1145 1458 1279 1506 θεούς.
1315 1461 1534 1499 Menander
1553 1462 1629 1499 κτλ.
1668 1446 1847 1499 codicum

275 1519 513 1559 varietatem
545 1518 724 1557 enotavit
755 1519 887 1557 Hertz.
951 1520 988 1566 3:
1014 1521 1254 1555 ΓΛΤΚΕΡΑ.
1299 1516 1509 1570 ὀμώμοκας
1529 1519 1574 1558 G.
1588 1520 1634 1557 A.
1646 1520 1844 1571 Hirschig.

277 1579 381 1617 Ann.
420 1579 505 1617 crit.
545 1579 612 1617 26.
676 1578 912 1617 adversatur
955 1579 1245 1628 quodammodo
1286 1579 1465 1629 Alciphr.
1507 1581 1550 1628 2,
1591 1581 1615 1618 3
1653 1579 1739 1618 init.
1779 1576 1847 1631 (H.

276 1638 412 1678 Iacobi
438 1639 472 1676 V
501 1632 702 1690 OCLXXHI)
735 1635 788 1688 μὰ
819 1636 886 1684 τὰς
913 1634 1158 1685 Ἐλευσινίας
1181 1637 1291 1689 θεάς,
1322 1637 1376 1689 μὰ
1400 1637 1454 1677 τὰ
1479 1637 1672 1691 μυστήρια
1703 1637 1848 1689 αὐτῶν,

279 1696 305 1736 ἅ
338 1709 400 1737 σοι
430 1696 496 1736 καὶ
529 1695 708 1736 ἐναντίον
740 1695 901 1736 ἐκείνων
933 1695 1092 1749 ὤμοσα
1123 1697 1349 1745 πολλάκις
1380 1701 1457 1737 κτλ.

1023 1862 1111 1904 570

455 1943 539 1987 κᾶν
570 1946 748 2002 σφόδρα
780 1952 934 2001 σαφῶς
965 1946 1086 2001 εἰδῇς
1117 1960 1172 2000 τι,
1205 1946 1282 1987 τὸν
1313 1944 1562 2001 κρύπτοντα
1593 1956 1641 1987 σε

455 2014 663 2071 μηδέποτ’
702 2015 894 2072 ἐλέγξῃς
935 2017 1157 2059 δύσκολον
1188 2012 1351 2072 πρᾶγμ’
1388 2015 1479 2058 ἐστὶ
1510 2016 1593 2073 γὰρ

456 2088 483 2130 ἃ
515 2088 758 2131 λανθάνειν
788 2103 854 2138 τις
885 2088 1091 2143 βούλεται
1121 2085 1245 2129 ταῦτ’
1283 2086 1459 2130 εἰδέναι.

399 2186 594 2225 Stobaeus
626 2187 765 2226 Floril.
799 2189 843 2236 3
875 2188 901 2225 4
946 2185 1194 2237 Μενάνδρου
1228 2186 1311 2225 cod.
1343 2186 1472 2224 Mend.
1506 2187 1554 2224 cf.
1589 2186 1705 2224 Mein.
1738 2185 1847 2224 Stob.

278 2245 677 2285 IIIIL111.deest1n
697 2247 743 2286 A.
810 2250 844 2285 1.
876 2260 912 2285 τι
937 2260 1012 2285 om.
1033 2247 1093 2284 ed.
1114 2246 1203 2284 Bas.
1269 2247 1306 2283 2.
1337 2242 1484 2298 πρᾶγμ’
1514 2243 1591 2284 ἐστὶ
1609 2243 1683 2298 γὰρ
1709 2243 1846 2294 Mein]

277 2303 352 2358 γὰρ
389 2301 533 2404 Ξρᾶγβ
575 2303 663 2344 ἐστί.
718 2304 794 2358 γὰρ
830 2301 975 2358 πρᾶγμ’
1017 2303 1080 2344 ἀεί
1113 2305 1265 2344 Iacobs.
1303 2305 1406 2343 Add.
1445 2305 1539 2345 Ath.
1573 2306 1642 2344 47.
1697 2300 1843 2358 πρᾶγμ’

278 2363 356 2415 ε’φυ
426 2377 550 2404 esner.

1024 2480 1106 2522 571

494 2563 600 2606 ὅταν
632 2563 779 2620 ἕτερός
812 2574 884 2606 σοι
915 2561 1026 2618 μηδὲ
1058 2563 1107 2605 ἓν
1137 2561 1288 2605 τέλεον
1320 2553 1446 2620 διδῷ,

495 2634 615 2686 δέξαι
646 2636 695 2677 τὸ
727 2637 904 2692 μόριον·
940 2640 1021 2677 τοῦ
1053 2636 1206 2689 λαβεῖν
1236 2635 1320 2690 γὰρ
1353 2632 1463 2689 μηδὲ
1494 2634 1544 2677 ἓν

493 2707 543 2749 τὸ
576 2709 728 2762 λαβεῖν
759 2708 940 2749 ἔλαττον
970 2708 1122 2748 πλεῖον
1154 2707 1274 2748 ἔσται
1307 2717 1378 2748 σοι
1409 2706 1535 2748 πολύ.

401 2805 596 2845 Stobaeus
635 2805 771 2844 Floril.
806 2807 852 2855 3,
892 2807 944 2844 23
990 2803 1236 2855 Μενάνδρου
1270 2804 1316 2842 Α.
1366 2804 1525 2843 Maxim.
1564 2803 1674 2843 Conf.
1707 2805 1750 2854 8,
1791 2805 1844 2843 27

280 2878 317 2914 p.
351 2866 434 2903 557
476 2867 575 2904 extr.
612 2864 819 2903 Oombefis.
903 2866 936 2902 1.
976 2862 1104 2903 τέλεον
1143 2862 1291 2912 Bent1.]
1330 2861 1433 2902 πλέω
1467 2864 1514 2902 Α.
1563 2861 1682 2902 πλέον
1715 2863 1846 2902 Trinc.

282 2921 405 2975 μηδὲν
436 2926 572 2963 πλεῖον
604 2926 644 2962 et
677 2927 713 2962 2.
745 2921 869 2975 μηδὲν
901 2925 1005 2963 Max.
1036 2923 1146 2962 Conf.

2007 1853 2014 2050 ..η-,μμωῄμ
2009 1811 2014 1831 ..
2012 1751 2014 1777 ,Α
2012 1718 2014 1725 .
