2014 3334
655 233 954 269 ΑΡΡΗΦΟΡΟΣ
979 236 1015 269 Η
1042 235 1295 290 ΑΤΛΗΤΡΙΣ
1711 235 1768 277 23

950 344 1006 387 67

682 428 851 479 πάντας
882 427 1111 484 μεθύσους
1141 430 1246 479 τοὺς
1277 428 1499 486 ἐμπόρους

396 507 518 544 ποιεῖ
545 501 595 544 τὸ
627 500 894 553 Βυζάντιον·
940 499 1050 554 ὅλην
1082 499 1293 556 ἐπίνομεν

396 573 478 628 τὴν
510 573 649 615 νύκτα
682 573 756 616 διὰ
789 570 838 615 σὲ
869 570 942 616 καὶ
975 568 1139 629 σφόδρ’
1175 573 1369 629 ἄκρατόν
1401 588 1476 628 μοι
1511 573 1640 615 δοκῶ.

399 645 637 702 ἀνίσταμαι
668 650 782 700 γοῦν
813 643 1022 701 τέτταρας
1053 644 1251 700 κεφαλὰς
1282 645 1407 700 ἔχων.

302 733 536 772 Athenaeus
571 735 646 783 10,
678 733 806 772 442d
849 730 1095 783 Μένανδρος
1136 730 1178 770 ἐν
1214 727 1448 787 Ἀρρηφόρῳ
1489 729 1516 783 ἢ
1552 729 1769 782 Αὐλητρίδι

180 794 258 832 κτλ.
319 807 356 832 v.
394 795 517 834 1——3
552 793 708 832 Aelian.
747 792 796 831 V.
828 793 866 831 h.
901 794 944 843 3,
988 794 1040 830 14
1080 793 1180 831 extr.
1219 788 1426 844 ὁμολογεῖν
1468 790 1623 838 τούτοις
1667 787 1768 845 (τοῖς

181 858 446 907 κατηγοροῦσι
476 847 726 906 Βυζαντίων)
766 850 868 892 ἔοικε
906 850 973 891 καὶ
1010 849 1031 891 ὁ
1064 849 1328 903 Μένανδρος,
1367 850 1461 890 ὅταν
1493 848 1601 906 λέγῃ·
1643 851 1767 902 μεθύ-

182 924 278 960 σους
316 935 370 940 —
410 912 547 952 νύκτα.
608 927 644 953 v.
680 915 704 952 2
729 925 786 964 sq.
830 912 1020 952 Eustath.
1069 913 1203 959 1504,
1251 913 1304 951 63
1352 909 1524 963 ἔμπορος
1566 915 1667 964 γοῦν
1710 926 1767 959 τις

183 970 360 1025 μέθυσος
390 971 498 1025 παρὰ
529 972 761 1029 Μενάνδρῳ
788 1003 796 1012 .
818 1004 826 1012 .
847 1002 856 1011 .
883 971 1027 1025 οὕτως·
1059 970 1156 1027 ὅλην
1188 973 1265 1011 κτλ.
1298 971 1403 1010 idem
1423 971 1589 1023 Dionys.
1614 971 1767 1023 Perieg.

184 1035 270 1074 804
302 1033 590 1089 κωμῳδοῦνται
621 1032 676 1081 εἰς
707 1030 839 1085 μέθην
872 1032 914 1073 οἵ
933 1030 1095 1072 παλαιοὶ
1114 1031 1336 1079 Βυζάντιοι.
1399 1031 1545 1070 Pollux
1577 1033 1623 1083 6,
1659 1034 1710 1072 25
1746 1029 1767 1071 ὁ

183 1090 361 1146 μέθυσος
393 1091 456 1133 ἐπὶ
487 1091 648 1146 ἀνδρῶν
679 1092 911 1149 Μενάνδρῳ
946 1091 1141 1132 δεδόσθω.
1203 1092 1253 1131 of.
1285 1091 1458 1131 Lobeck.
1491 1091 1639 1142 Phryn.
1670 1093 1766 1132 151.

184 1156 208 1192 2
243 1155 284 1193 et
315 1154 363 1193 de
395 1154 601 1205 Byzantiis
635 1153 818 1193 Strattid.
847 1155 916 1193 36.
980 1155 1016 1192 3.
1051 1151 1117 1191 διὰ
1150 1149 1209 1203 σὲ]
1244 1149 1293 1202 νὴ
1329 1151 1407 1190 Δία
1439 1151 1646 1191 Herwerd.
1673 1150 1765 1191 Obs.

182 1213 269 1253 crit.
312 1215 408 1253 122.
476 1213 659 1253 Θάσιον
700 1214 947 1254 Heimsoeth.
987 1213 1072 1252 Ind.
1109 1213 1236 1252 Bonn.
1273 1213 1386 1251 1867
1427 1214 1524 1251 aest.
1566 1224 1680 1251 xvln.
1718 1213 1766 1251 de

182 1288 249 1325 μοι
282 1273 386 1313 δοκῶ
419 1274 468 1313 cf.
501 1274 681 1314 Clearch.
715 1275 752 1313 5.

945 1365 1000 1407 68

0 1444 10 1478 ¹
196 1433 201 1441 ⁴
486 1449 540 1492 τὰ
571 1454 752 1507 πατρῷα
783 1446 865 1505 μὲν
896 1455 1019 1492 ποιεῖ
1045 1450 1199 1506 καιρός
1230 1462 1335 1491 ποτε

398 1522 623 1578 ἀλλότρια,
656 1519 784 1579 σῴζει
817 1518 858 1563 δ’
895 1521 1008 1563 αὐτά
1038 1535 1127 1564 που
1158 1521 1212 1563 τὰ
1245 1520 1444 1576 σώματα·

327 1654 332 1657 μ
397 1596 502 1650 βίου
533 1592 574 1636 δ’
611 1594 784 1636 ἔνεστιν
816 1590 1021 1649 ἀσφάλει’
1058 1592 1107 1636 ἐν
1137 1600 1234 1643 ταῖς
1263 1591 1449 1648 τέχναις.

303 1683 502 1722 stobaeus
523 1681 659 1722 Floril.
682 1683 750 1734 60,
783 1682 806 1720 5
841 1680 1092 1732 Μενάνδρου
1112 1678 1360 1732 Αὐλητρίδος
1385 1680 1432 1718 A.
1486 1682 1522 1719 1.
1548 1678 1595 1718 τὰ
1626 1677 1701 1733 γὰρ
1726 1693 1766 1720 π.

186 1743 362 1783 Grotius.
423 1740 471 1782 τὰ
508 1739 579 1793 μὲν
616 1755 656 1780 π.
695 1743 902 1793 μεταποιεῖ
933 1741 1086 1781 Iacobs.
1124 1740 1289 1780 Anthol.
1332 1742 1384 1780 12
1424 1754 1462 1791 p.
1499 1741 1595 1780 105.
1638 1738 1765 1790 ποιεῖ]

182 1804 254 1842 ποτ
285 1803 334 1842 A.
398 1805 436 1842 2.
469 1799 598 1858 σῴζει]
633 1801 776 1842 δουλοῖ
801 1801 921 1841 Mein.
954 1802 1048 1841 fort.
1080 1798 1255 1857 χρῴζει.
1318 1800 1514 1851 temporis
1552 1800 1766 1851 iniquitate

181 1876 262 1903 non
299 1863 430 1903 solum
467 1863 665 1902 bonorum
703 1862 903 1912 possessio
942 1864 1256 1912 transmutatur,
1302 1861 1371 1900 sed
1402 1860 1606 1899 interdum
1644 1860 1767 1899 etiam

184 1936 398 1975 corporum
429 1923 610 1973 ipsorum
642 1922 796 1962 colores
828 1922 1064 1960 inficiuntur
1094 1923 1135 1961 et
1166 1922 1375 1961 vitiantur.
1415 1921 1462 1960 cf.
1490 1920 1645 1959 Alexid.
1670 1922 1766 1971 141,

185 1985 222 2022 9.
290 1985 327 2023 3.
360 1981 511 2022 ἔνεστιν
542 1983 661 2023 Gesn.
695 1981 739 2033 3]
773 1979 899 2022 ἔνεστι
930 1981 1000 2033 μία
1031 1983 1078 2021 Α.

947 2099 1003 2141 69

0 2157 13 2240 {2
236 2185 247 2200 ””
398 2182 638 2239 ἐλλέβορον
668 2183 755 2238 ἤδη
787 2180 956 2226 πώποτ’
993 2184 1124 2237 ἔπιες,
1157 2183 1332 2233 Σωσία;

398 2259 447 2299 Β.
480 2255 606 2309 ἅπαξ.
655 2258 710 2298 Α.
742 2256 878 2298 πάλιν
909 2261 995 2298 νῦν
1027 2259 1146 2298 πῖθι·
1180 2256 1327 2311 μαίνει
1358 2255 1444 2310 γὰρ
1475 2259 1630 2303 κακῶς.

304 2344 539 2383 Athenaeus
562 2331 628 2393 10,
655 2345 740 2384 446
758 2343 783 2382 d
815 2341 1060 2395 Μένανδρος
1085 2341 1304 2394 Αὐλητρίδι
1328 2344 1406 2380 κτλ.
1449 2335 1671 2395 (αὐλητρίσι
1697 2335 1765 2391 Α).

188 2407 224 2443 1.
253 2401 460 2456 ἐλλέβορον
479 2404 660 2455 Heringa
686 2402 850 2444 Observ.
872 2402 976 2452 224]
1010 2399 1097 2455 βάλ’
1134 2401 1173 2450 ἐς
1192 2401 1312 2455 κόρον
1332 2402 1380 2440 A.
1412 2400 1549 2439 Σωσία
1574 2399 1764 2450 Heringa.

184 2465 229 2503 B.
261 2462 377 2512 ἅπαξ.
409 2466 459 2503 A.
494 2464 632 2504 Cobet.
662 2464 713 2503 N.
739 2465 764 2503 l.
797 2463 872 2514 22]
906 2465 1175 2503 σωσιλαπᾶσιν
1206 2462 1244 2501 Α
1276 2457 1319 2515 (i.
1347 2476 1379 2501 e.
1411 2460 1550 2500 Σωσία
1580 2456 1763 2511 ἅπασιν).

0 2498 18 2592 Ξ
61 2526 64 2529 ’
187 2525 224 2563 2.
255 2526 430 2563 παλινυν
461 2524 510 2563 A.
572 2523 703 2576 μαίνει
734 2523 933 2576 Heringa]
966 2521 1074 2575 μένει
1104 2523 1153 2562 A.

0 2642 20 2728 tf
516 2638 525 2643 ’
947 2640 1003 2682 70

0 2730 11 2769 ἱ
685 2721 814 2766 πάντ’
852 2722 944 2766 ἐστὶ
974 2728 1036 2781 τῷ
1068 2723 1187 2781 καλῷ
1220 2723 1337 2779 λόγῳ

0 2770 15 2839 ξ
120 2818 123 2821 ·
401 2796 541 2854 ἱερόν·
579 2796 602 2840 ὁ
635 2802 744 2847 νοῦς
774 2795 860 2852 γάρ
892 2795 1013 2838 ἐστιν
1046 2794 1069 2838 ὁ
1101 2795 1308 2849 λαλήσων
1338 2794 1457 2842 θεός.

302 2884 486 2923 Iustinus
524 2884 583 2923 De
621 2897 725 2924 mon.
758 2883 854 2922 40b
887 2877 995 2934 (150
1028 2878 1142 2934 Otto)
1177 2878 1198 2920 ὅ
1230 2878 1348 2927 αὐτὸς
1380 2872 1663 2933 (Μένανδρος)
1696 2874 1762 2915 καὶ

191 2942 233 2983 ἐν
253 2942 469 2996 Αὐλητρίσι
488 2946 562 2983 κτλ.
601 2946 636 2982 1.
661 2947 841 2994 πανταχῆ
868 2940 946 2981 ἐστι
964 2942 1096 2980 Bentl.
1116 2940 1244 2992 πάντη
1267 2936 1342 2979 ’στὶ
1360 2939 1479 2979 Mein.
1532 2940 1569 2977 2.
1594 2938 1763 2976 monost..
