2014 3334
0 205 5 253 ε

0 548 7 642 Ι

508 215 874 250 ΚΑΤΑΛΟΓΑΔΗΝ
901 214 1423 248 ΜΕΤΕΣΧΗΜΑΤΙΣΜΕΝΑ
1665 211 1748 253 661

293 331 317 368 2
343 324 430 368 τίν’
457 324 767 380 Ἑρμότιμον,
806 327 910 377 τίνα,
952 324 1076 378 ἔφην,
1114 323 1141 378 ἢ
1175 325 1321 366 ποίαν
1361 325 1536 378 στήλην
1576 322 1750 378 λέγεις;

173 392 199 430 3
224 387 579 445 ἐγκλῃσάμενος
611 385 756 427 αὑτὸν
788 387 981 428 σύνεστι
1011 386 1198 441 Σιμίχῃ.

291 450 318 488 4
344 446 472 488 ἔστιν
511 443 700 502 (fortasse
733 447 822 487 add.
860 442 978 500 ἡμῖν)
1011 477 1020 486 .
1053 477 1062 486 .
1095 476 1103 485 .
1136 445 1340 498 χρησίμη
1379 441 1490 500 (add.
1522 440 1598 494 τις)
1631 459 1750 496 φαρ-

172 503 507 563 μακίς,ΙΣύρα
538 506 586 547 τὸ
613 505 784 560 γένος.
812 537 822 547 .
848 536 858 547 .
883 506 909 558 ἥ
936 505 1018 558 μοί
1044 519 1156 546 ποτε
1185 505 1374 544 Φανίαν
1400 502 1472 557 (Φ.
1498 503 1588 556 ἐμοί
1608 499 1721 559 ποτε)
1745 499 1749 559 Ι

171 568 455 622 χαλεπαίνοντα
485 565 671 608 κάκεῖνον
703 566 790 620 εἰκῆ
816 565 947 619 ὥσπερ
973 567 1164 619 Χαρῖνος,
1199 564 1420 617 διήλλαξε
1453 563 1567 616 μετὰ
1597 570 1752 617 μῆνας

171 628 312 676 ὅλους
344 623 419 683 (ὄλ.
446 627 480 667 δ.
506 643 545 679 μ.
571 623 630 681 μ.)
662 625 903 679 τέτταρας,
930 627 936 676 Ι
965 622 1027 666 ὅτ’
1069 623 1156 679 ἐγὼ
1195 622 1280 677 μὲν
1311 622 1402 676 ’ἤδη
1441 622 1550 677 (add.
1592 622 1750 677 σχεδὸν)

170 687 490 742 ἀπεγνώκειν,
529 685 550 727 ὁ
583 684 631 726 δὲ
667 684 674 739 Ι
711 685 802 726 ὑπὸ
843 692 934 726 τῶν
978 685 1175 743 ἐπῳδῶν
1209 679 1324 736 ἧκεν
1364 678 1510 732 αὖθις
1551 681 1612 724 ἐπ’
1658 679 1750 736 (ὡς)

169 746 258 800 ἐμέ.
322 750 347 787 5
374 749 418 787 Β.
450 746 509 799 μὴ
543 745 694 799 μέλλε,
733 747 899 799 Βακχί,
936 745 1064 786 κάλει
1101 740 1306 799 (κάλεσον)
1345 742 1437 796 ἤδη
1469 742 1554 796 τὴν
1585 743 1751 796 Σύραν

171 803 254 863 (vel
284 805 358 860 τὴν
389 809 436 847 Σ.
469 804 549 860 ἤδη
581 803 722 861 κάλει).
754 808 827 862 ¹cf.
858 807 962 846 Mus.
993 806 1119 846 Rhen.
1151 806 1286 845 XLIII
1320 807 1388 845 58.
1422 807 1460 845 9.

825 912 953 955 1481.
988 911 1103 954 1482

290 988 492 1027 Lucianus
530 988 635 1026 Dial.
673 988 834 1026 meretr.
868 989 912 1037 6,
946 988 971 1026 3
1003 988 1185 1024 MHTHP.
1224 983 1303 1024 καὶ
1347 983 1426 1024 διὰ
1462 989 1600 1024 τοῦτο
1633 982 1693 1036 (δ.
1720 1000 1751 1024 τ.

171 1044 257 1099 καὶ)
285 1045 291 1097 Ι
319 1050 548 1098 φιλοῦσιν
580 1046 742 1098 αὐτήν.
804 1044 870 1086 καὶ
902 1044 1063 1086 ἐπειδὰν
1095 1040 1167 1100 (ἂν
1199 1039 1268 1099 δὲ)
1300 1048 1569 1096 κοιμᾶσθαι
1607 1042 1709 1100 δέη,

172 1105 365 1162 ἀσελγὲς
403 1104 548 1147 οὐδὲν
580 1103 681 1147 οὐδ’
716 1103 884 1158 ἀμελὲς
915 1104 1045 1157 ἐκείνη
1077 1103 1128 1144 ἅν
1159 1119 1195 1144 τι
1227 1104 1429 1159 ἐργάσαιτο
1463 1099 1714 1158 (ἐργάζεται),

172 1164 269 1208 ἀλλ’
309 1166 355 1216 ἐξ
392 1166 602 1215 ἅπαντος
633 1167 683 1206 ι«ὲν
719 1171 859 1206 τοῦτο
896 1170 1107 1219 θηρᾶται
1140 1160 1190 1219 (τ.
1214 1169 1258 1205 θ.
1290 1160 1450 1218 μόνον),
1479 1164 1484 1214 Ι
1512 1162 1566 1212 ὡς
1596 1163 1749 1217 ὑπαγά-

174 1243 282 1282 γοιτο
314 1225 380 1266 καὶ
411 1225 580 1279 ἐραστὴν
610 1226 813 1278 ποιήσειεν
846 1223 1036 1278 (sortasse
1068 1223 1122 1273 ὡς
1151 1223 1402 1278 ὑπαγάγηται
1432 1223 1526 1272 τοὺς
1558 1221 1752 1277 ἐραστάς).

292 1289 317 1326 4
345 1289 587 1324 ΘΤΓΑΤΗΡ.
620 1283 728 1341 (add.
760 1281 867 1340 ἀλλ’)
905 1283 1006 1326 εἰπέ
1044 1300 1142 1336 μοι,
1174 1279 1205 1324 ὦ
1237 1290 1357 1338 μῆτερ
1397 1280 1675 1338 (μαμμίδιον),
1713 1284 1754 1324 οἱ

172 1347 496 1400 μισθούμενοι
524 1346 530 1395 Ι
557 1346 730 1394 πάντες
760 1346 974 1387 τοιοῦτοί
1004 1345 1127 1385 εἰσιν
1154 1342 1272 1398 (εἰσὶν
1298 1359 1328 1385 τ.
1354 1339 1414 1398 π.)
1442 1339 1543 1392 οἷος
1570 1341 1750 1395 Εὔκρι-

170 1423 272 1457 τος,
306 1407 312 1455 Ι
346 1403 451 1459 μεθ’
481 1401 536 1446 οὗ
562 1404 678 1458 χθὲς
710 1405 981 1446 ἐκάθευδον
1008 1402 1141 1456 (’κάθ.
1173 1400 1324 1459 ἐχθές);
1351 1435 1360 1444 .
1382 1436 1390 1445 .
1413 1434 1421 1444 .
1452 1405 1504 1443 Μ.
1538 1403 1587 1444 οἵ
1613 1402 1751 1444 καλοὶ

170 1463 207 1507 δ’
238 1465 514 1520 αὐτὸμμόνον
546 1465 682 1506 καλοὶ
711 1466 717 1516 Ι
745 1463 977 1506 θέλουσιν
1008 1461 1144 1506 εἶναι.
1195 1463 1263 1505 καὶ
1294 1462 1368 1504 σοὶ
1400 1461 1448 1504 δὲ
1477 1461 1650 1516 μελέτω
1677 1462 1750 1503 ἀεὶ

169 1533 251 1568 τοῦ
281 1526 507 1585 πλείονος
538 1522 595 1582 (δ’
632 1524 693 1566 ἀεὶ
723 1540 754 1566 τ.
786 1529 847 1566 πλ.
877 1527 883 1576 Ι
911 1523 982 1581 μ.).

903 1643 1016 1686 1483

288 1720 491 1759 Lucianus
529 1719 633 1758 Dial.
666 1719 827 1758 meretr.
854 1719 899 1767 8,
927 1720 952 1757 3
993 1715 1150 1768 ἐπειδὴ
1191 1714 1234 1756 δὲ
1266 1715 1471 1756 ἐλθόντα
1509 1714 1622 1756 ποτὲ
1654 1713 1712 1771 (π.
1743 1712 1746 1771 Ι

170 1776 347 1833 ἐλθόντ’)
373 1776 616 1834 ἀπέκλῃσα
644 1800 695 1805 —-
725 1777 965 1829 Καλλίδης
995 1776 1082 1830 γὰρ
1108 1775 1129 1817 ὁ
1155 1775 1368 1830 γραφεὺς
1400 1775 1544 1816 ἔνδον
1569 1771 1628 1828 ἦν
1656 1776 1749 1830 (γὰρ

169 1839 249 1880 ἕνδ.
281 1833 348 1892 ἦν,
375 1839 381 1888 Ι
410 1836 431 1878 ὁ
456 1834 535 1893 γρ.)
569 1836 681 1878 δέκα
714 1836 925 1890 δραχμὰς
955 1836 1218 1888 πεπομφώς
1250 1832 1311 1890 (π.
1338 1837 1372 1876 δ.
1400 1831 1481 1890 δρ.)
1512 1858 1561 1863 ——
1590 1835 1632 1876 τὸ
1665 1834 1749 1888 μὲν

168 1906 342 1952 πρῶτον
375 1894 441 1954 (τὰ
471 1904 607 1953 πρῶτα
637 1892 730 1952 μὲν)
760 1898 766 1947 Ι
792 1895 980 1949 ἀπῆλθέ
1017 1912 1086 1949 μοι
1122 1896 1552 1950 λοιδορησάμενος·
1592 1895 1675 1936 ἐπεὶ
1707 1895 1749 1936 δὲ

170 1957 321 2012 (ἔπειτα
353 1956 389 1998 δ’
425 1953 498 2012 ὡς)
527 1955 534 2011 Ι
560 1956 731 1998 πολλαὶ
768 1954 840 2009 μὲν
879 1957 1085 2009 διῆλθον
1123 1954 1296 2009 ἡμέραι
1326 1986 1337 1997 .
1368 1986 1379 1996 .
1412 1988 1420 1996 .
1453 1954 1475 1996 ὃ
1506 1957 1748 2008 Καλλίδης

172 2018 214 2060 δὲ
247 2015 334 2075 (καὶ
357 2013 426 2073 Κ.)
463 2018 470 2068 Ι
507 2016 649 2058 ἔνδον
688 2013 747 2070 ἦν
779 2011 850 2072 (ἦν
882 2012 982 2071 ἕνδ.)
1024 2011 1190 2068 αὖθις,
1231 2015 1630 2069 ὑποθερμαινόμενος
1669 2014 1748 2068 ἤδη

168 2078 252 2120 τότε
283 2077 305 2119 ὅ
338 2077 661 2131 Δημόφαντος
697 2075 764 2116 καὶ
801 2076 919 2125 αὐτὸς
950 2074 1018 2130 (Δ.
1050 2072 1210 2130 αὐτίκα)
1245 2071 1250 2131 Ι
1289 2072 1567 2129 ἀναφλέγετ’
1602 2076 1670 2124 εἰς
1701 2076 1748 2117 τὸ

169 2145 381 2193 πρᾶγμα,
407 2137 638 2193 κάπιστάς
662 2151 774 2177 ποτε
803 2137 808 2185 Ι
836 2135 1092 2193 ἀνεῳγμένην
1123 2136 1297 2191 τηρήσας
1321 2134 1394 2188 τὴν
1419 2136 1555 2188 θύραν
1581 2134 1749 2187 ἔκλαεν,

170 2198 333 2239 ἔτυπτε
345 2214 386 2250 ν,
430 2196 581 2250 ἠπείλει
623 2196 858 2249 φονεύσειν,
896 2197 1178 2251 περιερρήγνυε
1218 2195 1291 2248 τὴν
1327 2194 1498 2248 ἐσθῆτα,
1535 2194 1541 2248 Ι
1578 2193 1745 2236 ἅπαντ’

170 2258 342 2308 ἐποίει,
380 2256 459 2298 καὶ
495 2256 626 2306 τέλος
662 2257 896 2297 τάλαντον
935 2256 1050 2304 δοὺς
1087 2252 1188 2311 (τάλ.
1220 2257 1255 2296 δ.
1286 2252 1378 2310 τέλ.)
1406 2252 1412 2311 Ι
1440 2255 1585 2308 μόνος
1623 2251 1748 2308 εἶχεν

169 2316 287 2359 ὀκτὼ
320 2317 436 2365 ὅλους
461 2323 630 2370 μῆνας·
662 2314 687 2368 ἡ
714 2315 834 2370 γυνὴ
863 2314 911 2356 δὲ
937 2315 1060 2356 αὐτοῦ
1084 2315 1202 2369 πρὸς
1226 2316 1439 2364 ἅπαντας
1465 2315 1594 2369 ἔλεγεν
1621 2312 1716 2370 (ἔφη
1741 2312 1744 2369 Ι

170 2377 269 2430 πρὸς
306 2373 416 2432 sim),
454 2375 513 2425 ὡς
549 2375 640 2417 ὑπὸ
679 2376 946 2429 φαρμάκων
977 2375 1190 2428 ἐκμήναιμι
1220 2375 1353 2416 αὐτόν.
1414 2375 1463 2415 τὸ
1496 2372 1532 2415 δ’
1567 2370 1625 2427 ἦν
1658 2373 1747 2428 ἄρα

172 2438 432 2490 ζηλοτυπία
462 2436 511 2477 τὸ
542 2437 798 2489 φάρμακον
830 2432 1020 2491 (fortasse
1053 2438 1082 2484 ζ.
1115 2434 1157 2476 δὲ
1187 2433 1293 2477 τοῦτ’
1327 2432 1391 2488 ἄρ’
1426 2430 1478 2488 ἦν
1509 2434 1552 2475 τὸ
1584 2432 1660 2489 φ.).

902 2541 1017 2584 1484

291 2617 494 2656 Lucianus
536 2617 642 2656 Dial.
685 2618 845 2656 meretr.
879 2619 922 2667 9,
958 2619 978 2655 1
1023 2614 1356 2667 ἀπολώλαμεν,
1394 2609 1424 2654 ὦ
1462 2612 1746 2667 κεκτημένη,

172 2676 503 2728 ἀπολώλαμεν·
532 2671 536 2730 Ι
558 2674 580 2716 ὁ
606 2674 837 2727 Πολέμων
862 2674 951 2716 ἀπὸ
977 2680 1058 2727 τῆς
1083 2675 1327 2728 στρατείας
1353 2670 1451 2729 (ἀπὸ
1476 2689 1507 2714 τ.
1533 2686 1611 2727 στρ.
1632 2673 1653 2714 ὁ
1672 2673 1746 2728 Π.)

171 2735 385 2789 ἀνέστρεψε
430 2732 620 2790 (fortasse
663 2732 929 2787 ἀνελήλυθεν)
963 2732 969 2788 Ι
1001 2738 1220 2775 πλουτῶν
1251 2765 1261 2774 .
1294 2767 1301 2775 .
1334 2733 1508 2785 ἑόρακα
1552 2732 1594 2774 δὲ
1637 2733 1745 2788 κάγὼ

176 2795 297 2837 αὐτὸν
329 2795 536 2848 ἐφεστρίδα
566 2795 868 2848 περιπόρφυρον
893 2793 1249 2848 ἐμπεπορπημένον
1281 2825 1291 2834 .
1317 2827 1324 2834 .
1352 2825 1362 2834 .
1393 2793 1436 2834 ἐν
1467 2793 1641 2850 τοσούτῳ
1673 2790 1743 2848 δὲΙ

177 2851 282 2911 (καὶ)
312 2854 393 2896 τὸν
423 2851 680 2907 θεράποντ’
716 2854 887 2895 ἰδοῦσα
917 2854 1117 2895 κατόπιν
1148 2853 1403 2906 ἑπόμενον,
1437 2855 1442 2899 Ι
1470 2851 1520 2901 ὃς
1552 2865 1745 2894 συναπο-

135 2971 146 2979 ·
173 2915 434 2968 δεδημήκει
483 2911 575 2967 μετ’
624 2912 771 2956 αὑτοῦ
810 2945 859 2955 ..
904 2913 987 2955 εἰπέ
1030 2930 1117 2967 μοι,
1160 2914 1283 2966 ἔφην,
1315 2909 1345 2954 ὦ
1381 2910 1703 2967 “Παρμένων’,
1738 2910 1742 2969 Ι
