2014 3334
527 234 892 268 KATAAOPAAHN
917 233 1438 267 ΜΕΤΕΣΧΗΜΑΤΙΣΜΕΝΑ
1680 230 1767 272 669

193 345 446 399 δυσμενεῖς
477 343 743 398 ὑπερχόμενος
773 340 962 401 (ΐοήαεεο
993 343 1060 384 καὶ
1090 343 1318 384 κολακεύων
1351 340 1404 396 δ.)
1433 342 1439 397 Ι
1472 342 1551 383 καὶ
1582 342 1647 383 ἔτι
1677 343 1767 383 τού-

192 421 272 447 των
302 404 595 457 ἑλεεινότερα
621 403 780 458 φέρων
807 401 970 460 (κάλειν.
986 420 1029 456 φ.
1050 400 1139 458 ἔτ’),
1166 400 1236 456 ἆρ’
1265 403 1539 457 έλεύθερος;
1566 401 1574 455 Ι
1600 403 1768 455 ἥκιστά

191 461 252 519 γ’·
284 462 368 506 ἀλλ’
402 464 722 517 ἀνδραπόδων
753 462 825 517 μὲν
856 463 974 513 αὐτὸς
1005 463 1062 504 ἂν
1093 464 1164 516 εἴη
1197 463 1447 515 δεσπότης,
1475 460 1481 516 Ι
1509 468 1687 516 χρυσοῦ
1719 461 1768 503 δὲ

194 525 382 573 δοῦλος·
414 522 526 566 οὐδὲ
555 523 643 578 γὰρ
674 525 839 573 Μίδας
869 523 1018 572 ἐκεῖνος
1049 521 1070 563 ὁ
1106 523 1236 576 Φρὺξ
1263 520 1270 575 Ι
1298 523 1505 575 ἐλεύθερος
1537 517 1601 575 ἧν.

315 588 383 637 70,
418 587 470 626 19
503 585 650 638 γίνεται
682 583 731 637 δὴ
769 583 867 624 κατὰ
897 582 970 636 τὴν
1005 584 1225 637 παροιμίαν
1268 582 1388 635 ἀνὴρ
1431 582 1552 636 ἐρῶν
1592 581 1597 631 Ι
1637 585 1769 623 Μεσ-

193 642 376 697 σηνίων
419 643 703 697 δουλότερος
747 640 939 699 (foreasse
977 642 1040 684 ἀν.
1072 642 1126 697 ἕρ.
1156 643 1231 697 γὰρ
1270 644 1379 683 δουλ.
1405 638 1487 698 Μ.)
1550 645 1599 684 ef.
1631 644 1770 684 Cobet.

192 705 359 745 Collect.
385 705 473 744 crit.
497 707 579 743 122
606 707 705 744 extr.

316 766 383 816 73,
410 766 466 804 14
497 762 590 812 τοὺς
618 762 691 816 μὲν
715 758 905 818 (οἰκέτας)
930 759 1067 815 ἡμεῖς
1092 759 1200 816 (add.
1219 758 1621 817 ἄρ’)ἡνιοχοῦμεν,
1645 760 1769 815 ἡμᾶς

107 834 110 835 ’
193 820 230 863 δ’
266 823 314 864 οἰ
339 822 492 875 νόμοι.

314 886 473 998 76,)21
512 887 640 924 θεῶν
677 883 823 936 ἱερεῖς
860 881 1054 932 δόξαιεν
1090 880 1148 922 ἄν
1179 894 1280 923 τισιν
1318 881 1570 935 ἐλεύθεροι
1600 878 1656 938 (δ.
1688 883 1769 937 ἷερ.

193 941 245 983 ἂν
273 947 317 983 θ.
348 941 400 984 έλ.

313 1006 388 1055 79,
427 1005 451 1043 2
490 1000 572 1042 κᾶν
608 1000 668 1055 μὴ
706 1005 834 1042 θεῶν
870 1002 1046 1051 παῖδας
1083 1000 1314 1058 ἀποφήνῃ
1350 1001 1461 1051 τοὺς
1496 1000 1637 1050 νέους
1676 998 1770 1055 (κᾶν

191 1061 345 1115 μάποφ.
375 1061 468 1110 τοὺς
498 1078 534 1103 ν.
559 1076 600 1102 π.
631 1057 714 1117 θ.),
747 1063 754 1113 Ι
787 1061 876 1102 κᾶν
918 1057 1002 1102 ὦσι
1045 1062 1250 1113 λίθινοι,
1294 1060 1434 1118 τέχνῃ
1477 1062 1643 1114 νικήσας
1686 1061 1771 1114 τὴν

192 1122 342 1174 φύσιν
373 1119 465 1177 (τὴν
490 1138 534 1174 φ.
567 1128 690 1162 νικῶν
719 1118 868 1179 τέχνῃ),
896 1119 903 1174 Ι
936 1122 1165 1175 κατηγορίαι
1195 1120 1337 1162 πολλαὶ
1362 1152 1371 1161 .
1392 1154 1400 1162 .
1422 1153 1431 1162 .
1456 1125 1509 1178 τῷ
1541 1120 1583 1162 δὲ
1614 1121 1770 1175 ἀνάγκη

190 1183 354 1223 κύπτειν
384 1182 440 1231 εἰς
470 1188 548 1236 γῆν
579 1212 589 1222 .
621 1212 631 1222 .
662 1212 672 1222 .
702 1188 749 1238 τῇ
783 1181 789 1233 Ι
824 1188 930 1238 σιγῇ
967 1179 1358 1234 καταπραΰνοντι
1394 1180 1475 1222 τὸν
1513 1182 1770 1233 φιλαίτιον.

313 1245 388 1294 81,
430 1245 481 1283 16
527 1240 641 1282 ἀλλὰ
687 1242 924 1295 δύσβατος
966 1239 1057 1293 μὲν
1087 1239 1108 1281 ὅ
1147 1241 1378 1290 σκόπελος
1414 1237 1518 1297 (ἀλλ’
1554 1239 1575 1282 ὁ
1608 1253 1668 1283 σκ.
1698 1240 1771 1294 μὲν

193 1298 340 1358 δύσβ.),
368 1302 374 1352 Ι
401 1300 655 1355 πειρατέον
687 1298 725 1341 δ’
760 1296 848 1342 οὖν
879 1300 997 1342 κούκ
1027 1300 1405 1342 ἀποδειλιατέον.

313 1364 382 1412 84,
417 1365 470 1402 18
503 1357 566 1417 (οἰ
593 1356 831 1416 δημηγόροι)
863 1361 1023 1415 λόγοις
1053 1359 1507 1414 κεκαλλιεπημένοις
1534 1361 1541 1412 Ι
1568 1359 1770 1416 ἄγουσιν

191 1421 314 1475 ὑμᾶς
343 1417 430 1477 (ἡμ.
455 1422 554 1462 Bav.
580 1424 621 1461 et
647 1417 765 1476 Mor.)
798 1420 951 1475 ὥσπερ
983 1418 1185 1476 (ὡσπερεὶ)
1217 1421 1507 1475 βοσκήματα.

312 1484 379 1531 88,
400 1484 455 1522 23
487 1480 781 1522 ἀσθενοῦντι
813 1478 850 1521 δ’
880 1479 1040 1538 οἰκέτῃ
1068 1478 1074 1534 Ι
1102 1482 1183 1534 μία
1214 1480 1413 1535 φροντὶς
1443 1477 1531 1535 (φρ.
1552 1477 1643 1536 μία)
1662 1480 1771 1534 τάρ-

192 1541 433 1594 ρώστημα,
465 1541 730 1594 φαρμάκων
762 1539 809 1581 δὲ
848 1538 1037 1594 (fortasse
1070 1538 1106 1580 δ’
1141 1539 1238 1594 ἄρα)
1265 1538 1271 1595 Ι
1299 1540 1366 1582 καὶ
1397 1541 1542 1595 ἰατρῶν
1572 1540 1640 1581 καὶ
1670 1540 1772 1598 ἐπῳ-

193 1603 275 1643 δῶν
314 1600 436 1658 ἄλλῳ
479 1601 682 1654 μελήσει.
769 1604 813 1653 9,
847 1604 870 1641 2
917 1597 1011 1641 ἀλλ’
1060 1597 1172 1656 (add.
1205 1596 1298 1656 οὗν)
1343 1599 1364 1641 ὅ
1403 1602 1578 1650 δοῦλος
1615 1598 1768 1641 ἄλλοτ’

110 1667 114 1671 ”
193 1660 341 1702 ἄλλου
368 1662 566 1715 γίνεται.

310 1723 502 1774 pleraque
532 1722 675 1760 horum
706 1721 757 1760 ad
788 1719 905 1773 ῥῆσιν
923 1721 1126 1771 pertinere
1146 1721 1335 1762 videntur
1365 1721 1538 1761 hominis
1571 1721 1769 1760 neminem

192 1782 424 1822 mortalium
461 1782 637 1820 liberum
674 1793 760 1821 esse
798 1781 1121 1821 demonstrantis.
1182 1784 1352 1832 possunt
1389 1794 1475 1821 esse
1514 1782 1769 1830 Philemonis,

193 1842 307 1882 eujus
338 1841 545 1882 simillima
575 1843 638 1880 est
668 1841 891 1892 disputatio
922 1854 970 1880 ex
1003 1842 1197 1882 Thebanis
1227 1843 1414 1892 excerpta
1445 1836 1513 1895 (fr.
1540 1838 1630 1895 31).

836 1958 949 2001 1522
963 1983 1009 1989 -
1025 1957 1138 2001 1525

314 2033 520 2083 Libanius„
555 2030 713 2085 Μελέτη
744 2032 992 2087 πραγματική
1024 2033 1108 2072 IIII
1142 2034 1376 2072 134—150
1406 2033 1614 2081 Δύσκολος
1644 2032 1772 2087 γήμας

194 2093 314 2134 λάλον
345 2096 517 2147 γυναῖκα
549 2091 690 2133 ἑαυτὸν
719 2091 1009 2147 προσαγγέλλει.

317 2155 414 2204 140,
449 2156 469 2192 1
504 2151 547 2193 ἐκ
577 2153 790 2205 βαλανείου
828 2150 865 2192 δ’
900 2152 942 2193 εἴ
964 2149 1050 2193 ποτ’
1093 2151 1369 2204 ἀναστρέψειε,
1401 2158 1480 2203 φεῦ
1512 2158 1593 2205 τῆς
1625 2151 1770 2205 ἐπομ-

195 2213 332 2266 βρίας
374 2218 464 2252 τῶν
507 2212 741 2265 ῥημάτων.
806 2216 829 2253 6
875 2212 970 2252 τίνι
1008 2214 1014 2263 Ι
1054 2211 1102 2252 τὸ
1147 2212 1404 2265 πρόσωπον
1447 2210 1769 2264 έψιμυθίωτο·

194 2273 263 2321 τίς
299 2267 405 2325 εὗρε
442 2272 607 2325 νίτρον
646 2268 700 2328 (ν.
735 2270 741 2325 Ι
775 2267 928 2327 εὗρεν)·
965 2272 1022 2320 τίς
1059 2271 1235 2312 ἀπώλεσε
1267 2272 1483 2312 σάνδαλον·
1521 2273 1589 2320 τίς
1623 2269 1629 2326 Ι
1664 2271 1772 2312 ἀνέ-

194 2341 337 2385 τρεψε
380 2337 462 2384 τῆς
505 2332 853 2385 βαλανευτρίας
896 2330 980 2383 τὴν
1025 2331 1234 2385 ἐμβολήν
1277 2327 1378 2387 (scr.
1409 2330 1623 2386 ἐμπολήν)·
1653 2333 1658 2382 Ι
1686 2331 1771 2383 τὴν

197 2393 378 2433 δοῦσαν
418 2389 591 2444 ὀβολὸν
628 2395 687 2449 τῷ
725 2393 930 2445 βαλανεῖ
955 2387 1065 2446 (add.
1097 2388 1182 2446 καὶ)
1220 2391 1303 2443 τὴν
1339 2390 1484 2431 πλέον
1512 2390 1518 2445 Ι
1547 2389 1656 2446 (add.
1687 2391 1772 2443 καὶ)

197 2451 282 2504 τὴν
313 2450 524 2503 ἔλαττον,
554 2450 627 2503 τὴν
659 2450 793 2504 οὐδέν,
821 2447 826 2503 Ι
854 2450 930 2491 καὶ
961 2450 1047 2503 τὴν
1078 2450 1167 2491 ἀπὸ
1200 2458 1282 2492 τοῦ
1313 2450 1372 2504 μὴ
1407 2452 1550 2492 δοῦναι
1580 2453 1772 2504 προστί-

198 2516 316 2564 θησι
341 2507 418 2566 (sic
443 2510 515 2565 W)
536 2512 689 2564 μάχην
715 2507 907 2567 (fortasse
926 2510 992 2551 καὶ
1016 2524 1150 2565 προστ.
1175 2510 1248 2563 τὴν
1267 2510 1346 2551 ἀπὸ
1365 2517 1435 2551 τοῦ
1460 2509 1585 2563 μηδὲν
1610 2507 1771 2566 μάχην).

321 2573 374 2611 12
419 2568 507 2625 ἐγὼ
552 2569 600 2611 δὲ
642 2572 836 2625 φρίττω,
881 2570 1032 2624 ρ”εῦμα
1079 2569 1240 2624 ἕτερον
1290 2570 1607 2624 ἐπερχόμενον
1650 2569 1772 2623 ὀρῶν

199 2628 343 2686 (ἕπερχ.
380 2628 437 2683 ὁρ.
476 2633 482 2679 Ι
522 2627 591 2685 ἔτ.)
628 2662 637 2670 .
670 2661 679 2671 .
712 2663 721 2671 .
759 2630 824 2671 καὶ
861 2630 1270 2685 καταμαστιγούμενος
1312 2629 1394 2684 (sic
1425 2626 1549 2684 Mor.)
1587 2629 1772 2683 ἀναμένω

199 2696 269 2743 τῆς
299 2693 432 2738 λαλιᾶς
459 2687 466 2744 Ι
493 2688 795 2743 ἀνάπαυλαν,
827 2690 1042 2743 οἰμώζων
1073 2688 1181 2744 (add.
1200 2689 1262 2744 γε)
1294 2689 1371 2730 καὶ
1401 2687 1764 2746 καταρώμενοςΙ

200 2754 254 2807 τῷ
283 2750 426 2806 γάμῳ.
509 2753 562 2791 16
594 2747 620 2802 ἡ
653 2747 690 2790 δ’
725 2749 776 2790 ἂν
817 2751 1005 2802 αἴσθηται
1041 2748 1265 2801 στένοντος,
1303 2747 1363 2790 ἐπ’
1399 2750 1520 2790 αὐτὸν
1558 2749 1623 2802 ε’μὲ
1655 2747 1772 2805 (haec

200 2811 282 2851 tria
312 2811 435 2851 verba
464 2822 540 2850 om.
560 2807 631 2864 W)
655 2811 844 2863 κεκίνηκα
870 2806 996 2866 (κινεῖ
1015 2806 1087 2864 W)
1119 2809 1188 2850 τὸν
1219 2809 1444 2863 ἀνάγυρον,
1483 2809 1563 2850 καὶ
1586 2807 1653 2850 ετί
1682 2807 1769 2850 σοι’

201 2865 343 2924 φησίΙ
367 2865 472 2909 ετοῖιν
503 2868 644 2910 ἔνδον
675 2869 770 2923 ἔχει
799 2867 973 2918 κακῶς’
1007 2867 1096 2924 (καί
1116 2881 1216 2922 φησι
1253 2866 1331 2909 (σοὶ
1353 2865 1358 2924 Ι
1380 2870 1473 2909 τίκ.
1499 2868 1550 2922 ἕχ.
1576 2884 1606 2910 τ.
1632 2866 1771 2925 ἔνδ.’);

201 2928 268 2970 καὶ
299 2924 418 2985 (εἶτα)
448 2929 710 2984 κατάλογος
737 2927 743 2985 Ι
771 2928 983 2971 ἐνταῦθα
1014 2935 1104 2970 τῶν
1135 2929 1364 2981 ἐπίπλων,
1395 2927 1527 2983 μέχρι
1559 2925 1668 2984 (add.
1694 2926 1771 2985 τοι)
