2014 3334
0 208 26 294 Ξ
513 225 931 261 ΑΜΦΙΣΒΗΤΗΣΙΜΑ
957 228 1040 261 KAI
1065 228 1459 263 ΨΕΤΔΕΠΙΓΡΑΦΑ
1694 228 1782 271 263

0 314 41 371 Ξῖ
935 337 1050 379 1078

23 400 30 470 ἰ
488 396 675 447 τύντλος

20 471 27 479 ’
321 470 445 524 πηλὸς
475 469 542 511 καὶ
571 470 749 524 τάραχος.
802 469 1056 524 Μένανδρος.
1090 473 1260 513 Photius
1293 475 1342 513 of.
1375 474 1502 525 Sosip.
1537 477 1606 515 35.

936 577 1049 620 1079

489 635 708 680 ὑπόθεσιν

321 711 407 752 ἀντὶ
439 718 510 752 τοῦ
541 710 772 764 ὑποθήκην.
821 711 1078 766 Μένανδρος.
1128 713 1302 752 Bekker.
1334 714 1482 754 Anecd.
1513 717 1608 765 115,
1646 718 1680 754 1.

937 818 1052 862 1080

488 879 661 935 φερνήν

321 952 394 1004 τὴν
413 953 767 1006 προῖκα,Αι’σχίνης
787 951 845 993 δ”
823 952 951 1006 ρήτωρ
971 969 1037 993 και
1025 952 1302 1006 Μένανδρος.
1316 955 1486 994 Photius
1501 958 1541 994 et
1555 956 1782 1007 Etymolog.

202 1029 251 1053 m
281 1015 379 1066 790,
406 1015 474 1054 49.
524 1014 743 1054 Herodian.
766 1014 786 1052 I
813 1015 914 1065 327,
942 1016 995 1054 23
1023 1013 1065 1054 τὸ
1097 1013 1226 1067 φερνή
1257 1012 1283 1067 ἡ
1315 1015 1430 1067 προίξ
1461 1014 1569 1067 παρὰ
1600 1015 1642 1055 τὸ
1674 1014 1782 1069 φέρω

203 1071 392 1122 ὀξύνεται.
442 1075 491 1113 cf.
512 1074 553 1113 II
575 1076 672 1126 227,
695 1076 763 1114 10.
792 1076 889 1124 939,
913 1077 950 1114 9.

936 1180 1050 1224 1081

489 1239 796 1296 φρυάττεσθαι

321 1314 363 1355 τὸ
395 1308 744 1367 καταπλήττεσθαιζ
794 1314 919 1363 οὕτως
950 1313 1203 1368 Μένανδρος.
1255 1316 1485 1368 Etymolog.
1515 1331 1566 1356 m.
1594 1319 1693 1369 801,
1728 1320 1780 1358 17

202 1378 244 1415 et.
276 1376 441 1426 Suidas,
473 1376 539 1426 qui
574 1376 723 1414 rectius
748 1374 1053 1427 καταπλήττει-ν
1086 1378 1128 1415 et
1158 1378 1250 1427 post
1281 1373 1526 1428 Μένανδρος
1558 1377 1680 1417 adicit
1719 1376 1784 1417 καὶ

201 1434 496 1487 φρυαττόμενος
540 1433 561 1475 ὁ
601 1433 859 1488 ἐπαιρόμενος
905 1434 965 1488 (in
1010 1436 1186 1487 Etymol.
1232 1439 1324 1475 ante
1363 1435 1670 1491 φρυάττεσθαι).
1733 1439 1782 1477 ef.

202 1496 439 1548 Wesseling.
474 1495 589 1535 Diod.
623 1495 700 1535 Sic.
734 1497 772 1545 4,
806 1499 873 1536 74.
914 1529 921 1536 .

935 1589 1051 1632 1082

487 1649 663 1706 χλωρόν

321 1723 364 1764 τὸ
395 1722 584 1776 ἀκμάζον.
635 1721 891 1778 Μένανδρος.
941 1723 1100 1764 Suidas.

523 1840 939 1874 ΑΜΦΙΣΒΗΤΗΣΙΜΑ
963 1841 1048 1874 ΚΑΙ
1072 1840 1464 1874 ΨΕΤΔΕΠΙΓΡΑΦΑ

937 1914 1053 1957 1083

490 1986 599 2029 ὅταν
630 2001 696 2038 τις
726 1985 854 2042 ἡμῶν
886 1985 1131 2043 ἀμέριμνον
1162 1987 1239 2043 ἔχῃ
1270 1986 1387 2041 βίον,

490 2058 573 2101 οὐκ
605 2057 874 2102 ἐπικαλεῖται
904 2058 986 2114 τὴν
1017 2058 1157 2115 τύχην
1189 2058 1488 2114 εὐδαιμονῶν·

491 2130 598 2174 ὅταν
631 2127 680 2174 δὲ
712 2130 872 2182 λύπαις
901 2129 1116 2187 περιπέσῃ
1147 2128 1221 2174 καὶ
1251 2129 1520 2186 πράγμασιν,

490 2201 630 2253 εὐθὺς
659 2202 903 2259 προσάπτει
935 2208 987 2259 τῇ
1018 2202 1127 2260 τύχῃ
1160 2202 1243 2257 τὴν
1275 2203 1434 2244 αἰτίαν.

326 2290 510 2340 Compar.
541 2290 647 2329 Men.
679 2294 720 2330 et
750 2290 856 2329 Phil.
890 2292 973 2330 357
1016 2285 1290 2343 (Studemund
1326 2292 1377 2328 12
1395 2302 1452 2340 sq.
1483 2303 1521 2340 p.
1557 2283 1631 2341 19)
1670 2286 1783 2328 Μέν-

204 2351 361 2402 ανδρος.
426 2349 624 2389 Sssobaeus
663 2349 748 2390 Ecl.
782 2352 826 2399 2,
859 2352 927 2401 46,
970 2352 1019 2389 11
1063 2350 1270 2390 Wachsm.
1308 2344 1487 2404 (Φ)ιλῆτ·
1535 2346 1785 2401 (Φιλήμονος

210 2405 361 2463 Mein..)
399 2409 440 2448 in
466 2422 588 2450 versu
613 2411 635 2449 1
670 2410 918 2450 emendando
952 2411 1201 2450 desudarunt
1219 2409 1785 2463 Meinekius,Hemve1-denus

205 2469 298 2510 Obs.
325 2470 414 2509 crit.
448 2471 516 2520 93,
547 2469 882 2509 Wachsmuthius
914 2467 1153 2524 (ἀμέριμνον
1185 2469 1279 2509 ὅταν
1311 2468 1378 2525 ἔχῃ
1413 2486 1470 2518 τις
1500 2465 1614 2519 ἡμῶν
1646 2466 1714 2507 τὸν
1746 2469 1783 2520 β.

207 2530 269 2570 vel
307 2528 401 2568 ὅται
439 2526 512 2579 μὲν
548 2527 614 2580 ἀμ.
646 2544 703 2577 τις
740 2527 807 2581 ἡμ.
839 2531 883 2585 ζῃ
922 2530 1014 2583 βίον
1054 2531 1190 2581 Mein,
1229 2527 1344 2582 ἡμῶν
1382 2528 1454 2581 μὲν
1485 2528 1632 2575 Her.‚w
1670 2525 1784 2579 ἡμῶν

204 2588 279 2643 γὰρ
300 2584 393 2643 W..)
456 2591 495 2628 2.
529 2587 748 2641 εὐδαίμονα
781 2591 889 2630 Stob.
924 2591 966 2629 L
1000 2591 1024 2629 i.
1046 2603 1078 2629 e.
1105 2587 1131 2642 ἢ
1152 2585 1236 2643 (vel
1263 2587 1330 2640 οὐ)
1365 2590 1547 2641 δαίμονα.
1612 2590 1648 2627 3.
1683 2586 1783 2627 ἐπὰν

205 2649 258 2688 id.
290 2646 453 2704 ἐπιπέσῃ
486 2648 623 2700 Comp.

939 2718 1055 2762 1084

493 2789 553 2845 μὴ
585 2785 670 2832 οὖν
698 2788 806 2833 θέλε
837 2793 994 2834 λυπεῖν
1027 2790 1194 2833 σαυτὸν
1226 2789 1356 2839 εἰδὼς
1388 2788 1455 2830 ὅτι

493 2864 675 2912 πολλοῖς
704 2861 754 2904 τὸ
786 2865 961 2904 λυποῦν
990 2861 1181 2917 ὕστερον
1210 2860 1352 2916 χαρὰν
1383 2860 1479 2914 ἄγει

494 2931 565 2976 καὶ
598 2933 647 2976 τὸ
679 2935 815 2978 κακὸν
846 2934 1024 2989 ἀγαθοῦ
1055 2934 1224 2988 γίνεται
1255 2933 1504 2988 παραίτιον.
