2014 3334
868 245 1170 280 ΘΕΟΓΝΗΤΟΣ
1722 241 1810 283 365

226 391 227 394 ¹
338 359 570 399 Athenaeus
586 359 760 406 3,104b
779 356 879 411 πρὸς
899 355 970 405 οὓς
989 355 1055 396 καὶ
1073 355 1292 409 Θεόγνητος
1307 352 1488 409 (θέογνις
1503 355 1532 394 O
1554 356 1658 394 teste
1671 354 1789 393 Dind.
1793 350 1809 406 )

221 418 266 460 ἐν
302 419 482 471 Φάσματι
507 416 533 471 ἢ
563 417 799 492 Φιλαργύρῳ
832 416 957 469 φησὶν
989 415 1032 457 ἐκ
1063 415 1215 456 τούτων
1231 411 1290 470 (P)
1318 418 1397 454 κτλ.
1459 429 1494 456 v.
1518 417 1599 455 6-
1609 417 1664 455 10
1685 415 1809 454 Athe-

222 493 346 519 naeus
381 481 447 530 15,
481 480 600 519 671b
633 478 705 535 οἴῳ
737 500 794 506 -
827 472 1062 531 συνῴκισεν,
1099 475 1198 516 κατὰ
1235 474 1277 516 τὸ
1310 474 1537 528 Θεογνήτου
1568 480 1639 515 τοῦ
1670 489 1810 530 κωμῳ-

223 540 408 580 διοποιοῦ
443 538 609 590 Φάσμα,
647 537 878 590 ἕπαρίστερα
910 540 987 577 κτλ.
1070 540 1108 576 2.
1140 539 1270 584 νοσεῖς
1298 534 1428 586 Grot]
1469 538 1599 583 νοσεῖς
1631 533 1730 587 ἐρεῖς
1762 536 1811 573 Λ.

226 602 264 639 3.
295 599 448 652 πάχνη,
485 612 566 639 non
602 598 769 651 πάχνης,
801 598 849 637 Α.
933 600 971 637 4.
1004 595 1143 644 οὐθεὶς
1174 596 1224 635 A.
1306 598 1344 635 6.
1377 594 1608 647 συνώκῆσεν
1642 596 1678 634 Α
1713 597 1810 634 671.

226 662 263 700 7.
306 657 457 712 πονηρέ
494 658 543 710 C]
589 658 738 711 πόνηρε
778 660 811 697 Α
855 658 1083 708 utrubique.
1173 659 1211 697 8.
1249 653 1516 731 ἀγατέτροφέν
1559 655 1603 695 G.
1636 655 1682 695 B.
1716 655 1811 694 Hil-

224 720 348 771 schig.
382 721 485 760 Ann.
518 720 604 759 crit.
640 718 715 769 32]
748 715 1012 771 ἀντέστροφέν
1044 717 1079 756 Α
1115 718 1212 757 104.
1264 713 1507 768 ἀνέστροφέν
1539 715 1576 754 Α
1611 717 1708 755 671.
1774 718 1810 755 9.

222 778 290 819 καὶ
320 778 428 820 ουνῖο
460 779 499 818 Α
532 781 784 819 671.1Ο.
818 776 940 818 οὐδέν
973 776 1021 828 C]
1063 774 1191 817 οὐθέν
1218 777 1254 815 Α
1287 777 1514 827 utrubique.
1566 781 1644 815 τῶν
1677 788 1753 815 om.
1774 775 1811 814 A

226 842 309 880 104
341 834 526 894 (Bruns).
576 844 658 879 σῶν
690 852 765 879 om.
793 838 823 878 O
850 839 945 878 ibid.

343 902 381 940 3.
414 901 462 940 cf.
496 900 629 951 adesp.
661 901 757 940 104.
821 901 858 939 6.
885 899 1033 939 Zenob.
1067 900 1106 949 5,
1139 899 1193 938 35
1240 896 1311 953 οἴῳ
1355 893 1396 948 μ’
1439 894 1460 936 ὃ
1494 896 1648 948 δαίμων
1685 893 1812 948 τέρατι

222 961 525 1035 συγκαθεῖρξεν·
565 958 628 999 ἐπὶ
658 965 736 999 τῶν
770 957 1172 1011 δυσανασχετούντων
1202 956 1269 997 ἐπί
1296 971 1373 996 τινι
1406 957 1590 1009 δυσχερεῖ
1613 955 1812 1009 πράγματι

222 1018 369 1074 λέγεται
412 1017 438 1072 ἡ
482 1020 686 1072 παροιμία.
745 1018 957 1071 Κύκλωψ
1000 1018 1110 1072 γάρ
1121 1017 1200 1058 ε’στι
1245 1017 1377 1070 δρᾶμα
1424 1014 1693 1064 Φιλοξένου
1740 1021 1811 1056 τοῦ

221 1085 412 1132 ποιητοῦ,
450 1079 493 1120 ἐν
531 1096 562 1137 ῳ
594 1077 856 1127 Ὀδυσσεὺς
887 1076 1134 1132 περισχεθεὶς
1170 1080 1223 1134 τῷ
1260 1082 1331 1118 τοῦ
1369 1076 1593 1125 Κύκλωπος
1632 1076 1811 1132 σπηλαίῳ

222 1138 323 1194 λέγει
341 1143 419 1180 κτλ.
470 1141 519 1181 cf.
537 1123 778 1192 ‘Diogenian
802 1143 839 1191 7,
863 1142 929 1180 19.
974 1139 1158 1190 Apostol.
1183 1141 1249 1187 12,
1272 1139 1340 1178 52.
1384 1138 1591 1178 Philoxen.
1614 1140 1637 1177 9
1660 1137 1809 1188 Bergk.

221 1201 486 1241 Philoxenum
506 1200 743 1252 Cytherium
776 1213 894 1250 saepe
925 1200 1077 1239 imitati
1110 1201 1205 1239 sunt
1236 1198 1386 1238 comici.
1439 1198 1488 1238 cf.
1516 1210 1616 1249 quae
1649 1197 1701 1236 ad
1727 1197 1812 1235 An-

223 1261 402 1312 tiphanis
435 1262 638 1311 Cyclopem
669 1260 961 1300 adnotavimus.
1026 1262 1063 1300 8.
1097 1259 1334 1309 Antiphont.
1370 1258 1520 1297 Tetral.
1557 1261 1576 1296 1
1607 1258 1633 1309 β
1666 1259 1689 1296 2
1725 1255 1812 1308 ἐμοὶ

224 1322 301 1368 ζῶν
332 1320 551 1373 ἅνθρωπος
581 1319 885 1373 ἀνατροπεύς
916 1325 999 1360 τοῦ
1032 1319 1141 1372 βίου
1175 1316 1324 1372 ἐγένετο
1353 1313 1597 1372 (Hirsohig).
1623 1317 1811 1357 Aeschin.

225 1383 266 1432 3,
290 1383 371 1421 158
400 1380 468 1421 τὸν
499 1379 572 1432 τὴν
591 1378 764 1421 Ἑλλάδα
789 1378 856 1420 καὶ
875 1378 947 1431 τὴν
966 1379 1083 1420 πόλιν
1106 1377 1236 1432 ἄρδην
1262 1377 1567 1431 ἀνατετροφότα.
1617 1377 1811 1417 Andocid.

226 1444 262 1492 1,
297 1443 350 1481 31
385 1437 626 1494 (Ἱππόνικος
657 1439 726 1481 τὸν
752 1435 862 1495 υἱὸν)
895 1439 1098 1493 ἀλιτήριον
1130 1438 1237 1495 αὐτῷ
1269 1437 1444 1491 ἔτρεφεν,
1476 1435 1520 1486 ὃς
1546 1435 1813 1491 ἀνατέτροφεν

223 1499 377 1541 ἐκείνου
423 1500 491 1541 τὸν
534 1504 728 1554 πλοῦτον,
771 1498 845 1552 τὴν
883 1499 1172 1554 σωφροσύνην,
1216 1497 1297 1539 τὸν
1335 1496 1455 1538 ἄλλον
1498 1497 1607 1551 βίον
1645 1497 1813 1537 ἅπαντα.

223 1557 382 1615 (Cobet.
410 1562 457 1602 N.
484 1562 509 1602 1.
540 1560 656 1610 127).
721 1565 758 1602 9.
793 1561 841 1601 cf.
875 1561 1012 1612 Eurip.
1045 1561 1149 1601 Med.
1184 1561 1253 1600 57.
1303 1559 1473 1599 Philem.
1509 1561 1577 1610 79,
1614 1561 1648 1599 1.

823 1677 1216 1712 ΦΙΛΟΔΕΣΠΟΤΟΣ

343 1754 435 1794 Non
466 1757 574 1795 recte
607 1755 845 1794 Timostrati
875 1755 1018 1794 fabula
1050 1753 1301 1805 cognominis
1338 1750 1632 1804 Φιλοδεσπότης
1667 1753 1815 1794 dieitur

225 1814 397 1854 Bekker.
418 1814 568 1854 Anecd.
591 1817 662 1866 80,
686 1817 752 1854 12.
803 1815 1025 1865 Theognid.
1049 1816 1133 1854 849
1169 1814 1299 1866 δῆμον
1332 1811 1633 1864 φιλοδέσποτον.
1665 1814 1812 1854 Herod.

225 1875 264 1925 4,
301 1876 382 1913 142
416 1873 652 1926 ἀνδράποδα
684 1872 951 1926 φιλοδέσποτα
991 1870 1058 1927 (cf.
1091 1874 1192 1914 Poll.
1225 1875 1264 1923 3,
1300 1868 1401 1927 74).·
1439 1874 1545 1913 Plut.
1573 1874 1671 1915 Mor.
1694 1876 1813 1914 4910

225 1933 335 1973 κύων
374 1932 664 1985 φιλοδέσποτον
697 1929 854 1989 (ἐστίν).
905 1935 952 1974 ef.
986 1947 1087 1986 quae
1126 1935 1176 1973 ad
1210 1933 1378 1985 Sogenis
1415 1931 1709 1974 Φιλοδέσποτον
1748 1935 1814 1974 ad-

224 1996 428 2034 notantur.
480 1996 639 2035 fallitur
670 1995 788 2035 Mein.
821 1995 905 2034 IIII
939 1996 1026 2035 550
1057 1998 1138 2035 not.

1006 2101 1033 2142 2

443 2171 466 2215 ὁ
499 2171 774 2216 Πανταλέων
806 2169 888 2228 μὲν
920 2171 1053 2223 αὐτὸς
1085 2171 1249 2223 αὐτοὺς
1279 2174 1386 2223 τοὺς
1418 2171 1573 2224 ξένους

441 2245 547 2296 τούς
577 2243 614 2287 τ’
653 2245 929 2300 ἀγνοοῦντας
961 2244 1098 2287 αὐτὸν
1131 2243 1314 2300 ἐπλάνα,
1347 2243 1420 2287 καὶ
1453 2245 1615 2301 σχεδὸν

442 2316 746 2374 ἀπεκραιπάλα
777 2318 831 2360 τὰ
861 2320 1045 2360 πλεῖστα
1078 2323 1160 2360 τοῦ
1191 2317 1376 2372 γελάσαι
1408 2317 1555 2373 χάριν,

443 2390 564 2432 ἰδίαν
595 2387 676 2432 τιν’
715 2389 834 2448 αὑτῷ
867 2388 1058 2445 θέμενος
1090 2388 1367 2449 ἀδολεσχίαν.

347 2477 579 2516 Athenaeus
617 2479 686 2528 14,
721 2479 842 2531 616a
885 2474 1184 2524 Πανταλέοντος
1226 2476 1470 2528 μνημονεύει
1511 2476 1732 2531 Θεόγνητος
1771 2475 1814 2517 ἐν

231 2535 509 2593 Φιλοδεσπότῳ
541 2539 618 2576 κτλ.
680 2535 747 2576 καὶ
779 2537 1016 2589 Χρύσιππος
1049 2533 1084 2576 δ’
1122 2534 1142 2576 ὅ
1170 2535 1412 2588 φιλόσοφος.
1434 2569 1441 2576 .
1463 2535 1572 2589 .περὶ
1604 2542 1674 2577 τοῦ
1699 2539 1812 2576 Παν-

226 2595 430 2644 ταλέοντος
473 2596 564 2636 τάδε
607 2596 768 2650 γράφει·
813 2594 834 2636 ὅ
873 2594 916 2636 δὲ
959 2596 1110 2644 πλάνος
1147 2594 1391 2636 Πανταλέων
1436 2599 1618 2636 τελευτᾶν
1662 2595 1813 2649 μέλλων

228 2655 412 2709 ἑκάτερον
449 2662 528 2696 τῶν
564 2656 665 2696 υἱῶν
705 2653 789 2697 κατ’
833 2656 940 2697 ἰδίαν
973 2655 1203 2709 ἐξηπάτησε,
1236 2655 1368 2708 φήσας
1408 2656 1517 2713 μόνῳ
1551 2655 1657 2713 αύτῷ
1688 2655 1814 2710 λέγειν

229 2716 330 2757 ὅπου
363 2715 630 2769 κατορωρύχοι
659 2716 702 2757 τὸ
734 2717 914 2771 χρυσίον·
946 2716 1041 2757 ὥστε
1067 2716 1194 2769 μάτην
1225 2716 1391 2768 1ὕστερον
1421 2722 1537 2772 κοινῇ
1571 2717 1814 2766 σκάπτοντας

163 2783 166 2786 ’
228 2775 445 2817 αἰσθέσθαι
476 2775 806 2829 ἐξηπατημένους.
871 2781 907 2817 1.
939 2776 1058 2824 αὐτὸς
1089 2775 1205 2824 ἀστὸς
1223 2777 1368 2828 Bergk.
1403 2775 1521 2824 αὐτὸς
1552 2775 1668 2825 ἀστὸς
1700 2775 1756 2817 ὢν
1783 2779 1814 2826 ξ.

228 2838 434 2878 Herwerd.
462 2835 567 2876 obs..
589 2838 676 2876 crit.
700 2839 794 2876 124.
858 2839 896 2878 4.
929 2835 1035 2894 αὐτῷ
1068 2835 1221 2886 Dindf]
1257 2835 1362 2893 αὐτῷ
1395 2836 1444 2875 Α.
1496 2837 1543 2876 de
1562 2838 1816 2878 Pantaleonte

231 2897 278 2937 cf.
310 2900 522 2948 praeterea
555 2910 655 2948 quae
688 2897 738 2935 ad
771 2898 1020 2948 Theopompi
1052 2897 1206 2936 comifii-
1224 2897 1405 2935 fabulam
1428 2895 1715 2948 'cognominem
1746 2898 1812 2937 ad-

229 2958 458 3000 notavimus
491 2959 533 2996 et
563 2957 682 2996 Mein.
714 2957 734 2996 I
768 2959 868 2998 241.
918 2958 987 3010 qui
1019 2957 1124 3009 quod
1156 2957 1175 2996 I
1208 2958 1294 2996 487
1329 2957 1608 3008 Theognetum
1639 2959 1687 2998 de
1710 2959 1813 2998 Pan-
