2014 3334
724 231 1081 289 ,SUPPLEMENTA
1106 232 1214 266 von.
1242 231 1259 264 1
1697 225 1783 268 725

203 345 279 390 οὐκ
314 345 360 405 ἐᾷ
395 344 520 388 κακὸν
557 340 732 400 δοκεῖν),
770 358 818 386 ea
848 344 972 385 verba.
1007 356 1138 396 neque
1173 342 1457 394 Aristophanis
1489 355 1578 383 esse
1609 339 1782 393 praesti-

202 408 324 450 terim
353 420 480 459 nequo
511 406 672 447 omnino
705 405 804 446 satis
836 405 1038 457 intellego.

735 522 856 566 6441>
889 520 1035 579 (repet.
1067 537 1114 564 ex
1139 524 1160 563 I
1184 518 1246 578 Ἦ)

490 596 598 639 ὅταν
629 596 755 652 φίλοι
786 598 992 651 παρῆσαν
1024 590 1096 636 ἐπὶ
1126 592 1208 648 τὴν
1240 590 1440 648 ἐκφοράν

323 673 454 713 Schol.
485 670 640 712 OribaS.
670 670 733 710 III
766 671 853 711 680
883 667 949 709 καὶ
975 665 1263 722 Ἀριστοφάνης
1293 668 1370 706 κτλ.
1402 687 1461 693 -
1493 665 1595 706 ὅτων
1625 667 1779 707 Nauck.

201 737 381 786 παρῶσιν
411 732 675 783 Daremberg.

489 866 552 923 εἷς
583 870 675 915 ἐστι
709 871 871 921 δοῦλος
902 797 1052 920 οῗκῒῗεὲ
1071 868 1094 912 ὁ
1122 868 1348 924 δεσπότης.

321 948 522 989 Aristides
552 948 595 987 H
627 949 712 987 204
747 946 881 986 Dindf.
913 943 956 985 τὸ
987 950 1058 986 τοῦ
1090 944 1417 1000 κωμῳδιοποιοῦ,
1449 940 1503 990 ὡς
1534 938 1598 995 ἄρ’
1633 937 1688 990 εἷς
1720 941 1781 994 εἴη

202 1015 271 1063 τῆς
303 1008 430 1057 οἰκίας
464 1009 608 1056 δοῦλος
633 1005 655 1047 ὁ
681 1005 882 1058 δεσπότης.
934 1005 1063 1045 Schol.
1092 1007 1190 1056 519,
1217 1006 1272 1044 25
1294 1001 1315 1043 ὅ
1334 1002 1409 1057 γὰρ
1440 1000 1612 1054 κωμικὸς
1638 1004 1781 1054 σχετλι-

202 1069 307 1122 άζων
337 1074 452 1109 τοῦτο
485 1067 643 1121 εἰσάγει,
675 1065 697 1106 ὅ
721 1081 760 1106 τε
790 1062 1077 1118 Ἀριστοφάνης
1108 1061 1174 1108 καὶ
1199 1061 1220 1104 ὅ
1246 1061 1490 1115 Μένανδρος
1516 1057 1654 1116 (760).
1702 1063 1780 1102 for-

202 1133 309 1171 tasse
342 1129 597 1170 scribendum
629 1126 909 1180 σχετλιάζοντα,
939 1127 965 1166 i.
990 1139 1023 1165 e.
1050 1125 1256 1165 dominum
1286 1124 1328 1163 id
1359 1126 1606 1175 querentem,

931 1242 1051 1285 6761,

203 1319 226 1362 ὁ
247 1316 287 1362 δ’
307 1295 606 1374 Ἀναξαγόρου
626 1317 842 1373 τρόφιμος
860 1320 991 1371 χαιοῦ
1011 1314 1238 1370 στρυφνὸς
1258 1309 1339 1369 μὲν
1359 1313 1508 1368 ἔμοιγε
1522 1318 1781 1367 προσειπεῖν

201 1389 275 1434 καὶ
306 1391 550 1446 μισόγελως
580 1387 654 1432 καὶ
686 1387 903 1440 τωθάζειν
936 1383 1042 1429 οὐδὲ
1073 1383 1179 1442 παρ’
1217 1381 1345 1428 οἶνον
1377 1384 1664 1440 μεμαθηκώς,

202 1461 298 1507 ἀλλ’
335 1463 363 1506 ὅ
389 1477 432 1505 τι
463 1461 650 1519 γράψαι,
682 1458 802 1504 τοῦτ’
840 1453 1103 1516 ἄν’μέλιτος
1133 1455 1206 1501 καὶ
1238 1458 1473 1513 Σειρήνων
1506 1455 1731 1512 ἐτετεύχει.

323 1550 478 1590 Gellius
503 1550 569 1600 15,
597 1551 664 1598 20,
692 1550 717 1588 8
745 1546 1018 1587 Alemander
1043 1545 1240 1585 Aetolus
1264 1546 1332 1584 hos
1357 1546 1402 1584 de
1427 1544 1623 1594 Euripide
1646 1555 1783 1583 versus

201 1612 413 1660 composuit
437 1611 515 1648 κτλ.
569 1611 604 1647 1.
631 1607 796 1660 ἀρχαίου
828 1609 870 1646 et
901 1604 1099 1659 στριφνὸς.
1151 1607 1189 1645 3.
1216 1603 1238 1644 ὅ
1262 1618 1298 1644 τι
1321 1602 1386 1644 καὶ
1412 1603 1574 1657 γράψαι.
1624 1617 1661 1643 v.
1691 1605 1727 1644 1.
1755 1605 1779 1642 2

204 1670 300 1710 Vita
342 1670 482 1720 Eurip.
526 1668 666 1707 XVIII
705 1670 758 1708 59
805 1667 1025 1706 Kirchhoff.
1096 1663 1337 1716 σκυθρωπὸς
1387 1661 1453 1703 καὶ
1497 1662 1672 1711 σύννους
1715 1661 1781 1702 καὶ

203 1728 397 1783 αὐστηρὸς
423 1727 606 1779 ἐφαίνετο
631 1725 696 1767 καὶ
722 1725 983 1780 μισόγελως
1008 1723 1074 1765 καὶ
1100 1723 1332 1778 μισογύνης,
1357 1721 1468 1763 καθὰ
1485 1721 1552 1763 καὶ
1573 1719 1779 1772 Ἀριστο-

204 1789 363 1841 φάνης
393 1787 516 1829 αὐτὸν
547 1787 715 1827 αἰτιᾶται
741 1783 998 1838 ξστρυφνὸς
1030 1784 1191 1838 ἔμοιγε
1215 1779 1517 1837 προσειπεῖν’
1544 1781 1782 1835 Εὐριπίδης.

203 1850 352 1890 ibidem
379 1851 436 1889 80
467 1846 655 1900 μέλιτος
686 1845 764 1886 καὶ
794 1845 1045 1898 Σειρήνων
1076 1844 1369 1898 γλυκύτερον
1401 1843 1524 1895 στόμα
1556 1844 1642 1883 eius
1667 1856 1781 1894 prae-

204 1910 374 1950 dicatur.
434 1911 542 1948 recte
579 1909 707 1960 igitur
737 1906 944 1946 Nauckius
977 1905 1090 1945 stud.
1123 1905 1261 1956 Eurip.
1288 1905 1307 1943 Ι
1337 1905 1432 1943 126.
1462 1907 1484 1944 7
1518 1917 1556 1943 n.
1592 1905 1613 1942 1
1647 1905 1781 1943 totum

203 1971 475 2022 fragmentum
512 1967 778 2018 Aristophani
811 1965 1045 2016 vindicavit,
1079 1965 1158 2005 nisi
1190 1964 1298 2015 quod
1331 1962 1514 2016 ἕτετεύχει
1545 1965 1779 2014 corruptum

203 2042 290 2070 esse
322 2029 607 2071 arbitrabatur.
670 2027 770 2066 mihi
802 2027 926 2066 etiam
957 2029 1071 2078 χαιοῢ
1105 2026 1336 2075 suspectum
1369 2026 1441 2063 est.

933 2142 1054 2186 6921>

493 2217 567 2259 διὰ
597 2221 674 2271 τῆς
705 2217 872 2272 τρήμης
903 2214 1201 2271 παρακύπτων

324 2305 652 2356 Etymologicum
683 2317 735 2342 m.
767 2302 917 2342 Milleri
950 2298 1174 2354 (Mblanges
1208 2295 1313 2352 271)
1347 2299 1480 2350 Etym.
1513 2313 1564 2338 m.
1599 2300 1696 2348 726,
1724 2300 1778 2337 53

207 2362 274 2418 (cf.
294 2366 342 2405 fr.
360 2359 465 2419 730)
485 2360 794 2417 Ἀριστοφάνης.
816 2394 824 2402 .
846 2360 931 2402 ,καὶ
950 2361 1070 2401 πάλιν
1088 2363 1165 2400 κτλ.
1216 2359 1334 2399 indic.
1354 2359 1506 2398 Nauck.
1527 2358 1778 2398 Μρ1Ν229.

933 2478 1052 2534 700b

328 2556 568 2596 Plutarchus
612 2556 710 2595 Mor.
745 2555 864 2594 853b
909 2551 1123 2593 ἐπαινεῖται
1167 2545 1529 2606 (Ἀριστοφάνης).
1556 2581 1565 2589 .
1589 2548 1645 2589 ὅτι
1689 2548 1781 2596 τοὺς

206 2615 344 2667 ταμίας
363 2614 584 2668 ἐβάπτισεν,
611 2613 717 2667 οὐχὶ
740 2613 909 2666 ταμίας
935 2611 1049 2652 ἀλλὰ
1074 2611 1263 2663 Λαμίας
1289 2609 1439 2658 ὄντας.
1489 2610 1606 2649 indic.
1627 2610 1780 2649 Nauck.

207 2675 321 2715 Stud.
352 2675 492 2726 Eurip.
521 2675 543 2714 I
578 2677 672 2715 126.
707 2677 729 2715 7
763 2688 800 2713 n.
836 2676 871 2712 1.

937 2789 1056 2832 7071>

327 2866 570 2905 Bachmann.
613 2865 762 2905 Anecd.
803 2865 843 2904 II
876 2866 980 2914 320,
1019 2865 1076 2904 30
1123 2861 1255 2915 ἕτερον
1299 2860 1451 2913 κώνωψ
1494 2866 1563 2913 τῆς
1607 2859 1779 2912 ἐμπίδος.

210 2925 336 2966 καίτοι
366 2921 662 2978 ,Ἀριστοφάνης
694 2922 715 2964 ὅ
745 2923 917 2977 κωμικός
961 2935 1060 2975 φασι
1104 2918 1251 2978 (φησι)
1293 2919 1435 2961 ταύτὸν
1477 2920 1673 2969 κώνωπας
1714 2920 1782 2961 καὶ
