2014 3334
266 233 323 275 53
705 247 725 270 0
808 211 812 213 ’
899 230 1196 264 ΜΕΝΑΝΔΡΟΤ

477 341 534 395 ἣν
566 339 621 382 ἂν
652 344 793 395 παρῇς
825 339 895 393 σύ,
928 334 1076 394 μηκέτ’
1112 338 1236 380 αἰτιῶ
1267 339 1394 391 θεόν,

438 424 457 454 5
478 412 562 466 ἤδη
597 409 645 454 δὲ
676 417 727 466 τῇ
761 416 928 453 σαυτοῦ
961 410 1193 465 ζυγομάχει
1225 411 1428 466 μαλακίᾳ.

384 498 506 537 Orion
548 498 859 548 Antholognom.
899 499 942 544 4,
984 498 1004 534 1
1050 490 1158 550 (περὶ
1200 491 1409 548 προνοίας)
1454 494 1495 534 ἐκ
1539 500 1607 535 τοῦ
1645 491 1833 547 Ἡνιόχον

264 557 524 609 Μενάνδρου.
577 560 613 596 1.
644 555 685 595 τὸ
711 555 848 606 Mein]
876 554 956 594 τὸν.
1008 558 1044 594 3.
1071 554 1196 607 πόρον
1225 554 1408 606 εἰσβολήν
1433 551 1466 593 τ’
1495 555 1660 594 Preller.
1686 551 1834 594 Philol.

264 618 324 656 III
345 616 460 667 521]
493 616 643 669 πόρνης
675 614 838 667 βουλὴν.
900 614 1026 668 πόρον
1057 612 1083 667 ἢ
1111 611 1282 667 ’σβολὴν
1307 615 1462 653 Nauck.
1488 614 1702 653 Philol.VI
1734 615 1834 653 421.

263 676 387 729 πόρον
419 676 546 728 λαβήν
577 672 610 714 τ’
646 676 891 714 Heimsoeth.
918 675 1004 713 Ind.
1031 675 1156 714 Bonn.
1186 676 1297 714 1867
1332 677 1429 713 aest.
1455 687 1521 713 xv.
1584 676 1622 712 4.
1655 673 1710 712 σύ
1743 673 1832 712 add.

263 737 310 775 K.
342 733 473 787 μηκέτ’
509 735 616 775 αἰτιῶ
649 735 748 775 θεόν
781 733 1086 784 Schneidewin]
1121 731 1255 785 μηκέτι
1285 732 1353 779 τὰν
1384 732 1483 772 θεὸν
1515 733 1620 772 αἰτῶ.
1672 735 1710 772 5.
1737 735 1833 784 μαλ-

262 795 387 851 θακία
418 797 501 835 cod.
533 793 611 846 ἤδη
645 792 686 834 δὲ
719 806 752 833 σ.
786 796 814 841 ζ.
845 799 890 849 τῇ
924 794 1094 848 μαλακίᾳ
1127 793 1413 833 Schneidewin.

385 857 421 894 3.
453 854 652 907 εἰσβολήν,
683 857 730 893 1113
755 855 878 893 Arist.
911 854 1010 892 Ran.
1046 855 1159 893 1104
1193 851 1367 905 εἰσβολαὶ
1399 852 1653 903 σοφισμάτων
1686 846 1833 906 (ἀφορ-

262 915 345 965 μαί,
377 913 495 966 ἀρχαί
524 911 676 966 schol.).
740 916 777 953 5.
804 914 919 952 Phot.
947 914 1173 966 ζυγομαχεῖ·
1206 911 1410 959 στασιάζει.
1441 910 1494 958 ὡς
1520 911 1562 951 οἷ
1583 910 1672 964 βόες
1705 909 1834 963 ἐζευγ-

263 972 384 1025 μένοι.
442 979 623 1025 μετῆκται
662 971 687 1024 ἡ
726 971 825 1021 λέξις
861 971 939 1012 άπὸ
981 978 1050 1024 τῆς
1081 978 1158 1012 τῶν
1198 973 1308 1024 βοῶν
1339 970 1437 1024 πρὸς
1468 970 1661 1022 ἀλλήλους
1692 969 1835 1023 μάχης’

262 1032 403 1073 ἐκεῖνοι
440 1032 514 1086 γὰρ
553 1033 739 1080 πολλάκις
777 1032 869 1072 ὅταν
907 1030 1047 1071 ἕλκωσι
1077 1032 1293 1083 κάμνοντες
1334 1030 1578 1083 ἐπερείδουσι
1610 1025 1760 1084 (άπερ.)
1791 1027 1834 1071 τὸ

261 1093 382 1145 βάρος
401 1092 499 1144 πρὸς
519 1091 722 1144 ἀλλήλους.
754 1093 925 1143 Hesych.
947 1093 1198 1145 ζυγομαχεῖν·
1218 1091 1260 1131 τὸ
1280 1095 1360 1138 τοῖς
1380 1091 1539 1138 οἰκείοις
1561 1088 1834 1143 διαφέρεσθαι.
1873 1140 1877 1144 ἢ

262 1154 310 1191 cf.
345 1155 441 1192 673.
485 1153 618 1203 adesp.
653 1155 747 1192 207.
800 1153 958 1191 Ruhnk.
991 1152 1091 1191 Tim.
1127 1153 1223 1191 130.
1260 1155 1294 1190 1.

1004 1269 1090 1310 202

547 1352 695 1401 οὐδείς
725 1350 770 1407 μ’
808 1350 981 1405 ἀρέσκει
1012 1358 1266 1406 περιπατῶν
1299 1351 1379 1403 ἔξω
1410 1351 1517 1400 θεὸς

545 1423 650 1477 μετὰ
680 1424 829 1478 γραός,
864 1420 960 1464 οὐδ’
997 1424 1059 1473 εἰς
1091 1423 1236 1464 οἰκίαν
1268 1421 1510 1478 παρεισιὼν

547 1492 615 1535 ἐπὶ
646 1500 726 1536 τοῦ
759 1494 978 1536 σανιδίου.
1040 1495 1120 1536 τὸν
1153 1494 1327 1536 δίκαιον
1360 1494 1431 1535 δεῖ
1458 1493 1570 1535 θεὸν

547 1569 660 1608 οἴκοι
693 1564 842 1620 μένειν
874 1563 1069 1624 σῴζοντα
1101 1567 1206 1616 τοςὺς
1238 1563 1514 1621 ἱδρυμένους.

381 1652 560 1691 Iustinus
587 1652 645 1690 De
665 1654 866 1691 monarch.
897 1667 935 1702 p.
965 1654 1017 1691 39
1047 1653 1152 1704 (140
1174 1648 1289 1703 Otto)
1320 1649 1562 1703 Μένανδρος
1595 1649 1637 1690 ἐν
1662 1647 1832 1707 “Ηνιόχῳ

262 1709 362 1764 λέγει
392 1713 468 1750 κτλ.
531 1726 567 1751 v.
591 1714 701 1751 1——3
738 1706 959 1766 (σανιδίου)
993 1711 1174 1751 Clemens
1202 1711 1315 1750 Alex.
1335 1711 1536 1762 Protrept.
1559 1713 1596 1762 7,
1630 1712 1684 1750 75
1717 1707 1832 1750 Μέν-

263 1771 408 1822 ανδρος
439 1775 538 1823 γοῦν
570 1768 590 1810 ὃ
616 1770 787 1822 κωμικὸς
819 1770 861 1810 ἐν
886 1766 1054 1827 εΗνιόχῳ
1087 1769 1129 1810 ἐν
1148 1767 1450 1827 εῬῖιεοβολιμαίῳ
1478 1772 1531 1825 τῷ
1557 1769 1724 1821 δράματι
1754 1772 1834 1809 κτλ.

261 1835 432 1869 τοιοῦτοι
462 1829 536 1883 γὰρ
569 1830 611 1870 οἵ
633 1830 907 1883 μητραγύρται.
972 1835 1008 1870 1.
1041 1829 1191 1880 ἔξωθεν
1210 1831 1491 1881 Argent.Iust.
1545 1832 1582 1868 2.
1603 1827 1697 1880 μετὰ
1715 1827 1835 1882 γραὸς

262 1903 337 1929 0111.
378 1890 520 1929 Iustin.
600 1892 639 1929 4.
672 1889 925 1942 ἱδρυμένους]
971 1888 1318 1942 αἰτουμένουςῖ
1361 1891 1469 1941 apud.
1507 1889 1753 1928 Clementem
1791 1887 1834 1928 ἐν

255 1945 548 2005 Ὑποβολιμαίῳ
592 1951 685 1989 eicit
722 1951 855 1990 Dindf.
894 1949 936 1990 ἐν
967 1946 1054 1990 Ἡν.
1091 1949 1170 1988 καὶ
1206 1948 1249 1989 ἐν
1270 1946 1369 1990 ““Υπ.
1400 1949 1531 2000 Mein„
1577 1949 1750 1988 similem
1792 1949 1834 1987 in

262 2010 563 2057 Hypobolimaeo
596 2011 836 2049 sententiam
868 2010 1085 2061 significari
1117 2012 1242 2048 ratus.

384 2071 419 2106 1.
441 2069 579 2119 Eurip.
600 2069 761 2119 Hippol.
785 2072 865 2110 106
900 2068 1031 2116 οὐδείς
1062 2066 1102 2120 μ’
1138 2067 1291 2120 ἀρέσκει
1321 2066 1434 2107 νυκτὶ
1464 2066 1696 2119 θαυμαστὸς
1725 2066 1836 2115 θεός.

263 2124 515 2179 ‘perstringit
547 2129 720 2167 comicus
754 2129 923 2180 Cybeles
955 2129 1198 2179 sacerdotes,
1239 2129 1309 2179 qui
1340 2141 1427 2167 cum
1458 2141 1538 2166 anu
1569 2127 1835 2166 circumibant

259 2187 379 2225 urbes
404 2188 446 2225 in
472 2188 645 2239 gratiam
671 2188 766 2226 deae
793 2189 937 2239 stipem
961 2184 1173 2239 petentes'.
1200 2188 1351 2227 Potter.
1406 2187 1586 2226 σανίδιον
1613 2189 1674 2226 est
1700 2188 1834 2227 tabula

262 2246 508 2287 diviwatoria.
570 2247 742 2286 Lobeck.
774 2248 864 2298 Agl.
897 2248 917 2286 Ι
951 2250 1047 2288 253.

949 2363 1140 2405 203abc

475 2445 614 2489 ἐλεεῖν
646 2443 686 2488 δ’
723 2446 891 2497 ἐκεῖνος
922 2447 1089 2502 ἔμαθεν
1120 2444 1318 2501 εὐτυχῶν
1350 2447 1496 2501 μόνος.

473 2705 537 2763 μί’
574 2706 693 2751 ἐστὶν
725 2708 855 2764 ἀρετὴ
887 2709 966 2751 τὸν
997 2708 1163 2750 ἄτοπον
1195 2708 1379 2763 φεύγειν
1411 2707 1489 2751 ἀεί.

382 2793 505 2833 Orion
529 2794 842 2846 Antholognom.
871 2797 907 2845 7,
937 2797 960 2834 6
995 2790 1102 2847 (περὶ
1127 2789 1284 2848 ἀρετῆς)
1317 2793 1360 2834 ἐκ
1390 2800 1460 2835 τοῦ
1484 2791 1682 2847 “Ηνιόχου
1714 2797 1830 2834 Μεν-

260 2852 424 2905 άνδρου.
485 2868 521 2894 v.
561 2856 585 2893 2
625 2855 859 2894 Boissonad.
898 2853 1045 2893 Anecd.
1077 2854 1098 2892 I
1139 2855 1234 2893 158.
1295 2868 1332 2893 v.
1373 2856 1396 2894 3
1436 2857 1605 2894 monost.
1645 2856 1728 2894 339
1768 2850 1829 2909 (τὸ

260 2907 441 2968 ἄτοπον).
469 2935 515 2940 —-
549 2916 584 2953 1.
610 2916 675 2953 ille
701 2909 851 2969 (iustus
878 2914 962 2953 sine
988 2913 1109 2952 dubio
1129 2914 1194 2953 vel
1212 2908 1361 2967 bonus)
1381 2916 1485 2954 solus
1504 2915 1638 2954 didicit
1654 2916 1696 2954 νη
1714 2916 1829 2954 rebus
