2014 3334
283 246 370 289 386
625 252 629 257 ‘
916 248 1210 283 BHKOMAXOT

284 361 489 399 conlectam
513 361 555 399 in
579 373 752 400 mensam
778 361 940 409 effumde,
971 360 996 400 i.
1017 373 1050 400 e.
1082 360 1181 400 cibis
1212 361 1373 401 fortiter
1402 363 1443 400 te
1474 357 1708 414 ingurgita'.
1732 363 1850 402 Mein.

284 422 352 458 44.
393 420 517 459 verba
559 433 607 459 ex
649 420 803 471 tragico
846 420 975 470 petita
1019 415 1189 472 (Mein).
1250 422 1299 460 cf.
1332 421 1470 472 Eurip.
1510 421 1597 472 Iph.
1629 422 1721 461 Aul.
1755 424 1851 462 787.

281 479 443 519 videbar
474 482 612 518 autem
642 483 846 530 satrapam
877 480 1052 530 aliquem
1082 480 1233 530 Lydiae
1266 481 1407 520 dicere.

1052 596 1079 638 2

497 654 820 712 ἀκολαστοτέρα

401 740 610 789 Νικόλαος.
654 742 826 782 Bekker.
861 742 1008 781 Anecd.
1042 744 1140 791 367,
1174 744 1240 782 25.
1301 756 1429 793 neque
1467 746 1603 782 tamen
1636 744 1852 784 iuraverim

282 801 479 840 comicum
510 802 600 841 dici.

808 976 1320 1027 ΝΙΚΟΜΑΧΟΣ

866 1073 1037 1112 Meinek.
1061 1073 1082 1111 Ι
1109 1075 1192 1113 496
1210 1086 1266 1124 sq.

933 1152 1192 1193 ΕΙΛΕΙΘΤΙΑ

1065 1226 1083 1265 1

495 1294 801 1345 ὑποδεικνύεις
832 1292 912 1350 μὲν
943 1292 1057 1349 ἦθος
1088 1295 1264 1338 ἀστεῖον
1295 1296 1414 1338 πάνυ

493 1364 567 1408 καὶ
597 1371 758 1423 πρᾷον,
792 1366 1011 1423 ὀλίγωρον
1045 1364 1093 1409 δὲ
1124 1367 1364 1421 πεποίηκάς
1394 1382 1447 1409 τι.
1499 1370 1547 1409 B.
1578 1373 1688 1419 πῶς;

495 1441 547 1479 A.
581 1436 629 1480 ἐν
659 1443 711 1493 τῇ
743 1436 873 1494 τέχνῃ
905 1440 1022 1488 τίνες
1053 1436 1184 1494 ἐσμὲν
1215 1439 1298 1481 οὐκ
1329 1438 1546 1493 ἐξήτακας.

495 1508 522 1563 ἢ
554 1510 772 1565 πρότερον
805 1508 978 1551 ἐπύθου
1009 1517 1099 1552 τῶν
1130 1510 1321 1566 ἀκριβῶς
1352 1510 1538 1552 εἰδότων

455 1591 475 1623 5
496 1580 612 1622 οὕτω
643 1578 681 1622 τ’
718 1579 952 1635 ἐμισθώσω
984 1597 1055 1636 με;
1094 1583 1144 1623 Β.
1176 1581 1235 1636 μὰ
1265 1578 1343 1623 Δί’
1379 1580 1463 1635 ἐγὼ
1496 1578 1577 1636 μὲν
1608 1581 1673 1623 οὔ.

495 1655 548 1694 Α.
579 1649 653 1694 καὶ
683 1652 772 1706 μὴν
805 1656 911 1702 ἴσως
942 1652 1052 1695 ὅσον
1083 1654 1297 1709 μαγείρου
1329 1651 1532 1709 διαφέρει

493 1723 701 1780 μάγειρος
732 1722 814 1765 οὐκ
845 1719 983 1767 οἶσθ’.
1045 1726 1094 1766 Β.
1127 1727 1300 1779 εἴσομαι
1332 1723 1384 1767 δέ
1412 1722 1474 1779 γ’,
1507 1723 1563 1779 ἢν
1593 1722 1732 1779 λέγῃς.

494 1797 548 1837 Α.
579 1795 629 1836 τὸ
660 1794 746 1850 γὰρ
777 1791 1078 1851 παραλαβόντ’
1115 1795 1230 1845 ὄψον
1259 1794 1567 1851 ἠγορασμένον

493 1866 682 1919 πότερον
713 1863 962 1908 ἀποδοῦναι
994 1865 1268 1907 σκευάσαντα
1299 1873 1521 1920 μουσικῶς

432 1948 473 1979 10
495 1937 706 1979 διακόνου
734 1932 820 1978 ’στὶ
851 1942 932 1978 τοῦ
963 1938 1184 1992 τυχόντος.
1227 1939 1276 1978 Β.
1301 1933 1541 1993 οΗράκλεις.

495 2012 547 2050 A.
581 2007 604 2050 ὁ
637 2008 844 2063 μάγειρός
875 2006 974 2050 ἐσθ’
1011 2007 1034 2050 ὁ
1065 2007 1211 2058 τέλεος
1243 2006 1368 2064 ἑτέρα
1401 2008 1612 2058 διάθεσις.

493 2079 658 2129 πολλὰς
689 2078 842 2135 τέχνας
873 2079 1024 2134 λάβοις
1055 2078 1111 2121 ἂν
1143 2078 1351 2130 ἐνδόξους
1380 2079 1514 2134 πάνυ,

494 2148 559 2194 ὧν
589 2151 668 2193 τὸν
699 2155 862 2206 μαθεῖν
894 2152 1170 2206 βουλόμενον
1201 2150 1350 2206 ὀρθῶς
1381 2150 1463 2192 οὐκ
1493 2151 1561 2192 ἔνι

493 2223 672 2272 ταύταις
702 2225 971 2277 προσελθεῖν
1003 2221 1158 2272 εὐθύς·
1191 2219 1286 2264 ἀλλ’
1322 2222 1545 2278 ἔμπροσθε
1578 2222 1645 2264 δεῖ

434 2364 476 2395 15
499 2354 749 2408 ζωγραφίας
779 2348 937 2407 ἧφθαι.
999 2351 1135 2394 ταύτὰ
1166 2350 1238 2394 καὶ
1270 2357 1523 2407 μαγειρικῆς

493 2425 711 2481 πρότερον
742 2427 905 2479 μαθεῖν
937 2424 1008 2466 δεῖ
1034 2429 1111 2478 τῆς
1141 2422 1296 2479 τέχνης
1327 2422 1476 2480 ἑτέρας
1505 2422 1673 2479 τέχνας,

494 2492 558 2538 ὧν
591 2495 753 2538 εἰδέναι
787 2506 858 2538 σοι
889 2502 1089 2551 κρεῖττον
1120 2491 1177 2549 ἧν
1208 2510 1283 2550 μοι
1314 2493 1420 2551 πρὶν
1451 2498 1616 2550 λαλεῖν,

494 2567 829 2623 ἀστρολογικήν,
862 2568 1180 2629 γεωμετρικήν,
1208 2567 1420 2622 ἰατρικήν.

494 2646 583 2682 τῶν
615 2640 787 2694 ἰχθύων
818 2639 902 2695 γὰρ
933 2638 1009 2686 τὰς
1041 2638 1251 2693 δυνάμεις
1282 2636 1356 2680 καὶ
1386 2638 1463 2687 τὰς
1494 2636 1646 2693 τέχνας

430 2723 475 2754 20
496 2710 708 2753 ἐντεῦθεν
739 2715 859 2766 εἴσει,
891 2711 1292 2766 παρακολουθήσας
1322 2711 1514 2765 χρόνοις,
1955 2738 1991 2746 ,-

494 2781 589 2824 πότ’
627 2783 769 2838 ἄωρός
800 2780 898 2824 ἐσθ’
935 2780 1115 2831 ἕκαστος
1145 2779 1172 2834 ἢ
1204 2778 1310 2822 πόθ’
1348 2781 1523 2835 ὥριμος.

494 2860 583 2895 τῶν
614 2853 792 2907 ἡδονῶν
823 2853 907 2906 γὰρ
939 2852 1105 2907 μεγάλα
1134 2852 1187 2893 τα
1220 2852 1510 2907 διαστήματα’

494 2923 634 2967 ἐνίοτε
665 2926 875 2981 κρείττων
905 2926 1074 2978 γίνεται
1103 2923 1281 2971 θύννου
1313 2922 1431 2977 βόαξ.
