2014 3334
295 248 376 289 130
635 283 638 288 ,
931 248 1226 282 MENANAPOT

1031 369 1117 410 452

500 452 764 507 τρισάθλιόν
795 466 843 505 γε
875 449 946 492 καὶ
978 453 1258 507 ταλαίπωρον
1289 452 1422 507 φύσει

500 526 678 565 πολλῶν
708 538 754 564 τε
786 524 947 578 μεστόν
979 522 1070 564 ἐστι
1100 523 1150 564 τὸ
1184 525 1260 578 ζῆν
1291 523 1558 580 φροντίδων.

406 609 602 648 Stobaeus
627 609 760 648 Floril.
785 610 852 659 98,
879 610 933 648 53
966 608 1214 661 Μενάνδρου
1245 608 1568 661 Συναριστώσαις
1589 609 1635 646 A.
1699 610 1746 647 ef.
1773 609 1855 647 An-

285 669 418 707 tonius
456 669 548 706 Mel.
583 671 664 707 155
698 683 735 718 p.
770 671 866 707 247.
916 669 1076 708 Maxim.
1109 668 1219 709 Gonf.
1254 670 1327 720 36,
1362 670 1414 708 79
1448 683 1489 719 p.
1522 670 1605 707 627
1646 667 1853 707 Oombefis.

1030 784 1117 827 453

1069 865 1143 910 καὶ
1174 868 1252 909 τὸν
1284 865 1354 909 ἐπὶ
1385 872 1503 924 κακῷ

498 939 737 993 γινόμενον
770 937 971 992 ἀλλήλων
1003 937 1276 993 ἀγαπησμόν,
1311 932 1404 987 οἷος
1435 935 1502 992 ἦν.

403 1025 573 1063 Bekker.
607 1025 756 1063 Aneod.
790 1026 897 1074 324,
936 1027 988 1064 27
1029 1026 1070 1063 et
1108 1024 1252 1063 Suidas
1296 1022 1549 1076 ἆγαπησμόν·
1593 1021 1749 1076 λέγουσι
1787 1023 1855 1064 καὶ

285 1083 484 1136 ἀγάπησιν
525 1078 826 1137 (άγαπησμὸνῖ)
865 1081 937 1134 τὴν
969 1082 1272 1135 φιλοφρόνησιν.
1334 1082 1657 1135 Συναριστώσαις
1688 1082 1856 1123 Μέναν-

286 1143 377 1195 δρος
409 1146 486 1182 κτλ.
536 1141 715 1194 ἀλλήλων
747 1144 895 1194 pendet
927 1157 950 1182 a
980 1145 1101 1198 κακῷ.
1150 1143 1323 1193 Hesych.
1355 1141 1603 1195 ἀγαπησμός·
1647 1141 1855 1195 ἀγάπησις.

286 1204 426 1242 Zonar.
463 1205 515 1241 22
550 1201 798 1256 ἀγαπησμός·
831 1200 856 1253 ἡ
890 1201 1181 1254 φιλοφροσύνη.
1232 1203 1280 1241 cf.
1313 1203 1482 1241 Lobeck.
1516 1202 1665 1253 Plu-yn.
1699 1205 1797 1242 352.

1022 1318 1110 1361 454

496 1402 638 1457 πατὴρ
672 1397 715 1442 δ’
751 1399 942 1442 ἀπειλῶν
975 1400 1056 1442 οὐκ
1087 1402 1173 1455 ἔχει
1206 1399 1344 1455 μέγαν
1378 1402 1532 1455 φόβον.

404 1488 601 1527 S‘nobaeus
633 1487 771 1526 Floril.
793 1488 861 1534 83,
896 1490 918 1525 7
965 1486 1213 1538 Μενάνδρου
1246 1486 1571 1537 Συναριστώσαις
1594 1488 1639 1526 Α.
1666 1487 1714 1525 de
1748 1488 1854 1526 locu-

286 1549 395 1587 tione
428 1546 527 1599 ἔχειν
558 1546 689 1598 φόβον
723 1547 772 1586 ef.
805 1547 902 1597 625,
937 1550 972 1586 2.

1021 1650 1108 1692 455

401 1738 556 1776 Plinius
593 1738 641 1775 N.
674 1739 710 1776 h.
746 1739 818 1785 23,
854 1739 936 1776 159
983 1736 1004 1784 (
1005 1740 1154 1785 myrtus
1196 1738 1345 1775 sativae
1387 1737 1536 1784 semen)
1581 1738 1734 1776 odorem
1775 1739 1855 1776 oris

285 1799 521 1836 commendat
551 1798 609 1835 vel
631 1798 763 1845 pridie
794 1797 1164 1836 commanducatum.
1213 1798 1302 1834 item
1333 1798 1440 1844 apud
1464 1797 1731 1835 Menandrum
1754 1796 1852 1846 Syn-

285 1859 471 1896 aristosae
501 1857 569 1895 hoc
601 1857 725 1895 edunt.

1025 1947 1112 1990 456

581 2033 840 2086 γυναικείαν
872 2030 1039 2086 ἀγοράν

402 2117 470 2157 τὸν
500 2117 629 2163 μτόπον
668 2113 715 2156 οὗ
753 2117 798 2156 τὰ
843 2117 962 2168 σκεύη
1000 2115 1046 2155 τὰ
1082 2121 1243 2156 τοιαῦτα
1281 2111 1383 2169 (ταῖς
1419 2115 1600 2169 γυναιξὶν
1634 2113 1852 2168 ἐπιτήδεια)

283 2177 573 2228 πιπράσκουσιν
618 2207 626 2214 .
659 2206 668 2215 .
703 2207 710 2215 .
755 2176 885 2229 εὕροις
929 2175 979 2215 ἂν
1022 2174 1065 2215 ἐν
1108 2178 1192 2222 ταῖς
1228 2175 1553 2228 Συναριστώσαις
1592 2177 1852 2228 Μενάνδρου.

285 2238 428 2276 Pollux
463 2238 528 2284 10,
566 2238 630 2274 18.

403 2297 618 2335 Praeterea
649 2295 697 2334 ef.
732 2296 828 2334 954.

938 2385 1198 2420 ΣΤΝΕΡΩΣΑ

403 2462 461 2501 Of.
482 2459 725 2513 Συνέφηβος
745 2461 1000 2509 Philemonis,
1032 2461 1325 2508 Συνεξαπατῶν
1351 2460 1529 2499 Batonis.
1568 2461 1707 2511 Eurip.
1728 2462 1850 2502 Andr.

286 2524 367 2560 222
403 2519 476 2574 ἐγὼ
514 2553 523 2562 .
557 2552 565 2560 .
600 2553 606 2559 .
647 2519 708 2560 σοὶ
732 2518 799 2559 καὶ
836 2519 1030 2571 ξυνήρων.
1085 2520 1222 2559 Liban.
1254 2519 1317 2558 III
1349 2521 1447 2569 443,
1481 2521 1504 2558 9
1532 2520 1577 2558 R.
1628 2521 1728 2558 nihil
1766 2521 1851 2572 agit

283 2581 429 2620 Nabar.
461 2581 605 2620 Mnem.
637 2593 727 2619 nov.
760 2579 860 2618 VIII
891 2582 989 2619 420.

1020 2695 1104 2737 457

498 2779 607 2834 ἄφες
637 2779 715 2821 τὸν
747 2779 999 2834 ἄνθρωπον.
1042 2778 1089 2819 τί
1114 2778 1301 2832 κόπτεις,
1334 2774 1367 2819 ὦ
1399 2777 1513 2833 μέλε;

405 2865 533 2904 Sohol.
554 2866 654 2905 Plat.
676 2867 760 2904 363
794 2865 919 2903 Bekk.
953 2866 995 2903 et
1025 2863 1166 2902 Suidas
1197 2858 1228 2902 ὦ
1260 2861 1365 2914 μέλε·
1397 2862 1504 2915 παρὰ
1535 2866 1615 2910 τοῖς
1645 2861 1848 2916 νεωτέροις

283 2922 360 2962 ὑπὸ
398 2929 598 2975 γυναικῶν
629 2922 776 2976 λέγεται
808 2922 930 2975 μόνον
974 2956 982 2963 .
1017 2952 1025 2961 .
1058 2951 1066 2961 .
1110 2921 1216 2974 παρὰ
1254 2921 1295 2961 δὲ
1333 2925 1413 2970 τοῖς
1456 2925 1637 2969 παλαιοῖς
1672 2921 1739 2961 καὶ
1774 2920 1844 2962 ’ὑπ’
