2014 3334
0 3258 22 3334 ”2⁸¹
0 3231 5 3237 '

766 239 934 273 AAHAA
960 238 1221 273 ΟΙΙΟΤΕΡΑΣ
1699 236 1782 278 541

202 346 412 402 ὑποκριταὶ
451 348 495 390 ἐν
536 354 620 399 ταῖς
663 354 865 404 τραγικαῖς
908 353 1073 403 σκηναῖς
1110 348 1365 402 ἕξαρτῶνται,
1408 352 1511 389 θεοῦ
1548 347 1787 400 μιμούμενοι

204 407 454 461 ἐπιφάνειαν.
504 410 605 451 Poll.
638 412 678 461 4,
712 412 766 451 28
808 407 830 450 ὃ
862 406 899 450 δ’
935 409 1040 451 ἐστὶν
1072 409 1115 450 ἐν
1145 409 1344 465 τραγῳδίᾳ
1375 408 1552 461 μηχανή,
1589 414 1704 448 τοῦτο
1743 406 1786 448 ἐν

204 469 394 527 κωμῳδίᾳ
429 469 567 522 κράδῃ.
616 470 778 511 videtur
814 471 988 511 comicus
1028 470 1160 510 nescio
1198 470 1287 522 quis
1325 469 1390 509 dei
1428 469 1599 509 alicuius
1640 468 1786 520 tragici

205 541 342 570 casum
375 530 560 571 inridere.

949 599 1031 642 751

491 659 533 701 εί
559 657 633 701 καὶ
665 660 800 702 λίθον
832 656 944 715 εἶχες

323 744 506 795 Append.
532 759 644 796 prov.
671 748 709 795 2,
738 748 788 785 11
824 745 947 786 λείπει
977 743 1020 785 τὸ
1052 741 1204 797 εἔβαλες
1235 740 1315 784 ἄν’.
1364 742 1427 783 ἐπὶ
1459 749 1537 783 τῶν
1567 743 1783 796 προχείρως

206 800 493 852 ὀνειδιζόντων.

957 873 1043 916 752

493 934 774 984 δικαιόσυνος
807 933 919 984 Ζεύς

325 1018 495 1059 Bekker.
529 1021 678 1060 Anecd.
712 1021 781 1071 34,
818 1023 866 1059 11
913 1017 934 1059 6
965 1017 1030 1059 ἐπὶ
1060 1022 1142 1067 τοῖς
1180 1018 1312 1059 δίκαιά
1343 1033 1383 1058 τε
1413 1017 1480 1058 καὶ
1518 1016 1637 1058 ἄδικα
1663 1019 1787 1071 δρῶσι

206 1076 446 1132 τεταγμένος.
497 1078 627 1131 ὥσπερ
664 1077 731 1119 καὶ
762 1077 783 1119 6
815 1078 878 1119 ἐπὶ
914 1083 996 1127 τοῖς
1034 1080 1185 1132 μείλιχα
1226 1078 1410 1131 μειλίχιος
1447 1076 1514 1118 καὶ
1551 1076 1572 1118 6
1604 1077 1668 1118 ἐπὶ
1704 1082 1787 1134 τοῖς

208 1138 306 1188 φίλα
337 1138 481 1189 φίλιος.
532 1139 662 1179 Schol.
696 1140 813 1179 Hom.
843 1140 891 1180 Il.
924 1142 990 1192 13,
1025 1141 1078 1179 29
1111 1137 1154 1179 τὸ
1186 1138 1440 1186 δικαιόσυνος
1473 1137 1574 1186 Ζεὺς
1604 1137 1680 1179 οὐκ
1711 1137 1787 1191 ἔχει

208 1196 252 1238 τὸ
272 1198 507 1250 δικαιοσύνη
530 1197 725 1251 θηλυκόν.
775 1200 963 1239 Eustath.
986 1201 1082 1248 918,
1103 1201 1158 1239 48
1192 1198 1447 1246 δικαιόσυνος
1479 1197 1581 1246 Ζεὺς
1612 1198 1787 1250 εὕρηται,

209 1257 445 1311 δικαιοσύνη
466 1256 508 1298 δὲ
529 1255 590 1299 ἐπ’
626 1257 794 1307 οὐδενὸς
825 1256 1017 1311 ὀνόματός
1037 1257 1140 1299 ε’στιν
1160 1257 1357 1299 ἐπίθετον.
1399 1259 1560 1299 videssur
1579 1259 1788 1310 epitheton

210 1331 234 1357 a
263 1318 415 1358 comico
445 1319 596 1359 fictum.

949 1388 1036 1431 753

492 1442 622 1498 Ἰλιὰς
650 1454 800 1491 κακῶν

329 1521 498 1561 Bekker.
519 1522 668 1562 Anecd.
688 1525 758 1573 43,
781 1525 833 1563 31
848 1553 856 1562 .
877 1520 963 1562 .ἕπὶ
993 1522 1174 1576 μεγάλων
1199 1527 1419 1576 συμφορῶν
1445 1519 1466 1562 6
1485 1521 1600 1575 λόγος
1624 1521 1787 1561 τίθεται.

209 1579 398 1620 similiter
429 1581 573 1622 Zenob.
606 1584 647 1633 4,
679 1584 746 1623 43.
797 1582 1032 1633 Diogenian.
1067 1585 1105 1634 5,
1139 1584 1208 1622 26.
1258 1583 1440 1622 Photius.
1471 1582 1660 1621 Eustath.
1687 1583 1787 1630 444,

212 1642 278 1679 22.
315 1642 441 1692 1175,
475 1643 542 1682 61.
597 1655 696 1682 usus
734 1645 797 1682 est
831 1642 1041 1694 proverbio
1074 1642 1280 1682 Demosth.
1315 1644 1390 1694 19,
1425 1643 1522 1682 148.
1572 1642 1714 1681 Liban.
1746 1641 1787 1680 II

211 1701 310 1752 303,
325 1701 350 1740 3
366 1696 513 1740 Ἰλιάδα
532 1707 666 1741 κακῶν
688 1700 880 1742 ἐπισείων.
913 1702 1033 1742 etiam
1054 1702 1225 1742 comicos
1244 1715 1461 1752 usurpasse
1482 1701 1597 1741 docet
1618 1702 1787 1740 Plautus

209 1759 292 1800 Mil.
324 1760 424 1812 glor.
458 1763 496 1811 3,
531 1764 568 1810 1,
603 1763 686 1802 148
725 1766 806 1802 east
842 1763 1018 1802 odiorum
1048 1763 1166 1801 Ilias.
1216 1762 1275 1801 ita
1312 1762 1419 1801 enim
1449 1761 1514 1800 W.
1537 1761 1788 1801 Studemund

211 1819 292 1857 Zur
322 1819 427 1860 Krit.
458 1821 527 1860 des
557 1821 728 1861 Plautus
761 1823 815 1862 59
833 1835 889 1874 sq.
941 1822 988 1861 cf.
1010 1820 1089 1861 Cio.
1109 1822 1197 1861 Att.
1224 1823 1262 1872 8,
1295 1823 1362 1873 11,
1394 1823 1419 1861 3
1453 1824 1563 1860 tanta
1593 1822 1788 1860 malorum

209 1880 390 1928 impendet
415 1875 541 1928 Ἰλιάς.

951 1954 1040 2004 '754

497 2020 718 2078 Εὐδώρου
750 2020 880 2072 σέλας

330 2106 570 2159 Hesychius.
621 2107 822 2160 ἱερόσυλος
847 2105 868 2147 6
889 2105 1093 2160 Εὔδωρος.
1139 2104 1206 2147 ‘an
1225 2107 1373 2147 ironice
1395 2106 1594 2159 Εὖδώρου
1627 2104 1785 2159 σέβαςῬ’

211 2165 264 2206 Μ.
297 2165 499 2219 Schmidt,
520 2168 589 2219 qui
621 2169 720 2208 haec
751 2169 994 2208 comicorum
1026 2168 1206 2219 reliquiis
1238 2168 1332 2207 addi
1363 2168 1493 2207 iussit.
1551 2168 1598 2206 de
1625 2168 1787 2207 Eudoro

213 2227 254 2265 et
285 2226 506 2279 sacrilegiis
540 2228 625 2267 eius
656 2228 757 2267 mihi
788 2228 949 2280 quidem
979 2228 1082 2267 nihil
1111 2230 1263 2267 notum.

955 2344 1040 2387 755

501 2415 700 2472 Θάμυρις
731 2417 942 2471 μαίνεται.

333 2499 570 2552 Hesychius.
619 2502 811 2554 παροιμία
836 2501 899 2542 ἐπὶ
929 2508 1008 2542 τῶν
1039 2501 1136 2542 κατὰ
1162 2501 1322 2541 σύνεσιν
1352 2500 1580 2555 παράλογόν
1608 2516 1643 2540 τι
1667 2515 1788 2553 πρατ-

214 2557 374 2599 τόντων.
425 2561 474 2599 cf.
494 2561 639 2602 Zenob.
659 2565 698 2613 4,
720 2564 787 2602 27.
838 2563 1074 2615 Diogenian.
1096 2565 1133 2611 3,
1163 2564 1228 2602 28.
1282 2562 1446 2602 Preller.
1477 2562 1606 2612 Myth.
1637 2556 1716 2613 gr.²
1747 2562 1788 2600 II

215 2620 300 2658 492
335 2621 376 2659 et
407 2619 455 2659 de
486 2622 646 2672 syntaxi
677 2621 826 2662 Oratin.
859 2624 929 2663 52.

961 2727 1047 2770 756

500 2783 556 2840 νὴ
587 2784 669 2839 τὴν
698 2784 873 2840 ὑγίειαν

335 2868 391 2921 μὰ
421 2867 494 2920 τὴν
523 2868 673 2923 ὑγείαν.
722 2871 960 2923 Hesychius.
1002 2870 1156 2925 ὑγίειαν
1187 2871 1308 2910 Mein.
1338 2884 1410 2922 pro
1448 2869 1607 2924 ὑγείαν,
1639 2873 1787 2912 comico

217 2929 314 2968 haec
334 2930 525 2969 >tribuens
557 2930 664 2981 apud
698 2931 747 2970 M.
780 2931 971 2971 Schmidt.
