2014 3334
772 266 939 301 AA11AA
965 266 1226 302 οΠοΤΕΡΛΣ
1700 263 1787 305 513

198 377 342 432 οὔσης.
390 377 465 432 γὰρ
491 378 579 419 add.
608 367 704 430 'pro
730 377 819 418 τόδε
850 380 971 430 poeta
1001 379 1174 419 fortasse
1206 378 1333 430 ipsius
1358 378 1418 418 rei
1449 377 1783 429 significationem

204 445 407 492 posuerat.

953 519 1040 563 579

492 601 660 647 ἅπανθ’
697 602 828 660 ὅμοια
859 601 933 647 καὶ
958 593 1170 654 Ῥοδῶπις
1201 603 1227 658 ἡ
1258 605 1382 660 καλή.

326 692 499 742 Bekker.
522 690 673 730 Anecd.
693 692 793 742 416,
815 693 852 731 7.
885 690 1029 730 Suidas
1061 689 1129 730 ἅπ.
1162 689 1239 742 ὅμ.,
1269 691 1410 741 Apost.
1443 693 1481 739 3,
1515 692 1570 730 43
1605 690 1786 742 σημαίνει
1831 710 1845 722 ⁴

209 751 266 792 ὅτι
297 754 382 799 ταῖς
412 750 546 803 τύχαις
577 747 722 802 ὁμοίως
754 749 1085 790 ὑποπεπτώκασιν
1114 750 1156 790 οἵ
1182 751 1338 802 θνητοί.
1388 750 1572 802 Append.
1606 763 1715 802 prov.
1748 752 1787 799 4,

208 813 262 852 51
298 805 469 867 (πάνθ’)
509 840 519 850 .
545 839 555 850 .
581 839 591 850 .
631 809 724 857 τοὺς
754 809 857 850 πολὺ
889 808 1158 858 ἀπολέσαντας
1193 808 1383 863 ἀργύριον
1419 809 1485 850 διὰ
1516 809 1558 849 τὸ
1591 810 1788 862 διάφορον

205 876 276 924 τῆς
307 871 446 923 μίξεως
475 868 575 922 πρὸς
599 868 667 917 τὰς
693 867 812 917 ἄλλας
836 873 1029 923 γυναῖκας
1055 876 1307 922 συνορῶντας
1333 869 1584 922 ε’πιφωνῆσαι
1611 869 1654 910 τὸ
1678 869 1788 923 λεγό-

207 946 341 984 μενον.
389 943 493 982 quae
524 943 606 970 non
642 930 833 982 intellego
870 931 949 969 nisi
979 929 1021 970 τὸ
1060 930 1258 983 διάφορον
1295 933 1478 970 mutetur
1516 931 1556 969 in
1593 929 1636 970 τὸ
1677 928 1788 970 ἀδιά-

208 1006 348 1043 φορον.
387 1004 480 1030 nam
502 992 664 1040 inpensa
679 986 740 1042 (τὸ
761 985 815 1043 ὃ.)
836 990 900 1029 hio
918 1003 998 1030 non
1017 990 1180 1030 videtur
1199 991 1417 1042 significari
1431 1003 1558 1042 posse.
1590 991 1790 1039 Rhodopis

208 1051 398 1091 meretrix
429 1050 567 1090 eadem
597 1050 769 1102 videtur,
800 1050 849 1089 de
882 1063 961 1101 qua
991 1050 1185 1097 Herodot.
1204 1052 1402 1101 2,134.5
1437 1049 1539 1090 οὕτω
1573 1048 1622 1101 δὴ
1654 1048 1787 1101 κλεινὴ

209 1109 358 1165 ἐγένετο
400 1107 453 1158 ὡς
483 1108 550 1149 καὶ
589 1108 765 1157 πάντες
805 1108 854 1149 οἱ
875 1106 1102 1162 ’Ἕλληνες
1126 1106 1340 1158 Ῥοδώπιος
1370 1108 1548 1162 τοῦνομα
1579 1107 1789 1162 ἐξέμαθον.

886 1190 985 1234 580.
1018 1191 1102 1234 581

497 1271 598 1317 οὐδ’
634 1273 743 1318 ὅσον
775 1273 915 1331 ἀκαρῆ
947 1280 1024 1330 τῆς
1053 1274 1210 1331 τέχνης
1241 1274 1486 1332 ἐπίσταμαι.

494 1344 737 1389 κατέπεσον
769 1345 935 1403 ἀκαρὴς
965 1351 1025 1404 τῷ
1059 1345 1162 1390 δέει.

333 1433 571 1473 Ammonius
602 1434 741 1473 Differ.
772 1446 857 1474 voc.
891 1436 946 1473 10
978 1433 1067 1473 init.
1110 1431 1261 1486 ἀκαρὴς
1300 1432 1375 1473 σὺν
1412 1436 1465 1490 τῷ
1504 1433 1527 1473 ὅ
1563 1432 1629 1474 καὶ
1661 1433 1790 1486 ἀκαρῆ

212 1491 310 1533 ἄνευ
342 1498 412 1533 τοῦ
439 1491 462 1532 ὃ
487 1491 676 1546 διαφέρει.
727 1491 857 1545 ἀκαρῆ
887 1490 958 1544 μὲν
988 1492 1063 1546 γὰρ
1089 1490 1186 1532 ἄνευ
1218 1498 1289 1533 τοῦ
1316 1491 1339 1532 ὃ
1364 1494 1546 1545 σημαίνει
1577 1492 1619 1533 τὸ
1650 1494 1792 1546 βραχύ,

214 1548 302 1593 οἷον
328 1551 383 1604 (‘v.
413 1549 468 1604 1).
530 1550 681 1604 ἀκαρὴς
713 1550 755 1592 δὲ
787 1553 970 1604 σημαίνει
999 1551 1043 1592 τὸ
1074 1551 1182 1604 παρὰ
1213 1552 1340 1605 βραχὺ
1373 1551 1420 1593 ὅν
1445 1557 1521 1594 κτλ.
1588 1556 1622 1593 1.
1656 1552 1791 1606 τέχνης

213 1613 377 1653 Pierson
402 1613 526 1652 Moer.
553 1611 629 1664 44]
661 1612 791 1665 τύχης.
836 1609 1010 1665 ‘reliqua
1041 1614 1128 1653 eius
1159 1626 1300 1654 versus
1332 1615 1484 1653 incerta
1515 1615 1672 1654 medela
1703 1610 1791 1654 est-³

212 1673 333 1713 Mein.
381 1672 430 1712 cf.
462 1672 587 1712 Arist.
615 1672 733 1724 Vesp.
766 1674 866 1713 541.
907 1673 983 1713 Av.
1019 1675 1146 1714 1649.
1189 1673 1346 1712 Alexid.
1381 1675 1478 1713 144.

896 1789 995 1832 582.
1027 1789 1114 1832 583

498 1873 722 1928 γήμαντος
753 1872 894 1915 αὐτοῦ
926 1868 970 1915 δ’
1005 1873 1145 1924 εὐθὺς
1176 1871 1297 1929 ἔσομ’
1335 1872 1583 1930 ἐλεύθερος.

501 1944 560 1995 ὡς
589 1950 722 1987 τοῦτο
755 1942 796 1986 δ’
834 1943 964 1998 εἶδεν,
997 1943 1138 1996 εὐθὺς
1168 1942 1225 2000 ἦν
1257 1946 1350 1988 ἄνω
1382 1945 1510 1989 κάτω.

334 2031 572 2071 Ammonius
594 2032 730 2070 Differ.
750 2044 835 2071 voc.
857 2032 910 2071 63
944 2031 988 2071 οἱ
1009 2029 1050 2070 δὲ
1077 2030 1231 2084 ἀρχαῖοι
1257 2030 1379 2072 ἐνίοτε
1409 2031 1452 2072 τὸ
1481 2031 1586 2072 εὐθὺ
1612 2031 1794 2073 ἐτίθεσαν

214 2090 256 2131 τὸ
295 2087 359 2142 ἐφ’
399 2088 498 2131 ὁδοῦ
529 2095 599 2142 τῆς
629 2090 833 2142 τεινούσης
859 2088 925 2130 ἐπί
961 2105 1067 2138 τινος
1098 2091 1239 2132 τόπου·
1278 2090 1382 2132 εὐθὺ
1420 2097 1489 2144 τῆς
1521 2099 1656 2144 στοᾶς,
1689 2091 1793 2133 εὐθὺ

215 2156 294 2191 τῶν
325 2149 544 2202 ἀρωμάτων
570 2151 731 2205 (Eupol.
755 2153 852 2202 304,
874 2146 933 2202 2).
976 2149 1018 2190 τὸ
1051 2149 1092 2190 δὲ
1117 2150 1217 2191 κατὰ
1248 2151 1340 2199 τοὺς
1365 2150 1533 2204 χρόνους
1559 2151 1608 2192 οὐ
1634 2151 1793 2206 λέγεται,

214 2207 298 2251 ἀλλ’
333 2209 474 2261 εὐθύς,
505 2205 593 2250 ὀἷον
613 2208 669 2264 (v.
692 2205 735 2264 1)
768 2208 834 2250 καὶ
854 2206 910 2265 (v.
933 2207 988 2264 2).
1045 2212 1178 2263 Etym.
1200 2211 1302 2251 Gud.
1324 2214 1420 2258 221,
1443 2214 1496 2251 51
1527 2226 1562 2252 v.
1593 2215 1613 2252 1
1650 2226 1725 2253 om.
1753 2210 1793 2252 δ’

216 2274 256 2310 et
287 2285 324 2311 v.
357 2273 381 2309 2
421 2267 526 2310 τοῦτ’
567 2265 671 2310 εἶδεν
716 2292 764 2297 -
806 2268 853 2309 τὰ
891 2268 986 2310 ἅνω.
1054 2272 1127 2311 hoc
1166 2272 1297 2322 ipsum
1331 2266 1474 2326 (τᾶνω)
1511 2273 1794 2323 recipiendum.

214 2343 294 2370 non
323 2331 456 2370 minus
489 2331 680 2383 antiquae
712 2343 831 2382 quam
863 2343 989 2371 novae
1022 2332 1248 2371 comoediae
1281 2345 1366 2372 esse
1397 2337 1579 2409 pofsunt.

964 2447 1052 2490 584

503 2525 634 2581 οὗτος
664 2530 806 2585 πατὴρ
837 2535 919 2572 τοῦ
951 2530 1121 2580 παιδός.
1172 2532 1220 2572 Β.
1253 2531 1296 2573 εἰ
1323 2531 1408 2588 γὰρ
1441 2531 1626 2587 ὤφελεν.

339 2616 605 2668 Etymologie.
632 2631 682 2655 m.
711 2618 779 2666 26,
805 2619 862 2656 40
895 2617 979 2657 cod.
996 2618 1108 2656 Voss.
1143 2613 1198 2667 (p.
1227 2618 1281 2656 66
1316 2613 1461 2670 Gaisf.)
1494 2617 1572 2657 ἔστι
1602 2617 1678 2671 γὰρ
1710 2618 1746 2658 εἰ
1774 2616 1796 2658 ὃ

219 2675 402 2728 σημαίνει
431 2673 475 2715 τὸ
506 2675 591 2716 εἴθε
622 2679 700 2716 κτλ.
732 2672 952 2731 (ὤφειλεν.)
985 2677 1177 2717 indicavit
1208 2676 1280 2738 W²
1298 2677 1488 2719 Ribbeck.

959 2794 1047 2837 585

505 2876 711 2930 ναστούς,
741 2877 1028 2935 τροφαλίδας,
1061 2876 1369 2932 ἀμφιφῶντας,
1402 2877 1529 2933 ίτρία.

339 2962 606 3014 Etymologic.
631 2976 684 3002 m.
712 2965 778 3014 94,
812 2965 867 3004 55
899 2961 1112 3015 ἀμφιφῶν·
1144 2958 1249 3011 εἶδος
1279 2966 1526 3010 πλακοῦντος
1556 2962 1792 3016 τελουμένου

0 3006 40 3334 *k
294 3035 408 3063 Comici
427 3036 539 3070 graeci,
558 3036 604 3063 ed.
625 3036 680 3064 Th.
699 3037 796 3063 Kook.
815 3037 872 3064 m.
1462 3035 1507 3067 33

18 3119 29 3139 Δ
