2014 3334
862 268 1147 304 ΣΤΝΤΡοΦοΙ
1700 265 1784 309 351

421 379 588 431 ἐκεῖνος
619 373 719 422 οἷόν
749 377 888 421 ἐστιν·
927 378 975 421 οἰ
1002 375 1046 421 δ’
1083 377 1133 421 ἐν
1163 383 1216 434 τῇ
1249 381 1357 435 στοᾷ

356 464 400 497 65
423 454 600 508 ζητοῦσι
632 458 829 507 συνεχῶς
861 445 960 494 οἶόν
993 448 1080 493 ἐστ’
1119 449 1202 493 οὐκ
1232 449 1411 500 εἰδότες.

422 524 590 568 οὐκοῦν
622 523 646 567 ὅ
676 521 718 579 γ’
755 522 838 566 οὐκ
868 524 1064 580 ἔχουσιν,
1098 522 1314 578 ἀγνοοῦσι
1346 521 1410 576 δέ,

420 594 519 640 οὐδ’
556 594 613 639 ἂν
644 593 778 655 ἑτέρῳ
812 595 1012 650 δοίησαν.
1075 597 1124 636 Β.
1158 594 1275 637 οὕτω
1308 594 1529 637 συνδοκεῖ.

260 672 357 712 VIII
419 667 605 725 ἀφῶμεν
635 663 720 711 οὖν
751 668 806 710 τὰ
837 667 981 710 λοιπά.
1039 662 1162 722 δῆλα
1185 666 1240 721 δὴ
1273 666 1420 710 πάλαι.

324 804 558 844 Athenaeus
592 805 630 855 3,
665 804 763 843 101.
796 804 821 842 2
868 798 1175 855 (Ἀρχέστρατος)
1213 799 1366 842 ἐσθίειν
1402 800 1708 855 παρακελεύεται
1742 800 1788 841 τὰ

204 862 271 904 καὶ
301 863 361 914 τά,
393 860 513 904 οὐδὲν
545 860 731 903 ἀποδέων
761 867 832 902 τοῦ
863 861 972 915 παρὰ
1002 860 1219 919 Δαμοξένῳ
1249 863 1303 918 τῷ
1334 862 1623 918 κωμῳδιοποιῷ
1655 862 1789 915 μαγεί-

205 939 295 977 ρου,
337 920 383 972 ὃς
418 922 463 964 ἐν
493 919 762 977 Συντρόφοις
788 921 913 974 φησίν
943 925 1022 962 κτλ.
1093 936 1129 962 v.
1163 924 1215 961 21
1234 935 1291 974 sq.
1323 923 1566 962 Eustathius
1601 924 1728 973 1623,
1762 925 1786 962 8

205 980 343 1039 (indie.
373 979 548 1038 Nauck.)
573 981 779 1036 ἠλίβατον·
829 987 965 1035 χρῆσις
996 980 1120 1022 αὐτοῦ
1157 980 1336 1036 γνωμική
1371 978 1564 1037 (κωμικὴ)
1595 981 1639 1022 ἐν
1663 984 1717 1038 τῷ
1749 982 1794 1022 αἱ

203 1041 415 1096 μεταβολαὶ
443 1042 518 1098 γὰρ
542 1042 592 1083 αἶ’
608 1057 647 1083 τε
674 1041 848 1094 κινήσεις
879 1041 1003 1082 κακὸν
1034 1040 1242 1095 ἠλίβατον·
1274 1038 1351 1082 ἔντ’
1387 1038 1453 1095 (ut
1473 1037 1523 1096 C)
1555 1041 1790 1096 ἀνθρώποις

204 1103 453 1156 ἀλλοιώματα
484 1102 528 1144 ἐν
559 1106 643 1151 ταῖς
672 1105 836 1157 τροπαῖς
867 1107 1065 1143 ποιοῦσιν.

324 1178 364 1216 4.
396 1174 472 1230 ἐγώ
510 1190 570 1216 τοι
608 1176 727 1215 Both.
809 1175 847 1215 5.
884 1173 1088 1228 καθήγισα
1126 1173 1172 1214 G.
1203 1174 1338 1214 Herm.
1371 1174 1490 1214 Drao.
1527 1175 1652 1225 praef.
1686 1173 1787 1225 xxv]

204 1235 420 1290 καθήγησα
437 1237 487 1276 A.
560 1238 598 1276 6.
629 1229 660 1275 ὦ
691 1239 743 1288 γῆ
767 1233 836 1274 καὶ
859 1234 954 1275 θεοί
980 1235 1025 1275 G.
1047 1235 1094 1274 A.
1114 1234 1316 1286 Hirsohig.
1337 1235 1440 1275 Ann.
1461 1235 1550 1274 orit.
1571 1236 1640 1285 32,
1672 1235 1790 1275 alteri

205 1309 397 1347 personae
429 1293 631 1346 tribuens]
671 1293 746 1335 οὐκ
781 1291 887 1346 ’ἤιδει
916 1294 1010 1335 θεοί
1038 1294 1087 1334 A.
1168 1296 1207 1334 8.
1238 1296 1282 1334 Β.
1315 1295 1405 1334 add.
1437 1294 1574 1334 Cobet.
1603 1295 1651 1334 N.
1672 1295 1699 1334 1.
1720 1297 1788 1334 24.

206 1358 247 1396 9.
279 1353 407 1396 οὐθὲν
438 1356 487 1396 A.
529 1360 601 1396 τοῦ
632 1351 808 1395 ’πινοεῖν
839 1355 989 1406 Reisig.
1021 1353 1196 1395 Conieot.
1221 1356 1290 1395 31.
1332 1359 1404 1395 τοῦ
1435 1357 1604 1407 φρονεῖν
1628 1355 1788 1405 Emper.

206 1414 281 1456 οὐκ
311 1414 415 1456 ἔστιν
447 1413 542 1456 οὐδὲ
566 1415 616 1454 ἓν
647 1417 756 1455 νοεῖν
779 1426 812 1454 σ.
852 1410 966 1454 ‘nihil
989 1416 1206 1465 sapientius
1230 1417 1393 1465 coyz'tari
1409 1411 1550 1464 potest'
1581 1414 1790 1455 Herwerd.

203 1476 323 1516 Anal.
343 1476 432 1516 orit.
454 1477 521 1516 32.
543 1477 581 1516 3.
647 1477 713 1515 10.
744 1480 828 1514 πᾶν
859 1469 1016 1529 εὐχερές
1045 1489 1091 1514 τε
1115 1473 1183 1526 Κ.]
1216 1469 1269 1527 ἠν
1300 1471 1333 1514 τ’
1369 1472 1522 1527 εὐχερὲς
1552 1473 1595 1514 τὸ
1615 1475 1663 1514 Α.
1707 1481 1789 1514 πᾶν

204 1531 238 1575 τ’
273 1533 425 1588 εὐχερὲς
455 1534 497 1575 τὸ
529 1535 679 1587 Reisig.
754 1537 821 1574 14.
853 1535 930 1574 del.
963 1534 1009 1575 G.
1039 1535 1177 1574 Herm.
1207 1535 1326 1575 Drae.
1357 1536 1504 1586 praefi:
1548 1535 1787 1575 sententiam

205 1597 381 1636 mutavit
399 1596 462 1634 El.
483 1596 609 1636 doctr.
634 1609 686 1635 m.
711 1595 806 1635 135.
858 1597 979 1646 atque
1006 1594 1081 1634 eici
1106 1597 1218 1635 vetat
1238 1595 1392 1635 Hanov.
1420 1595 1558 1635 Exere.
1579 1595 1668 1634 orit.
1691 1598 1788 1646 145,

206 1655 421 1707 desperans
461 1668 557 1695 sane
596 1655 644 1694 de
683 1655 974 1694 emendatione.
1024 1651 1232 1707 κατέχυνθ’
1281 1653 1334 1703 ὡς
1365 1660 1485 1695 κενοῦ
1518 1654 1567 1694 σὺ
1597 1653 1790 1708 καταγέλα

206 1716 360 1756 Jacobs.
391 1715 495 1755 Add.
526 1715 621 1754 Ath.
657 1716 724 1754 68.
756 1717 916 1754 secutus
947 1728 1038 1754 sum
1068 1715 1311 1754 Kaibelium.
1372 1729 1407 1754 v.
1438 1716 1610 1755 15—18
1645 1718 1686 1754 et
1718 1718 1787 1755 31.

206 1777 275 1815 32.
315 1777 505 1816 57—61.
538 1776 712 1814 63—68
734 1787 811 1814 om.
828 1774 870 1814 C.
935 1776 1000 1814 15.
1022 1774 1231 1826 μινθώσας
1251 1771 1351 1826 ὄῖφες
1365 1774 1412 1814 G.
1426 1773 1580 1826 Herm]
1602 1778 1788 1827 μισθωσα

205 1832 329 1886 σαφὲς
360 1835 408 1875 Α.
458 1833 665 1886 μισθώσας
702 1831 803 1886 ἄφες
835 1834 949 1874 Grot.
974 1835 1161 1886 Excerpt.
1192 1837 1288 1875 701.
1333 1832 1450 1886 ἄφες·
1483 1832 1536 1882 ὥς
1567 1833 1610 1874 ἐκ
1642 1835 1788 1887 διατρι-

204 1895 280 1947 βῆς
315 1899 432 1935 τοῦτο
464 1894 685 1946 Schweigh.
727 1892 828 1945 ἄφες
866 1892 915 1933 ἐκ
951 1899 1032 1946 τῆς
1070 1894 1274 1947 διατριβῆς
1306 1895 1355 1934 Κ.
1444 1898 1511 1935 17.
1542 1900 1699 1949 πρῶτον
1730 1893 1786 1946 D]

204 1960 358 2008 πρῶτος
386 1955 434 1994 Α.
500 1956 565 1994 19.
598 1953 809 1993 Πλειάδων
841 1949 1010 2005 ‘scripta
1040 1950 1176 1994 lectio'
1210 1953 1379 1994 Casaub.
1410 1955 1491 1995 DP.
1523 1954 1708 2003 πλειάδος
1740 1957 1787 1995 Α.

204 2017 374 2065 uterque
411 2026 601 2054 numerus
632 2014 673 2052 in
710 2027 789 2053 usu
827 2014 917 2053 fuit.
966 2010 1063 2065 σάφ’
1106 2011 1255 2054 εἰδέναι
1284 2014 1489 2054 Herwerd.
1519 2015 1666 2054 Mnem.
1697 2029 1788 2055 nov.

205 2074 289 2113 IIII
322 2076 421 2114 299.
471 2085 544 2114 σοι
582 2073 815 2113 σκευάσαι
846 2074 894 2113 Κ.
945 2087 1038 2113 nam
1080 2069 1344 2127 (συν)ειδέναι
1381 2075 1600 2125 repetitum
1638 2088 1686 2114 ex
1720 2077 1787 2115 16.

207 2136 276 2174 20.
306 2132 534 2187 ’ὑποτροπάς
553 2134 602 2173 Α.
652 2131 731 2173 ὑπὸ
762 2133 910 2186 τροπάς
940 2137 989 2173 ut
1019 2134 1182 2174 videtur
1204 2133 1245 2173 G.
1321 2136 1390 2174 21.
1424 2137 1492 2174 22.
1519 2135 1576 2174 sio
1596 2135 1644 2174 A.
1676 2134 1726 2174 αἴ
1748 2149 1788 2175 τε

204 2193 379 2246 κινήσεις
416 2193 575 2234 κύκλων
605 2190 758 2246 ἠλίβατ’
794 2192 837 2233 ἐν
868 2192 987 2248 ἀνθρ.
1028 2194 1183 2234 Hanov.
1218 2196 1315 2235 132.
1349 2197 1387 2234 3.
1442 2192 1632 2247 ἠλίβατον
1670 2193 1714 2234 ἕν
1750 2191 1783 2234 τ’

205 2252 439 2308 ἀνθρώποις
458 2253 501 2294 C.
544 2251 732 2306 ἠλίβατον
758 2251 1010 2308 ἀνθρώποισι
1030 2254 1196 2294 Porsen.
1236 2251 1471 2306 ἀλλοιώματ’
1503 2254 1543 2294 C.
1589 2250 1789 2306 άλλοίωμά

205 2328 244 2353 τε
282 2314 437 2354 Iacobs.
484 2312 679 2365 κινήσεις,
715 2312 841 2353 κακὸν
872 2311 1062 2366 ἠλίβατον
1093 2312 1391 2367 ἀνθρώποισιν,
1431 2312 1680 2366 ἀλλοιώματα
1710 2318 1788 2354 κτλ.

207 2373 362 2413 Kaibel.
395 2386 476 2413 non
507 2373 636 2414 credo.
700 2375 768 2413 23.
804 2377 966 2427 τροφαῖς
997 2373 1126 2424 Grot.]
1164 2377 1326 2426 τροπαῖς
1352 2374 1433 2414 ΑΟ.
1497 2376 1565 2415 25.
1598 2371 1634 2413 δ’
1670 2373 1788 2414 αὐτά

206 2431 274 2483 Κ.]
306 2438 438 2473 ταῦτα.
520 2435 587 2474 30.
626 2430 781 2484 ὁμαλῶς
821 2431 842 2472 ὁ
880 2432 1002 2486 χυμὸς
1034 2433 1076 2472 C.
1158 2436 1226 2474 31.
1264 2431 1365 2487 λέγει
1402 2433 1540 2485 Mein.]
1587 2431 1708 2487 λέγεις
1740 2435 1786 2473 Α.

207 2489 327 2532 οὐδὲν
350 2498 528 2547 πρᾶγμα·
567 2491 614 2532 τὰ
642 2493 648 2543 Ι
675 2492 864 2546 γινόμενα
894 2496 973 2533 κτλ.
1005 2493 1159 2534 Kaibel.
1224 2496 1292 2534 36.
1325 2493 1390 2534 οἴα
1411 2490 1512 2533 ’στίν
1532 2493 1663 2545 Grot.]
1697 2493 1788 2534 οἵαν

207 2550 281 2604 τήν
300 2553 350 2592 Α.
399 2551 529 2604 ἅλμην
547 2549 684 2605 Mein]
706 2550 834 2604 ὀσμὴν
853 2553 902 2592 Α.
952 2551 1109 2604 ἐδωδὴν
1129 2553 1299 2594 Casaub.
1331 2553 1397 2594 οἵα
1418 2550 1535 2593 ’στίν·
1568 2552 1639 2601 οὓς
1658 2553 1788 2605 ἅλμην

208 2610 260 2652 ἂν
292 2611 393 2660 ἴδοις
410 2612 534 2652 Dobr.
553 2612 655 2652 Adv.
674 2612 715 2652 H
735 2615 834 2653 301.
897 2615 966 2654 37.
997 2611 1165 2664 αὑτοῖσι,
1195 2627 1277 2653 non
1307 2612 1473 2665 αὐτοῖσι,
1493 2614 1542 2652 A.
1573 2619 1788 2662 ποιοῦντας

208 2670 451 2724 Schweigh]
483 2671 709 2712 ποιούντων
735 2673 783 2711 Α.
847 2674 915 2713 38.
948 2671 1216 2727 ἐπιτρίβοντας
1247 2673 1395 2726 Reisig.
1459 2676 1527 2713 39.
1559 2672 1788 2726 πρόσπαρδε

209 2731 258 2771 σύ
290 2731 495 2771 Herwerd.
516 2730 608 2771 obs.
629 2732 717 2772 crit.
740 2734 837 2772 111.
861 2735 935 2773 12..
970 2729 1213 2786 πρόσπαρδ’·
1246 2732 1313 2772 ἴτω
1336 2733 1453 2773 Mein.
1475 2733 1593 2772 Anal.
1607 2734 1702 2773 Ath.
1718 2735 1787 2773 46.

208 2793 276 2831 40.
308 2789 362 2838 ὥς
383 2805 451 2843 μοι
468 2790 669 2844 κεχάρισαι
686 2792 804 2831 Mein.
836 2785 1094 2846 πρόσπαρδ’.
1119 2794 1163 2831 Β.
1196 2791 1293 2843 ἰοῦ,
1322 2788 1327 2846 Ι
1355 2792 1408 2840 ὥς
1428 2807 1496 2844 μοι
1514 2792 1726 2847 κεχάρισαι.
1738 2793 1785 2834 Κ.

208 2852 277 2890 41.
315 2851 456 2891 dubito
495 2864 545 2890 an
580 2851 831 2891 scribendum
869 2853 923 2892 sit
963 2850 1221 2905 μεμειγμένης
1259 2855 1300 2891 et
1341 2854 1397 2892 60
1434 2852 1647 2906 μειγνύειν.
1708 2866 1787 2893 non

208 2910 390 2951 dubitavi
416 2910 464 2950 de
491 2924 526 2951 v.
555 2912 622 2950 54.
702 2912 771 2950 42.
804 2909 1126 2964 συμπλεκομένης
1158 2911 1207 2962 O]
1241 2910 1564 2964 συμπλεκομένας
1590 2915 1637 2952 A.
1719 2916 1788 2952 43.

207 2968 395 3023 εὐτυχοῦς
425 2970 546 3010 Dobr.
579 2968 758 3022 εὐφυοῦς
789 2971 992 3012 Her-werd.
1019 2972 1119 3012 Nov.
1148 2972 1237 3011 add.
1265 2973 1351 3012 crit.
1374 2975 1442 3013 47.
1482 2971 1711 3026 εὐστόχου
1737 2973 1786 3015 Κ.
