2014 3334
284 256 371 297 242
604 251 607 256 ’
924 258 1223 292 MENANAPOT

404 369 600 408 Stobaeus
632 369 771 408 Floril.
807 370 901 416 121,
937 371 960 408 6
1000 369 1247 421 Μενάνδρου
1280 370 1316 408 Α
1349 372 1386 421 5,
1429 383 1599 422 quocum
1634 373 1657 410 6
1692 372 1854 411 coniun-

283 429 405 480 gitur.
456 442 501 468 ao
542 429 690 467 diserte
728 426 972 480 Μένανδρος
1019 424 1085 480 (με
1123 432 1170 468 uf·
1211 425 1332 483 solet)
1373 431 1489 470 Vind.
1550 427 1589 483 γ’
1630 430 1766 481 Mein]
1804 427 1854 471 τ’.

282 485 384 539 ἡδύς
414 485 446 527 τ’
483 488 595 528 Voss.
629 488 749 527 Hens.
812 489 861 527 cf.
893 488 1031 527 Cobet.
1062 490 1206 528 Mnem.
1238 490 1359 529 VIIII
1392 492 1488 529 147.

1027 605 1107 648 931

401 679 529 719 Schol.
556 679 681 718 Arist.
702 680 774 719 Av.
805 681 917 719 1736
943 676 1091 731 “Υμὴν
1123 675 1154 719 ὦ
1179 676 1404 732 Ὑμέναιε.
1467 681 1614 734 εἴρηται
1644 680 1734 735 περὶ
1763 681 1852 722 τού-

280 754 350 784 του
382 738 426 778 ἐν
457 741 537 786 τοῖς
569 739 863 793 Μενανδρείοις
900 738 958 778 ὅτι
989 738 1032 779 ἐν
1063 743 1143 787 τοῖς
1179 740 1321 792 γάμοις
1351 737 1479 797 ᾔδετο.
1530 742 1586 780 sio
1618 742 1663 780 R.
1696 755 1771 782 om.
1803 741 1852 780 V.

1024 856 1111 899 932

398 942 607 993 Eunapius
639 943 783 993 fragm.
815 957 852 993 p.
887 945 940 982 99
973 943 1099 981 Bekk.
1144 940 1165 982 ὁ
1195 943 1387 994 Στιλίχων
1426 942 1500 982 οὐκ
1538 942 1729 994 ἐφόνευσε
1759 943 1851 992 τοὺς

278 1001 543 1055 ἀνθρώπους,
580 1000 678 1040 ἀλλὰ
715 1002 787 1053 ζῆν
825 1002 991 1053 αἰσχρῶς
1027 1000 1224 1055 ἠνάγκαζε
1260 1002 1388 1042 πάντα
1429 1001 1740 1055 ἀφαιρούμενος,
1784 1002 1851 1043 καὶ

277 1061 376 1114 πρὸς
400 1060 448 1101 τὸ
480 1061 765 1113 βαρύτατον,
796 1059 850 1109 ὡς
875 1060 952 1113 ἔφη
977 1060 1219 1114 Μένανδρος
1244 1061 1316 1113 τὴν
1340 1062 1496 1114 πενίαν,
1527 1063 1704 1114 θηρίον
1735 1062 1848 1104 καὶ..

277 1120 354 1173 ἔφη
386 1119 630 1175 Μένανδρος
654 1120 880 1172 Bekkerus]
914 1119 1046 1173 φαμὲν
1078 1120 1234 1174 ἀνδρός.
1284 1123 1431 1174 θηρίον
1464 1123 1710 1163 διαπαλαίειν
1729 1124 1848 1163 Mein.

278 1183 379 1221 conl.
411 1184 581 1220 monosss.
614 1183 702 1221 450
738 1181 876 1228 πενίας
913 1180 1132 1234 βαρύτερον
1171 1180 1291 1221 οὐδέν
1330 1181 1407 1221 ἐστι
1449 1183 1613 1235 φορτίον
1652 1186 1692 1222 et
1723 1183 1847 1222 Arist.

276 1242 382 1280 Plut.
415 1243 512 1281 439.
575 1241 623 1280 cf.
657 1241 777 1280 etiam
809 1242 943 1292 adesp.
979 1243 1073 1282 183.

1020 1357 1106 1400 933

394 1432 581 1471 Palladas
613 1432 734 1472 Anth.
767 1432 852 1471 Pal.
882 1433 948 1482 10,
981 1433 1036 1471 52
1082 1425 1126 1471 εὖ
1169 1446 1213 1484 γε
1256 1429 1380 1484 λέγων
1423 1431 1491 1471 τὸν
1534 1431 1703 1485 καιρὸν
1746 1431 1847 1485 ἔφης

272 1491 411 1543 θεόν,
443 1486 488 1531 εὖ
518 1506 561 1545 γε
593 1489 821 1544 Μένανδρε.
883 1492 932 1531 cf.
965 1494 1061 1531 291.

1017 1608 1105 1651 934

391 1683 610 1723 Proverbia
642 1683 760 1722 Ooisl.
795 1684 877 1722 253
920 1680 1026 1733 ἤτοι
1062 1683 1231 1735 κρίνον
1262 1680 1288 1734 ἢ
1319 1682 1641 1734 κολοκύντην,
1673 1682 1736 1722 ἐπὶ
1766 1689 1844 1723 τῶν

272 1740 443 1793 άδήλων.
477 1741 522 1782 ’τὸ
547 1742 622 1796 γὰρ
647 1748 716 1794 τῆς
741 1743 983 1794 κολοκκύντης
1009 1740 1137 1790 ἄνθος
1167 1745 1340 1782 καλεῖται
1366 1742 1514 1795 κρίνον.
1553 1740 1704 1794 ἄδηλον
1736 1741 1778 1782 δὲ
1810 1743 1846 1783 εἰ

272 1800 381 1854 μέχρι
410 1802 550 1855 κρίνου
583 1802 821 1855 προβήσεται
852 1800 878 1854 ἢ
903 1801 970 1842 καὶ
1000 1801 1155 1856 καρπὸν
1188 1802 1295 1842 οἴσει.
1346 1800 1536 1854 μέμνηται
1566 1801 1708 1854 ταύτης
1727 1801 1842 1842 Μέν-

271 1861 428 1914 ανδρος.
460 1864 509 1902 ef.
523 1863 672 1913 Diphil.
690 1864 757 1903 98.
791 1863 935 1902 Zenob.
956 1865 998 1914 4,
1020 1865 1085 1903 18.
1119 1863 1354 1915 Diogenian.
1369 1864 1407 1913 5,
1426 1864 1491 1902 10.
1522 1862 1706 1913 Apostol.
1720 1865 1758 1912 8,
1773 1865 1841 1903 45.

1015 1979 1102 2022 935

390 2066 584 2105 Arsenius
617 2067 723 2107 Viol.
755 2066 838 2106 507
882 2045 1129 2118 Μένανδρος
1173 2063 1240 2104 τὸν
1277 2064 1439 2115 φθόνον
1482 2064 1717 2117 πρόνοιαν
1759 2071 1841 2118 τῆς

269 2131 428 2178 ψυχῆς
465 2121 584 2165 εἶπεν.
622 2148 681 2152 -
716 2125 913 2178 πονηρίαν
950 2126 1102 2164 Nauck.
1135 2126 1236 2164 conl.
1269 2126 1373 2176 540,
1406 2127 1443 2164 8.
1505 2124 1649 2177 πρίονα
1687 2127 1841 2165 dixerat

271 2185 455 2225 Socrates
487 2180 668 2239 (Maxim.
702 2185 813 2225 Oonf.
845 2199 884 2236 p.
918 2186 1001 2224 658
1035 2181 1262 2237 Oombefis.)
1301 2185 1366 2223 vel
1396 2182 1506 2231 ἕλκος
1539 2181 1669 2238 (Stob.
1701 2186 1840 2224 Floril.

269 2246 338 2295 34,
370 2239 459 2298 48).
508 2245 557 2285 H.
589 2245 724 2284 Iacobi
757 2245 791 2282 V
824 2257 1039 2284 ccnxxmx.
1091 2257 1165 2284 scr.
1203 2245 1374 2283 fortasse
1413 2243 1702 2296 παράνοιαν;
1745 2258 1839 2283 nam

267 2305 466 2357 πονηρίαν
491 2304 651 2356 quidem
684 2317 769 2344 esse
800 2304 860 2343 ita
891 2306 1060 2355 constat,
1090 2307 1138 2342 ut
1168 2304 1235 2343 vix
1267 2303 1475 2355 quisquam
1504 2304 1766 2343 Menandrum
1796 2304 1838 2343 id

267 2365 413 2404 dixisse
446 2364 711 2404 adnotatums
742 2364 877 2404 fuerit.
1045 2393 1055 2423 ¹-

1012 2443 1098 2486 936
1315 2499 1330 2510 .

386 2520 530 2559 Strabo
565 2521 639 2569 14,
673 2520 754 2558 637
795 2514 1014 2571 (εὐδαίμων
1051 2514 1077 2568 ἡ
1108 2511 1267 2571 Σάμος)
1305 2514 1358 2564 ὡς
1396 2517 1519 2568 ’δῆλον
1559 2515 1602 2556 ἐκ
1637 2522 1708 2557 τοῦ
1744 2516 1837 2565 τοὺς

266 2578 526 2626 ἐπαινοῦντας
563 2576 616 2629 μὴ
655 2575 787 2617 ὀκνεῖν
825 2575 1078 2629 ἐφαρμόττειν
1115 2575 1213 2634 αὐτῇ
1257 2574 1329 2627 τὴν
1372 2574 1564 2629 λέγουσαν
1606 2577 1835 2630 παροιμίαν,

267 2638 325 2678 ὅτι
356 2637 467 2691 φέρει
497 2636 564 2677 καὶ
607 2635 820 2690 ὀρνίθων
863 2637 1003 2690 γάλα,
1040 2636 1222 2688 καθάπερ
1258 2650 1338 2676 που
1376 2634 1443 2675 καὶ
1473 2634 1715 2689 Μένανδρος
1745 2635 1834 2688 ἔφη.

267 2699 315 2738 ef.
347 2699 536 2739 Eustath.
567 2698 732 2749 Dionys.
765 2697 920 2749 Perieg.
952 2698 1051 2737 532.

1009 2812 1094 2855 937

386 2889 578 2927 Aelianus
608 2889 658 2928 N.
689 2901 751 2926 an.
785 2889 823 2936 9,
857 2890 879 2926 7
917 2885 938 2926 ὅ
969 2891 1040 2926 τοῦ
1071 2886 1318 2938 Μενάνδρου
1354 2885 1522 2938 Θήρων
1552 2883 1649 2937 μέγα
1680 2888 1832 2937 φρονεῖ,

266 2947 322 2986 ὅτι
354 2946 477 3000 ῥινῶν
502 2946 749 3000 ἀνθρώπους
779 2945 938 2997 φάτνην
970 2944 1115 2993 αὐτοὺς
1146 2945 1320 2992 ἐκείνους
1345 2940 1456 2997 εἶχεν.
1507 2945 1638 2983 Plaut.
1658 2943 1770 2984 Cure.
1794 2946 1831 2995 2,
