2014 3334
292 248 378 292 228
599 230 602 235 Ι
788 232 790 235 ⁴
935 247 1234 285 ΜΕΝΑΝΔΡΟΤ

412 363 542 402 801101.
574 362 759 412 Apollon.
791 362 919 401 Rhod.
953 364 992 413 2,
1027 365 1107 401 121
1153 360 1195 401 τὸ
1228 360 1330 414 ὁμοῦ
1359 360 1427 402 καὶ
1457 360 1521 401 ε’πὶ
1551 366 1622 401 τοῦ
1653 359 1782 415 ἐγγύς,
1812 358 1867 410 ὥς

286 419 498 474 Ἀθηναῖοι
530 421 696 461 εἰώθασι
735 425 919 475 χρῆσθαι.
980 419 1224 474 Μενανδρος
1254 424 1333 461 κτλ.
1394 424 1535 461 conssra
1565 421 1735 461 Photius
1768 423 1865 471 334,

291 485 318 521 4
351 485 392 522 et
424 482 567 521 Suidas
601 479 723 533 ὁμοῦ.
744 512 753 521 .
774 479 882 520 ,ἀντὶ
912 486 983 521 τοῦ
1014 479 1146 534 ἐγγύς·
1182 480 1260 521 ἔστι
1292 478 1335 521 δὲ
1365 486 1480 521 τοῦτο
1511 480 1613 521 πολὺ
1645 479 1754 534 παρὰ
1783 484 1866 529 τοῖς

291 544 488 592 Αττικοῖς,
520 539 573 589 ὡς
603 539 669 580 καὶ
691 539 954 594 Μένανδρος·
985 538 1064 592 ἤδη
1096 540 1171 594 γάρ
1203 538 1328 589 (ἐστιν
1359 536 1452 595 ἥδε)
1484 546 1554 580 τοῦ
1592 540 1732 580 τίκτειν
1764 538 1866 592 ὁμοῦ

290 597 439 654 (Toup.
472 601 562 640 Cur.
588 615 679 642 nov.
708 597 813 654 265)
845 603 886 640 ei:
917 602 1156 651 Harpocrat.
1206 598 1327 652 ὁμοῦ.
1349 631 1358 640 .
1379 599 1465 640 ,καὶ
1490 598 1733 653 Μένανδρός
1762 610 1863 640 που·

288 659 368 712 ἤδη
400 661 474 714 γάρ
507 660 585 700 ἐστι
615 666 685 700 τοῦ
720 656 842 714 (ἔστιν
872 660 945 712 ἥδε
975 663 1029 716 τῷ
1055 657 1211 711 Cobet.)
1243 660 1384 700 τίκτειν
1415 658 1527 711 ὁμοῦ.
1592 661 1660 699 sed
1692 660 1734 700 hi
1752 660 1865 699 Men-

289 721 458 759 andrum
491 734 581 760 cum
612 721 883 771 Aristophane
917 717 983 772 (fr.
1006 716 1111 772 542)
1143 720 1330 760 videntur
1361 721 1600 759 confudisse.
1661 721 1709 760 cf.
1742 720 1866 759 etiam

290 780 426 819 Cobe‘ss.
460 780 558 820 Coll.
591 781 679 820 crit.
714 783 809 820 181.
871 780 1037 831 Dionys.
1070 780 1160 819 Hal.
1195 783 1232 831 1,
1266 782 1320 819 29
1365 777 1431 819 καὶ
1472 778 1549 832 γὰρ
1593 777 1694 830 ὁμοῦ
1737 794 1773 818 τι
1811 781 1866 834 τῷ

288 839 427 879 τίκτειν
464 838 537 891 τὴν
572 839 697 892 κόρην
736 835 849 880 εἶναι.
910 842 1017 879 recte
1050 842 1095 879 ut
1125 840 1286 880 videtur
1316 840 1541 879 Meinekius
1578 837 1652 892 γὰρ
1695 835 1865 891 ἐγένεθ’.

1036 956 1123 999 852

502 1028 656 1083 μάντις
688 1025 728 1070 δ’
765 1028 944 1084 ἄριστος
975 1027 1096 1077 ὅστις
1126 1027 1283 1079 εἰκάζει
1313 1030 1469 1077 καλῶς.

409 1115 540 1154 801101.
560 1114 727 1154 Aristid.
749 1116 847 1165 403,
871 1117 922 1154 17
957 1111 978 1153 ὅ
998 1111 1252 1165 Μένανδρος.
1297 1108 1381 1153 εἶπε
1405 1111 1481 1166 γὰρ
1499 1115 1578 1153 κτλ.
1619 1113 1862 1153 Plutarchus

287 1175 386 1213 Mor.
406 1176 524 1214 4320
556 1172 781 1226 Εὐριπίδης
800 1173 903 1225 φησί
918 1176 997 1213 κτλ.
1030 1168 1126 1228 (om.
1147 1169 1219 1226 δ’).
1269 1173 1375 1212 idem
1398 1175 1515 1212 399a
1545 1170 1566 1212 ὁ
1592 1171 1664 1224 μὲν
1695 1172 1862 1220 εἰκάζων
1944 1199 1948 1203 ·

285 1237 434 1286 καλῶς,
478 1231 526 1273 ὃν
570 1231 730 1286 ἄριστον
773 1233 916 1285 μάντιν
959 1231 1227 1287 ἀνηγόρευκεν
1269 1229 1295 1284 ἡ
1340 1231 1588 1285 παροιμία.
1649 1233 1861 1284 proverbio

285 1298 458 1346 uterque
501 1294 563 1333 uti
607 1296 778 1344 poterat.
829 1293 908 1333 Cic.
941 1294 1000 1332 De
1040 1293 1162 1334 divin.
1195 1295 1240 1344 2,
1273 1294 1320 1343 5,
1355 1294 1407 1331 12
1453 1294 1545 1332 bene
1587 1294 1657 1342 qui
1695 1294 1864 1345 coniciet,

286 1355 412 1393 mitem
441 1355 542 1393 hunc
569 1354 774 1403 perhibebo
806 1354 1002 1403 dptimum.

1033 1469 1119 1512 853

500 1540 549 1585 ἐν
580 1543 792 1596 γειτόνων
825 1542 931 1583 οἰκῶ
963 1541 1064 1597 γάρ,
1096 1534 1131 1582 ὦ
1162 1540 1415 1597 τοιχωρύχε.

407 1629 535 1668 801101.
567 1629 708 1679 Eurip.
739 1629 886 1668 Phoen.
920 1629 1004 1667 886
1050 1625 1146 1674 ἔθος
1182 1625 1389 1678 ποιητικὸν
1432 1624 1482 1665 τὸ
1519 1624 1610 1665 ἀπὸ
1653 1630 1736 1664 τοῦ
1772 1624 1861 1678 γάρ

286 1685 532 1740 ἄρχεσθαι.
593 1686 660 1727 καὶ
691 1685 933 1739 Μένανδρος
964 1689 1041 1726 κτλ.
1092 1685 1135 1725 ἐν
1168 1685 1216 1737 O]
1246 1684 1300 1726 ἐκ.
1349 1686 1397 1724 cf.
1429 1685 1576 1736 Saupp.
1609 1685 1738 1736 Epish.
1771 1685 1860 1724 crit.

290 1751 386 1788 107.
436 1747 531 1787 οἰκῶ
563 1746 637 1801 γὰρ
670 1749 832 1788 Porson.
865 1747 987 1787 Dobr.
1014 1747 1138 1786 Arist.
1158 1746 1278 1796 Vesp.
1301 1744 1403 1795 741]
1437 1744 1559 1785 οἴκων
1590 1743 1666 1798 γὰρ
1697 1745 1860 1783 ΑΒΜΤ.

285 1806 359 1860 γὰρ
386 1807 508 1847 οἴκων
539 1808 570 1847 Ι.
603 1821 678 1848 om.
711 1807 753 1847 C.

1027 1875 1115 1917 854

501 1947 715 2004 βέλτιστε,
747 1948 806 2003 μὴ
837 1948 887 1989 τὸ
919 1945 1078 2004 κέρδος
1109 1945 1158 1989 ἐν
1188 1952 1324 1989 πᾶσιν
1356 1931 1520 1988 σκόπει.

405 2036 534 2075 Anon.
562 2035 690 2073 ·Walz.
729 2035 845 2073 Rhet.
878 2034 918 2072 II
961 2035 1013 2072 16
1058 2032 1100 2072 τὸ
1144 2037 1214 2073 τοῦ
1253 2032 1502 2084 Μενάνδρου
1539 2034 1617 2071 κτλ.
1679 2032 1726 2070 cf.
1764 2031 1859 2070 ibid.

288 2096 386 2134 251.
419 2097 515 2134 294.
538 2096 577 2133 5.
609 2096 779 2134 monost.
812 2095 880 2134 59.
930 2093 994 2132 W.
1025 2094 1173 2144 Meyer,
1204 2093 1346 2131 Urbin.
1381 2092 1572 2142 Sammlg.
1605 2092 1703 2130 428.
1724 2093 1762 2130 9.

1026 2209 1112 2252 855

501 2282 560 2332 ὡς
592 2277 797 2337 ὡραῖζεθ’
833 2280 859 2335 ἡ
891 2281 999 2336 τύχη
1031 2281 1142 2337 πρὸς
1171 2281 1276 2330 τοὺς
1306 2280 1443 2335 βίους.

406 2368 538 2407 801101.
577 2368 740 2407 Theocr.
778 2370 819 2416 1,
864 2368 945 2406 107
991 2365 1058 2405 καὶ
1099 2365 1141 2405 τὸ
1184 2365 1436 2417 θρύπτεσθαι
1479 2362 1720 2417 ὡραῖζεσθαί
1758 2376 1858 2416 φησι

287 2426 531 2479 Μένανδρος
561 2429 639 2467 κτλ.
691 2427 926 2466 Ammonius
958 2426 1127 2466 Aristot.
1158 2424 1248 2477 περὶ
1278 2423 1484 2477 ἑρμηνείας
1514 2438 1550 2474 p.
1587 2427 1653 2476 96,
1689 2426 1743 2463 14
1776 2420 1857 2479 (ed.

285 2483 436 2541 Berol.)
475 2486 517 2526 τὸ
556 2484 599 2526 δὲ
636 2486 775 2538 ὅμοιον
812 2485 1021 2538 ἀξιώματι,
1065 2481 1153 2525 οἷον
1183 2488 1260 2524 κτλ.
1328 2482 1396 2531 ὡς·
1423 2498 1498 2523 om.
1537 2484 1659 2523 schol.
1692 2485 1856 2523 Theocr.

287 2550 447 2597 praeter
479 2547 663 2586 Ambros.
684 2547 852 2598 Ziegler.
884 2560 921 2596 p.
945 2548 1009 2595 16,
1040 2545 1112 2584 ubi
1144 2544 1199 2592 εἰς
1228 2558 1301 2595 pro
1332 2543 1441 2597 πρός.
1491 2541 1694 2596 ὡραΐζεται
1728 2565 1778 2570 -
1814 2542 1858 2582 ἐν

286 2610 368 2654 τοῖς
411 2607 514 2658 βίοις
544 2607 728 2645 Ammon.
772 2601 860 2645 οἷον
897 2603 967 2652 ὡς·
1008 2600 1175 2660 ὡρᾴζεθ’
1210 2600 1237 2654 ’ἡ
1269 2603 1364 2655 τύχη
1397 2603 1600 2643 Herwerd.
1632 2604 1733 2643 Nov.
1765 2603 1854 2642 add.

286 2668 372 2705 crit.
406 2669 474 2706 42.
536 2667 707 2706 fortasse
739 2661 908 2722 ὡρᾴζεθ’
941 2661 1056 2716 ἡμῶν
1086 2661 1113 2715 ἡ
1143 2679 1175 2703 τ.

1026 2780 1111 2823 856

503 2853 637 2909 πένης
667 2853 809 2908 λέγων
841 2849 1031 2908 τάληθὲς
1063 2851 1118 2893 οὐ
1148 2850 1408 2892 πιστεύεται.

410 2940 592 2990 Compar.
625 2941 727 2979 Men.
760 2942 801 2978 et
831 2939 933 2977 Phil.
965 2940 1062 2977 357.
1114 2932 1383 2991 (Studemund
1419 2937 1471 2975 23
1505 2950 1542 2985 p.
1577 2931 1663 2988 20.)
