2014 3334
744 245 1092 281 SUPPLEMENTA
1116 245 1224 281 von.
1250 245 1269 278 1
1700 242 1786 285 729

941 390 1063 435 2071>

497 473 690 531 ἐμαυτὸν
722 474 777 518 οὐ
809 475 1120 532 διεχρησάμην.

332 562 448 603 Hert.
477 561 614 604 Adon.
646 576 684 613 p.
720 564 807 602 16a
845 557 998 616 (Dindf.
1038 560 1213 603 Gramm.
1244 575 1304 614 gr.
1329 562 1349 601 I
1378 562 1475 612 108,
1512 555 1586 614 12)
1618 558 1788 613 ἀπεχρή-

213 631 351 663 σαντο·
382 619 470 662 ἀντὶ
499 627 570 663 τοῦ
603 620 851 675 διέφθειραν.
902 621 1072 662 Πλάτων
1097 625 1175 662 κτλ.
1224 622 1341 661 indie.
1368 620 1412 662 Ο.
1439 621 1624 662 Kaehler.
1651 619 1788 660 Herm.

215 682 310 724 XXI
343 684 440 723 629.
491 682 542 722 ad
573 683 621 723 fr.
657 684 739 723 199
772 682 974 734 pertinere
1005 695 1086 722 non
1116 682 1365 722 crediderim.

865 821 1135 858 ARCfflPPUs

330 897 579 949 Amphitruo.
628 910 708 938 non
751 897 965 950 Archippi,
1009 898 1079 938 sed
1120 910 1249 939 novae
1294 897 1521 938 comoediae
1561 897 1741 937 fabulam
1767 910 1792 936 a

213 959 360 1000 Plauto
397 970 627 1010 expressam
665 970 751 998 esse
784 960 920 998 censet
949 958 980 998 I.
1013 958 1183 998 Vahlen.
1214 958 1315 998 Mus.
1347 958 1474 998 Rhen.
1504 957 1603 997 XVI
1634 958 1720 997 472
1733 969 1790 1008 sq.

330 1019 397 1060 Fr.
430 1021 469 1059 9.
512 1016 807 1070 ἕπιφορήμασίν
843 1014 876 1057 τ’
911 1018 1167 1058 scribendum
1205 1031 1291 1058 esse
1335 1018 1422 1058 iure
1463 1019 1600 1058 monet
1636 1017 1789 1057 Nauck.

334 1140 386 1179 27
421 1141 520 1178 extr.
551 1138 743 1188 Harpocr.
780 1139 876 1186 146,
904 1139 958 1178 28
986 1132 1123 1193 (Phot.
1154 1132 1369 1192 πάρεδρος)
1401 1135 1791 1190 πάρεδρος...πολύ

213 1197 291 1240 ἐστι
315 1195 493 1250 τοῦνομα
517 1197 625 1250 παρά
649 1211 689 1237 τε
714 1201 795 1251 τοῖς
821 1196 980 1251 ῥήτορσι
1005 1195 1071 1237 καὶ
1091 1196 1133 1238 ἐν
1152 1203 1197 1254 τῇ
1218 1196 1362 1254 ἀρχαίᾳ
1380 1197 1579 1254 κωμῳδίᾳ.
1618 1193 1792 1250 Ἀριστο-

212 1256 323 1311 τέλης
354 1255 391 1298 δ’
425 1257 470 1299 ἐν
500 1263 546 1314 τῇ
573 1254 804 1310 Ἀθηναίων
841 1257 1015 1314 πολιτεία
1046 1258 1163 1310 φησί·
1202 1254 1466 1311 ’λαμβάνουσι
1498 1255 1540 1297 δὲ
1571 1255 1638 1298 καὶ
1674 1254 1792 1310 παρέ-

213 1319 334 1371 δρους
365 1317 388 1358 0'
417 1333 456 1358 τε
493 1315 626 1372 ἅρχων
663 1315 731 1358 καὶ
762 1315 782 1358 ὅ
814 1315 1070 1372 πολέμαρχος,
1109 1317 1183 1358 δύο
1215 1316 1396 1371 ἑκάτερος
1427 1316 1498 1366 οὓς
1529 1316 1580 1358 ἂν
1611 1316 1791 1370 βούλων-

213 1388 291 1418 ται·
323 1377 390 1418 καὶ
427 1372 536 1419 οὗτοι
574 1376 852 1430 δοκιμάζονται
883 1376 926 1418 ἐν
957 1380 1011 1434 τῷ
1043 1378 1279 1452 δικαστηρίῳ
1310 1377 1405 1430 πρὶν
1435 1377 1693 1431 παρεδρεύειν
1724 1375 1791 1417 καὶ

212 1436 391 1487 εὐθύνας
422 1437 603 1478 διδόασιν
634 1436 735 1478 ἐπὰν
765 1419 1159 1492 παρεδρεύ(σ)ωσιν.’
1221 1440 1270 1478 ef.
1296 1439 1396 1478 Poll.
1424 1441 1463 1490 8,
1491 1440 1559 1478 92.
1614 1438 1788 1478 Boeckh.

216 1498 308 1539 Oee.
339 1498 481 1538 Ath.1
509 1500 607 1538 264.
642 1499 739 1538 268.
773 1498 900 1538 271.

334 1560 402 1599 28.
434 1559 618 1598 Eustath.
654 1560 788 1608 1201,
823 1560 847 1598 3
881 1552 948 1612 (O.
975 1558 1161 1598 Kaehler.
1198 1558 1337 1598 Herm.
1369 1558 1464 1597 XXI
1497 1552 1602 1611 631)
1638 1557 1790 1605 παίζων

211 1616 233 1658 ὅ
251 1617 417 1670 ποιητὴς
439 1614 658 1671 ’Ἀρχιππος
677 1617 743 1665 εἰς
767 1616 848 1661 τὸν
872 1616 989 1657 κατὰ
1012 1616 1098 1669 τὴν
1116 1614 1347 1669 “Ησιόνην
1367 1621 1529 1670 μῦθον
1546 1647 1556 1657 .
1577 1647 1586 1656 .
1607 1647 1617 1657 .
1636 1617 1793 1657 πλάττει

212 1677 455 1718 Μελάνθιον
484 1676 554 1718 τὸν
583 1675 788 1731 τραγῳδὸν
814 1705 825 1716 .
852 1707 861 1716 .
889 1709 897 1717 .
924 1677 1094 1730 δεθῆναι
1130 1676 1196 1717 καὶ
1228 1676 1332 1718 οὕτω
1363 1677 1638 1731 παραδίδωσιν
1669 1675 1791 1717 αὐτὸν

212 1740 294 1786 τοῖς
325 1737 486 1790 ἰχθύσιν
517 1735 932 1790 ἀντιβρωθησόμενον.

334 1799 402 1838 45.
435 1798 623 1837 similiter
654 1797 829 1837 Cobetus
860 1797 1005 1837 Mnem.
1032 1810 1070 1836 n.
1096 1797 1219 1837 VIIII
1252 1799 1351 1838 372.

835 1936 1172 1972 ARISTOMENES

336 2014 402 2053 10.
434 2012 603 2052 Photius
634 2012 844 2064 exscripsit
874 2012 1207 2064 Harpocrationis
1242 2015 1340 2065 153,
1376 2016 1441 2053 11.

903 2153 1106 2187 CALLIAS

336 2230 373 2267 1.
404 2225 447 2268 ἐκ
484 2233 613 2280 μυχοῦ
651 2227 788 2268 Cobet.
825 2227 926 2268 0011.
964 2229 1054 2268 erit.
1086 2231 1182 2269 149.
1253 2225 1452 2279 ‘protrahi
1498 2231 1709 2270 moechum
1748 2243 1793 2270 ex

215 2289 374 2328 latebris
403 2288 516 2327 iubet
547 2291 592 2327 ut
624 2288 795 2328 dedecus
827 2288 998 2339 pecunia
1028 2285 1229 2329 redimat?

335 2347 395 2387 De
426 2348 870 2399 Pedelarum-tempore
902 2348 1090 2388 dissentit
1120 2349 1313 2389 Brandes.
1347 2349 1441 2389 Obs.
1475 2350 1563 2389 erit.
1597 2351 1664 2390 32.

336 2409 409 2458 11,
443 2409 467 2447 2
507 2407 876 2460 λακκοπρώκτους
912 2409 1065 2448 Nauck.
1098 2410 1303 2460 Melanges
1330 2409 1412 2448 IIII
1447 2410 1550 2461 721,
1585 2411 1622 2448 2.
1676 2411 1719 2449 at
1744 2411 1793 2449 ef.

214 2466 369 2506 Alexid.
390 2469 474 2507 321
504 2466 753 2521 λευκόπυγον
779 2463 869 2522 (ubi
894 2469 944 2508 cf.
970 2469 1093 2508 etiam
1121 2464 1336 2523 supplem.)
1358 2471 1399 2508 et
1418 2482 1507 2519 opp.
1529 2468 1793 2523 μελάμπυγος.

339 2528 406 2566 23.
437 2527 487 2566 ef.
518 2526 758 2578 Diogenian.
785 2530 823 2579 6,
853 2529 919 2568 35.

335 2586 562 2626 addendum
593 2589 655 2627 est
686 2587 839 2627 Calliae
872 2589 1112 2639 fragmentis

977 2730 1037 2771 lb

336 2812 465 2854 Schol.
498 2813 626 2854 Patm.
658 2814 866 2854 Demosth.
899 2815 1081 2854 Bulletin
1112 2815 1160 2854 de
1193 2828 1364 2866 emresp.
1396 2816 1541 2855 hellen.
1568 2816 1588 2856 I
1617 2818 1701 2857 144
1727 2817 1792 2873 κί-

216 2872 306 2912 ναδ
313 2887 363 2920 ος
398 2873 546 2927 θηρίον
582 2873 922 2946 κακουργότατον,
963 2869 1012 2914 οὗ
1050 2872 1091 2914 τὸ
1130 2872 1253 2926 δέρμα
1290 2874 1345 2923 εἰς
1381 2876 1687 2928 περικεφαλαίας
1723 2891 1791 2918 πε-

219 2932 392 2984 ποίηται,
423 2931 476 2980 ὥς
509 2945 608 2985 φησι
638 2933 812 2982 Καλλίας
843 2933 886 2974 ἐν
912 2930 1172 2982 Ἀταλάνταις.
1222 2935 1304 2974 ind.
1334 2935 1488 2975 Nauck.
1513 2936 1604 2976 Mel.
1630 2936 1667 2975 V
1695 2939 1793 2978 232.
