2014 3334
264 257 350 303 114
626 309 629 313 ,
904 260 1202 299 MENANAPOT

262 375 423 412 conveni
463 373 636 418 Chremi,
686 374 817 413 holera
861 377 895 413 et
937 375 1199 424 pisciculos
1247 376 1453 414 minutos
1495 373 1599 423 fe'rre
1645 374 1750 413 obolo
1793 374 1838 414 iw

263 434 394 472 cenam
426 435 520 474 sem.

1006 549 1092 591 399

477 628 574 675 οὐδ’
610 632 741 683 αὐτός
773 633 861 687 εἰμι
893 633 978 674 σὺν
1008 636 1134 682 θεοῖς
1163 631 1394 683 ὑπόξυλος.

383 731 512 771 Schol.
538 731 728 782 Hermog.
755 730 790 766 V
822 731 906 769 486
945 730 1063 768 Walz.
1096 731 1218 768 κεῖται
1250 727 1293 768 δὲ
1324 727 1384 779 (τὸ
1416 725 1632 783 ὑπόξυλος)
1663 728 1727 770 ἐπὶ
1755 736 1836 770 τῶν

265 794 454 843 λαμπρῶν
487 787 558 842 μὲν
590 788 741 837 ἔξωθεν
771 787 837 828 καὶ
868 787 1064 839 ἐπιεικῶν,
1094 794 1283 842 πονηρῶν
1310 787 1352 828 δὲ
1377 788 1424 828 τὰ
1454 787 1584 829 ἔνδον.
1635 787 1702 829 καὶ
1719 787 1836 829 Μέν-

263 851 409 902 ανδρος
441 848 482 889 ἐν
513 855 558 904 τῇ
585 848 786 904 Περινθίᾳ
819 848 943 899 φησίν
973 851 1051 888 κτλ.
1112 846 1200 887 ἀντὶ
1237 854 1309 888 τοῦ
1340 848 1528 901 κίβδηλος
1558 847 1624 888 καὶ
1659 847 1708 889 οὐ
1739 848 1836 903 γνή-

262 923 358 957 σιος.
401 910 574 948 Bekker.
595 909 743 948 Anecd.
768 910 880 948 1073
903 905 974 961 (ad
996 911 1062 958 67,
1085 905 1130 961 7)
1152 907 1299 960 εἴρηται
1325 904 1386 961 (τὸ
1407 904 1539 963 cmg.)
1565 914 1836 961 μεταφορικῶς

261 968 339 1008 ἀπὸ
376 975 454 1008 τῶν
492 968 533 1008 ἐκ
571 968 691 1016 ξύλου
730 973 902 1019 σκευῶν,
946 963 1006 1015 οἷς
1049 966 1239 1020 ἐπιπολῆς
1277 966 1506 1019 ἐπελήλαται
1543 966 1724 1021 ἄργυρος.
1787 969 1835 1008 cf.

264 1030 468 1079 Aristoph.
500 1030 548 1067 fr.
582 1029 681 1068 881.
730 1028 887 1067 Alexid.
922 1029 1018 1067 192.

1009 1168 1097 1210 400

475 1253 528 1294 τὰ
560 1249 600 1293 δ’
639 1248 734 1294 ἄλλ’
771 1250 976 1307 ἀνέπαφα
1008 1247 1174 1306 σώματ’
1210 1247 1309 1293 οὐδ’
1345 1250 1433 1308 ἕλῃ.

381 1350 537 1389 Suidas
563 1347 790 1400 ἀνέπαφον·
829 1349 1081 1399 ἀνεύθυνον,
1119 1349 1321 1402 καθαρόν,
1359 1348 1516 1403 ἀθιγές,
1554 1348 1833 1402 ἀψηλάφητον.

262 1407 503 1462 Μένανδρος
522 1410 723 1464 Περινθία
742 1413 820 1449 κτλ.
857 1407 1014 1449 αλλα-
1028 1408 1170 1461 οὖὸέλη
1193 1411 1298 1448 ΑΒΕ
1313 1411 1415 1449 Med.
1435 1431 1480 1437 -—
1501 1411 1670 1451 Bekker.
1684 1411 1833 1450 Anecd.

265 1472 362 1520 203,
396 1471 449 1508 26
483 1467 686 1519 ἀνέπαφα·
718 1468 765 1508 τὰ
796 1467 1053 1521 ἀνεπίληπτα,
1085 1470 1141 1508 ὡν
1173 1484 1248 1508 ουκ
1279 1466 1329 1508 ἄν
1361 1485 1417 1517 τις
1448 1469 1612 1520 αψαιτο·
1647 1472 1743 1518 397,
1777 1472 1833 1510 30

262 1527 471 1579 ἀνέπαφον
506 1551 559 1555 -
592 1526 731 1582 ἀθιγές
763 1524 830 1583 (ut
862 1524 1004 1583 Suid..)
1055 1530 1195 1568 Zonar.
1227 1526 1454 1579 ἀνέπαφον·
1486 1527 1538 1581 μὴ
1571 1527 1831 1581 ψηλαφηθέν.

261 1589 434 1639 Hesych.
467 1586 689 1640 ἀνέπαφος·
731 1587 1004 1640 ἀψηλάφητος.
1060 1585 1272 1639 (ἀνέπαφα
1317 1588 1475 1640 σώματα
1517 1591 1611 1628 sunt
1648 1602 1749 1640 quae
1792 1590 1831 1627 in

261 1649 381 1687 titulo
414 1648 456 1687 C.
489 1649 518 1687 Ῑ.
555 1650 680 1688 1704.
713 1650 737 1687 5
781 1648 969 1687 dicuntur
1006 1647 1165 1699 σώματα
1203 1646 1430 1699 ἀνέφαπτα,
1468 1651 1625 1688 servitia
1663 1650 1834 1688 libertate

263 1704 427 1747 (Ionata'
459 1708 590 1759 Mein.,
623 1708 757 1759 quiin
791 1711 887 1747 extr.
922 1705 1016 1747 οὐδὲ
1042 1706 1198 1759 ληπτέα.
1261 1722 1310 1747 an
1344 1704 1443 1747 οὐδ’
1480 1706 1632 1747 ἕλκειν
1664 1706 1833 1761 ἐχρῆνῖ

262 1768 310 1806 de
342 1769 460 1807 rebus
491 1768 699 1807 Demosth.
733 1769 801 1820 35,
834 1766 941 1818 [11].
975 1770 1043 1819 56,
1077 1769 1144 1808 38.

1004 1909 1088 1951 401

546 1979 779 2030 Αἰάντειος
809 1979 946 2034 γέλως

380 2064 570 2117 μέμνηται
600 2066 743 2117 ταύτης
774 2064 1016 2119 Μένανδρος
1047 2066 1090 2106 ἐν
1121 2067 1323 2122 Περινθίᾳ
1353 2072 1403 2122 τῇ
1436 2066 1612 2122 πρώτη.
1674 2063 1831 2119 λέγουσι

263 2123 303 2164 δὲ
336 2125 393 2164 ὅτι
423 2123 672 2176 Πλεισθένης
703 2123 724 2165 ὁ
756 2125 971 2178 ὑποκριτὴς
1001 2126 1206 2179 Καρκίνου
1238 2126 1391 2166 Αἴαντα
1422 2124 1735 2178 ’ὑποκρινόμενος
1765 2123 1829 2165 εὐ-

261 2185 405 2237 καίρως
431 2183 600 2237 ἐγέλασε·
639 2190 709 2224 τοῦ
734 2184 808 2238 γὰρ
830 2182 1049 2233 Ὀδυσσέως
1074 2185 1253 2234 εἰπόντος
1279 2186 1336 2226 ὅτι
1361 2184 1408 2225 τὰ
1434 2185 1566 2225 δίκαια
1590 2183 1661 2237 χρὴ
1687 2186 1830 2236 ποιεῖν,

262 2243 373 2295 μετὰ
411 2244 659 2295 εἰρωνείας
696 2243 717 2284 ὅ
748 2245 851 2293 Αἴας
881 2248 934 2302 τῷ
965 2245 1100 2299 γέλωτι
1131 2245 1329 2299 ἐχρήσατο.
1393 2246 1536 2285 Zenob.
1568 2245 1715 2284 Milleri
1746 2245 1829 2284 Me-

261 2306 399 2355 langes
432 2306 529 2344 355.
581 2305 699 2343 aliter
728 2319 808 2345 non
839 2309 1148 2346 commemora’no
1174 2307 1392 2346 Menandro
1420 2306 1565 2345 Zenob.
1589 2308 1625 2356 1,
1647 2306 1715 2356 43,
1748 2305 1829 2343 alii.

380 2363 437 2402 Cf.
470 2366 680 2414 praeterea
709 2365 756 2404 fr.
792 2367 889 2406 602.
923 2367 1020 2405 862.

931 2516 1158 2549 HAOKION

378 2589 546 2629 Photius
588 2588 767 2629 πλόκιον·
819 2588 985 2630 ἁλυσίου
1030 2591 1212 2643 χρυσείου
1255 2586 1380 2646 (sic)
1396 2589 1533 2642 πλοκή.
1601 2591 1828 2643 Hesychius

260 2648 439 2688 πλόκιον·
472 2644 577 2696 εἶδος
601 2649 863 2701 περιδεραίου.
914 2651 1020 2689 Plut.
1039 2651 1137 2690 Mor.
1162 2653 1242 2690 141
1260 2651 1285 2689 d
1318 2650 1450 2702 ἱμάτια
1481 2649 1546 2689 καὶ
1577 2649 1719 2690 πλόκια
1748 2656 1827 2690 τῶν

259 2710 720 2748 πολυτελῶν.1“οι·ὀ3.εεθ
751 2711 891 2749 monile
927 2710 1028 2748 illud
1058 2710 1371 2749 instrumentum
1410 2714 1498 2749 erat
1528 2708 1828 2763 ἀναγνωρίσεως

261 2767 444 2806 alicuius:
477 2781 555 2818 quo
588 2769 756 2807 artificio
783 2771 875 2808 an'ne
894 2769 1157 2808 Menandrum
1177 2771 1324 2809 multos
1347 2782 1441 2809 usos
1461 2782 1548 2809 esse
1573 2770 1826 2821 cognoscitur

261 2841 308 2865 ex
340 2828 505 2866 Aristot.
539 2827 648 2866 Poet.
684 2830 750 2879 16,
781 2842 818 2878 p.
854 2829 1005 2868 1454b
1039 2829 1294 2868 25.1455a
1326 2831 1392 2868 21.
1454 2829 1736 2868 Menandream
1767 2829 1824 2868 fa-

259 2887 395 2925 bulam
417 2885 579 2925 Caecilii
597 2888 726 2926 Plocio
758 2888 874 2938 longe
906 2889 1082 2938 praefert
1103 2888 1257 2928 Gellius
1279 2891 1315 2939 2,
1339 2890 1405 2928 23.
1468 2889 1516 2928 cf.
1534 2889 1580 2927 fr.
1601 2890 1700 2928 402.
1729 2890 1754 2926 4
1787 2892 1827 2927 et

261 2945 306 2985 Ο.
337 2946 525 2984 Ribbeck.
559 2945 666 2984 Com.
699 2947 744 2986 R.
775 2942 842 2985 fr.2
875 2949 1062 2987 58--62.
