2014 3334
251 249 339 290 468
625 252 628 256 ’
928 250 1188 284 ΑΔΕΣΠοΤΑ

993 358 1079 400 333

535 418 806 471 προυνίκους

371 501 462 549 τοὺς
493 502 718 552 μισθωτοὺς
750 502 791 542 οἷ
820 501 900 541 νέοι
932 501 1330 558 κωμῳδοδιδάσκαλοι
1362 499 1578 553 ὠνόμαζον.
1627 501 1669 542 τὸ
1695 500 1822 554 ὄνομα

253 562 480 608 Βυζαντίων
505 556 571 612 ἦν,
598 561 695 600 ὅθεν
720 560 783 601 καὶ
804 561 1045 608 Βυζαντίους
1065 560 1210 608 αὐτοὺς
1235 559 1469 602 ἀπεκάλουν.
1503 562 1646 600 Pollux
1667 565 1704 612 7,
1725 564 1818 602 132.

253 620 456 659 Herodian
468 621 509 658 II
529 622 629 671 445,
652 623 673 659 7
698 616 763 674 (ac
784 621 968 660 similiter
989 622 1087 670 574,
1110 615 1155 674 9)
1187 619 1228 659 τὸ
1247 620 1481 670 προύνεικος
1508 620 1573 660 διὰ
1594 620 1819 674 διφθόγγου

251 679 458 732 γράφεται·
480 680 662 731 σημαίνει
676 678 718 719 δὲ
737 679 829 727 τοὺς
843 678 1028 731 ὑβριστὰς
1047 678 1112 718 καὶ
1130 678 1222 726 τοὺς
1237 677 1420 731 [ἄνδρας]
1437 677 1668 731 ἱσταμένους
1682 679 1725 719 ἐν
1737 683 1822 728 ταῖς

253 737 415 790 ἀγοραῖς
445 737 511 777 καὶ
541 737 735 792 φέροντας
759 738 806 778 τὰ
837 737 937 778 ὥνια
967 737 1032 777 καὶ
1064 738 1337 790 λαμβάνοντας
1365 736 1462 790 ὑπὲρ
1487 739 1637 778 τούτων
1662 738 1820 790 μισθόν.

253 797 326 836 εἴτε
359 795 400 836 δὲ
431 797 524 845 τοὺς
554 797 740 852 ὑβριστὰς
772 798 953 849 σημαίνει
984 798 1057 837 εἴτε
1087 797 1180 844 τοὺς
1211 795 1369 849 ἄλλους,
1401 797 1467 837 διὰ
1497 803 1566 849 τῆς
1592 797 1626 837 εἷ
1651 797 1822 852 διφθόγ-

251 872 326 909 γου
358 856 563 909 γράφεται,
594 856 660 896 καὶ
690 856 755 897 ἐπὶ
784 855 856 908 μὲν
881 863 958 896 τῶν
983 856 1193 909 ὑβριστῶν,
1225 855 1357 907 ἐπειδὴ
1391 859 1498 909 παρὰ
1528 856 1600 908 τὴν
1625 857 1700 910 πρό
1725 857 1821 910 πρό-

252 919 369 955 θεσιν
400 914 466 955 καὶ
497 915 539 955 τὸ
571 920 699 964 νεῖκος
724 915 860 969 γέγονε
890 916 1098 968 πρόνεικος
1198 917 1234 955 εἰ
1264 914 1306 955 δὲ
1337 915 1429 963 τοὺς
1460 914 1603 963 ἄλλους
1628 916 1822 968 σημαίνει,

253 973 388 1025 ἐπειδὴ
433 974 540 1027 παρὰ
582 974 655 1026 τὴν
692 975 767 1028 πρό
812 975 1004 1029 πρόθεσιν
1048 973 1113 1014 καὶ
1156 974 1198 1014 τὸ
1235 974 1369 1015 ἐνείκω
1408 974 1650 1015 Βοιωτιακὸν
1687 973 1827 1029 γέγονε-

252 1032 481 1086 προένεικος
511 1033 577 1074 καὶ
607 1034 704 1074 κατὰ
735 1041 874 1087 κρᾶσιν
906 1066 912 1073 .
949 1067 956 1073 .
989 1064 998 1073 .
1029 1032 1275 1086 προῦνεικος.
1335 1035 1506 1074 Bekker.
1539 1035 1684 1074 Anecd.
1707 1037 1820 1075 1415

253 1090 319 1146 (ex
351 1095 436 1133 cod.
467 1095 592 1134 Paris.
628 1090 760 1145 2630)
799 1092 1036 1147 προῦνεικος
1073 1094 1116 1133 οἵ
1148 1091 1219 1144 μὲν
1256 1092 1335 1133 ἀπὸ
1372 1099 1450 1133 τῶν
1481 1099 1623 1133 νεικῶν
1654 1092 1821 1146 ἐσχημά-

251 1164 379 1192 τισαν·
413 1152 475 1192 ε’πὶ
501 1152 574 1206 γὰρ
600 1152 850 1193 ἀπαιδεύτων
875 1152 974 1204 φασὶ
1004 1156 1161 1192 κεῖσθαι
1185 1151 1257 1204 τὴν
1284 1152 1436 1204 φωνήν.
1483 1149 1664 1200 Ἀλεξίων
1689 1151 1821 1205 μέντοι

252 1211 358 1264 παρὰ
394 1211 436 1252 τὸ
475 1211 622 1260 ἔνεικος
638 1208 695 1266 (Ῥ)
735 1212 1002 1264 ἐσχημάτισεν·
1046 1213 1194 1266 κυρίως
1227 1211 1301 1265 γὰρ
1339 1210 1522 1265 λέγεσθαι
1561 1211 1822 1264 προύνείκους

252 1271 345 1319 τοὺς
382 1275 533 1323 μισθοῦ
572 1271 618 1310 τὰ
656 1271 696 1320 ἐξ
733 1271 880 1325 ἀγορᾶς
917 1271 1016 1311 ὤνια
1046 1272 1275 1322 κομίζοντας
1311 1272 1467 1319 παῖδας.
1523 1271 1748 1323 Δημήτριος
1779 1269 1822 1311 δέ

255 1343 353 1382 φησι
378 1330 470 1378 τοὺς
502 1331 683 1378 διδόντας
713 1330 759 1370 τὰ
791 1330 890 1370 ὤνια
920 1329 1014 1383 πρὶν
1039 1329 1065 1382 ἢ
1091 1331 1227 1382 λαβεῖν
1257 1330 1384 1382 τιμήν.
1435 1331 1557 1382 δῆλον
1588 1328 1630 1369 δὲ
1662 1330 1719 1370 ὅτι
1749 1330 1822 1370 εἴτε

253 1389 351 1428 κατὰ
388 1389 456 1429 τὸν
482 1386 710 1438 Ἀλεξίωνος
739 1390 859 1443 λόγον
896 1390 968 1430 εἴτε
1005 1389 1103 1429 κατὰ
1139 1389 1207 1430 τὸν
1239 1390 1467 1441 Δημητρίου
1507 1388 1572 1429 διὰ
1604 1395 1673 1441 τῆς
1702 1389 1737 1427 ᾗ
1763 1390 1821 1429 δι-

253 1448 440 1502 φθόγγου
465 1446 491 1500 ἡ
517 1449 651 1502 γραφή
678 1448 790 1489 ἐστιν.
830 1452 878 1489 cf.
899 1451 1030 1500 Etym.
1052 1463 1103 1488 m.
1125 1452 1222 1500 691,
1245 1451 1310 1489 19.
1342 1449 1430 1489 Ael.
1449 1450 1615 1500 Dionys.
1634 1450 1820 1488 Eustath.

254 1510 353 1559 983,
387 1510 454 1548 48.
507 1509 680 1548 Cramer.
701 1510 848 1548 Aneed.
870 1508 939 1548 Ox.
959 1509 1000 1547 II
1022 1511 1118 1548 251.
1151 1509 1276 1547 Paris.
1308 1508 1391 1546 IIII
1426 1510 1521 1548 189.
1552 1509 1667 1547 Phot.
1697 1507 1822 1560 πρού-

252 1582 396 1607 νεικον.
446 1568 670 1619 Hesychius
701 1568 927 1619 προυνικοί·
960 1567 1003 1607 οἱ
1023 1571 1173 1618 μισθοῦ
1204 1567 1425 1618 κομίζοντες
1449 1565 1495 1606 τὰ
1521 1565 1619 1606 ὥνια
1650 1565 1728 1606 ἀπὸ
1752 1572 1822 1619 τῆς

253 1625 413 1680 ἀγορᾶς,
445 1626 516 1674 οὕς
545 1641 646 1674 τινες
677 1627 948 1679 παιδαρίωνας
978 1629 1158 1666 καλοῦσι’
1198 1626 1354 1678 δρομεῖς
1390 1629 1534 1678 ταχεῖς,
1566 1623 1684 1677 ὀξεῖς,
1718 1625 1821 1666 εὐκί-

253 1701 379 1737 νητοι,
410 1686 560 1738 γοργοί,
592 1687 797 1737 μισθωτοί,
829 1699 930 1737 quae
951 1699 998 1724 ex
1017 1688 1132 1736 parte
1152 1686 1364 1735 proferunt
1382 1686 1549 1725 Photius
1571 1685 1821 1738 προύνεικος,

254 1746 396 1784 Suidas
428 1745 662 1797 προύνεικος
693 1742 782 1799 (qui
819 1746 1030 1796 exscripsit
1061 1745 1183 1784 etiam
1208 1745 1324 1796 Diog.
1351 1745 1395 1783 L.
1423 1746 1462 1795 4,
1483 1739 1541 1797 6),
1579 1745 1820 1784 Bachmann.

253 1805 402 1844 Anecd.
434 1805 454 1843 I
487 1806 590 1855 353,
626 1808 661 1844 1.
723 1805 772 1844 cf.
807 1806 930 1844 1343.
970 1804 1214 1844 dissentiunt
1246 1805 1292 1843 de
1328 1817 1374 1842 ea
1405 1816 1500 1843 voce
1532 1804 1654 1842 obiam
1685 1817 1821 1843 recen-

253 1864 394 1903 tiores:
437 1864 652 1915 προύνικος
672 1865 882 1914 Porsonus,
914 1861 1149 1916 προῦνεικος
1167 1863 1391 1902 Lobeckius
1410 1863 1501 1914 Agl.
1526 1864 1651 1902 1325.
1681 1863 1820 1902 Rhem.

255 1924 324 1974 59,
355 1922 569 1974 προυνικός
599 1924 822 1962 Meinekius
855 1924 968 1962 Anal.
1002 1923 1114 1961 Alex.
1148 1924 1246 1962 398.

375 1979 612 2021 ‘Bochar’nus
633 1982 786 2023 Hieroz.
806 1983 826 2021 I
848 1985 931 2022 794
964 1996 1010 2021 ex
1042 1982 1193 2021 oriente
1219 1981 1368 2031 repetit
1397 1993 1535 2021 vocem
1560 1994 1584 2020 a
1606 1982 1820 2031 pharanik,

255 2042 361 2091 quod
393 2042 639 2080 celeritatem
672 2054 810 2081 cursus
842 2038 1016 2081 indicat?
1048 2042 1099 2080 Μ.
1131 2040 1321 2080 Schmidt.

996 2180 1083 2222 334

540 2239 791 2296 στράβωνες

373 2325 515 2364 Pollux
548 2327 587 2376 2,
619 2327 671 2364 51
708 2325 965 2377 διάστροφος,
986 2336 988 2338 ’
1009 2323 1204 2376 στρεβλός·
1248 2322 1269 2363 ὁ
1300 2322 1374 2377 γὰρ
1415 2322 1580 2377 στραβὸς
1610 2323 1820 2375 ἰδιωτικόν,

255 2382 320 2422 καὶ
351 2384 393 2423 οἵ
420 2395 498 2436 στρ.
531 2383 573 2423 ἕν
603 2390 649 2439 τῇ
681 2382 751 2439 νέα
782 2383 980 2440 κωμῳδίᾳ.

997 2510 1083 2553 335

539 2570 762 2622 ὑπόξυλον

375 2657 519 2695 Pollux
551 2658 590 2707 3,
623 2659 689 2696 56.
739 2657 788 2695 cf.
822 2658 875 2695 83
910 2658 950 2694 et
979 2655 1184 2705 Aristoph.
1216 2656 1264 2693 fr.
1296 2656 1393 2694 881.
