2014 3334
277 251 365 293 620
618 225 621 229 ι
929 254 1192 288 ΑΔΕΣΠΟΤΑ

279 363 504 414 μετωνυμία
543 362 644 402 ἐστὶν
683 362 776 402 ὅταν
814 363 984 415 εἴπωμεν
1021 363 1099 404 ἀπὸ
1136 370 1214 404 τῶν
1245 363 1442 416 εὑρόντων
1472 364 1519 404 τὰ
1549 365 1748 418 εὑρήματα
1777 365 1842 407 καὶ

279 421 357 461 ἀπὸ
401 427 471 462 τοῦ
516 421 734 474 εὑρήματος
776 422 844 462 τὸν
887 422 1072 476 εὑρόντα,
1116 420 1203 464 οἷον
1240 427 1317 464 κτλ.
1379 425 1484 464 Com.
1529 426 1668 465 incert.
1705 426 1752 465 fr.
1785 428 1840 466 47

280 478 345 535 (O.
372 477 578 522 Ribbeck?
616 496 654 533 p.
684 477 788 536 122)
824 485 1025 532 persuasit
1068 485 1196 523 cimmo
1236 486 1381 529 vinum,
1423 485 1515 524 de'us
1546 487 1611 534 qui
1640 487 1758 524 multo
1790 490 1844 526 est

277 542 483 580 maximus.
535 542 692 581 Terent.
719 542 888 592 Adelph.
917 542 971 591 3,”
987 544 1026 593 4,
1054 545 1108 582 24
1139 546 1364 592 persuasit.
1392 575 1400 582 .
1418 546 1560 583 virium.
1611 541 1765 584 ‘comici
1791 559 1842 584 an

278 600 422 651 tragici
460 603 602 651 poetae
639 614 778 640 versus
811 602 864 640 sit
895 602 1090 641 incertum
1131 599 1218 642 est.'
1280 604 1397 642 Mein.
1428 603 1580 643 Nauck.
1607 604 1672 643 Tr.
1705 618 1763 655 gr.
1794 605 1842 644 fr.

278 660 410 709 adesp.
438 662 535 699 476.
587 657 696 699 ‘sunt
734 661 1024 700 adulescentuli
1061 662 1183 701 verba
1222 663 1410 701 delictum
1455 663 1618 713 aliquod
1649 664 1842 703 ebrietate

280 716 532 758 excusantis'.
576 720 692 758 Mein.
714 742 771 747 —-
791 721 1036 772 metonymia
1067 722 1217 761 comica
1247 722 1382 772 potius
1413 722 1590 774 videtur,
1627 723 1695 762 sed
1726 721 1842 776 ὑπέρ-

275 792 386 825 τατος
426 780 468 817 in
509 781 679 818 trimetro
727 780 876 819 comico
918 778 1104 832 (praeter
1143 781 1265 820 Arist.
1308 782 1397 820 Pac.
1430 775 1514 835 52)
1555 782 1724 822 inveniri
1762 795 1842 822 non

277 851 448 877 memmi.

1007 897 1120 939 1275

562 977 848 1034 ἁβροείμονές
878 994 924 1021 τε
956 978 1029 1021 καὶ
1060 978 1428 1035 κατηγλαϊσμένοι

396 1065 661 1115 Etymologic.
694 1080 744 1104 m.
772 1068 817 1117 4,
849 1067 900 1105 15
941 1064 1195 1117 ἁβροείμονες
1232 1069 1308 1105 κτλ.
1365 1066 1659 1118 λαμπροφόροι,
1696 1066 1841 1108 ἁπαλο-

277 1123 406 1174 φόροι.
468 1122 594 1175 ἁβρὸν
631 1123 704 1176 γὰρ
742 1123 784 1164 τὸ
822 1124 1001 1177 λαμπρὸν
1035 1124 1101 1164 καὶ
1132 1130 1290 1176 κοῦφον
1327 1124 1393 1164 καὶ
1423 1126 1631 1178 τρυφερόν.
1687 1125 1840 1180 ἇβροεί-

277 1198 393 1233 μονες
423 1186 579 1236 κατηγλ.
608 1184 709 1223 Gud.
759 1185 906 1236 tragici
937 1198 1022 1224 esse
1055 1185 1259 1225 contendit
1291 1185 1426 1225 Cobet.
1457 1186 1507 1225 N.
1532 1186 1557 1224 l.
1585 1187 1654 1226 47.
1698 1202 1700 1204 ¹

1004 1301 1118 1343 1276

560 1382 644 1426 κᾶν
675 1383 864 1440 αἰγέρων
893 1386 1067 1440 ἔφυσαν
1099 1383 1414 1442 εὐγενέστεραι.

395 1470 662 1522 Etymologic.
687 1485 738 1510 m.
767 1473 834 1522 28,
862 1473 915 1511 39
949 1471 1118 1523 αἴγειρος
1150 1470 1216 1510 διὰ
1246 1477 1315 1523 τῆς
1339 1470 1375 1509 ἓῖ
1399 1471 1636 1525 διφθόγγου.
1682 1471 1841 1524 εὕρηται

276 1527 350 1582 γὰρ
390 1527 456 1567 καὶ
494 1528 611 1581 χωρὶς
648 1535 718 1569 τοῦ
744 1542 777 1581 Z,
809 1528 862 1578 ὡς
898 1530 939 1570 τό
971 1533 1068 1581 κτλ.,
1106 1528 1193 1581 ἤτοι
1224 1527 1500 1583 εὐθαλέστεραι
1530 1530 1596 1570 καὶ
1628 1529 1840 1583 εὐθρεπτό-

275 1603 391 1639 τεραι.
442 1586 518 1627 κᾶν
549 1587 685 1640 Mein.]
718 1588 796 1629 καὶ.
857 1604 955 1629 num
985 1591 1125 1630 comici
1157 1592 1208 1630 sit
1240 1591 1452 1630 admodum
1483 1592 1659 1630 dubium.
1719 1593 1840 1642 atque

279 1649 524 1688 subobscura
567 1652 628 1688 est
673 1650 885 1689 sententia:
923 1650 971 1689 de
1017 1650 1161 1700 puellis
1202 1650 1420 1700 gracilibus
1453 1653 1494 1690 et
1525 1651 1700 1702 proceris
1733 1651 1839 1702 cogi-

276 1710 338 1746 tat
368 1708 486 1747 Mein.

1003 1766 1114 1808 1277

561 1850 789 1905 μοχθηρὸς
821 1827 884 1892 ὧν
914 1847 988 1891 καὶ
1018 1849 1100 1903 τὴν
1129 1849 1313 1905 γνώμην
1341 1848 1629 1905 ἀχερδούσιος

394 1935 659 1986 Etymologic.
691 1949 742 1974 m.
777 1937 878 1982 181,
913 1938 936 1974 3
981 1933 1161 1987 ἅχερδος·
1199 1933 1224 1986 ἡ
1257 1934 1373 1988 ἀγρία
1412 1933 1552 1982 ἄπιος.
1579 1966 1588 1974 .
1615 1930 1728 1974 ,οἷον
1764 1937 1842 1974 κτλ.

275 1991 362 2032 ἀντὶ
387 1998 456 2033 τοῦ
483 1993 658 2045 σκληρός.
710 1995 758 2033 cf.
784 1996 967 2034 Pherecr.
996 1996 1090 2035 164.
1140 1993 1212 2045 τὴν
1237 1993 1418 2048 γνώμην]
1447 1993 1515 2034 τὸν
1539 1993 1684 2045 τρόπον
1709 1995 1840 2045 Mein„

275 2052 367 2100 τοὺς
403 2052 574 2106 τρόπους
607 2050 946 2105 Ἀχραδούσιος
979 2055 1026 2093 Κ.
1082 2054 1130 2094 cf.
1163 2055 1287 2094 Arist.
1318 2055 1424 2093 Eccl.
1454 2056 1557 2104 362,
1595 2055 1665 2092 ubi
1702 2067 1840 2104 quam-

277 2126 397 2162 quam
429 2116 549 2163 poeta
572 2109 870 2164 Ἀχραδούσιος,
909 2114 1061 2153 scholia
1098 2116 1233 2153 tamen
1270 2111 1428 2153 ἔστιδὲ
1460 2114 1584 2165 δῆμος
1614 2118 1683 2164 τῆς
1706 2110 1840 2153 Ἱππο-

277 2172 499 2219 θοωντίδος
529 2175 660 2223 φυλῆς
687 2169 907 2226 Ἀχερδοῦς.
952 2174 1000 2212 cf.
1028 2174 1149 2212 schol.
1171 2175 1254 2213 356
1283 2169 1604 2225 (Θρασύβουλος)
1629 2170 1841 2225 ἀντιλέγειν

277 2229 427 2282 μέλλων
464 2235 545 2280 τοῖς
575 2232 907 2283 Λακεδαιμονίων
944 2230 1171 2284 πρέσβεσιν.
1192 2262 1201 2271 .
1222 2228 1323 2272 ,εἶτα
1358 2231 1637 2284 δωροδοκήσας
1668 2230 1840 2283 ἀχράδας

276 2290 588 2342 προσεποιήσατο
620 2289 874 2343 βεβρωκέναι.
897 2313 948 2318 -
970 2291 1184 2343 Πάμφιλος
1215 2289 1235 2331 ὁ
1262 2288 1532 2343 Ἀχερδούσιος
1563 2294 1624 2330 est
1655 2291 1838 2330 Aeschin.

279 2352 316 2399 1,
345 2353 440 2390 110.
493 2351 646 2390 scilicet
678 2352 781 2390 serio
806 2364 935 2402 pagus
963 2352 1032 2390 ille
1058 2351 1265 2390 dicebatur
1290 2347 1508 2402 Ἀχερδοῦς,
1534 2351 1681 2390 comice
1702 2346 1839 2403 Ἀχρα-

279 2409 385 2456 δοῢς.
438 2410 507 2449 sed
539 2411 698 2449 dubitat
731 2411 778 2449 de
811 2411 960 2450 comica
991 2411 1143 2462 origine
1175 2411 1407 2450 Meinekius.

1002 2526 1114 2569 1278

559 2607 682 2664 ὕδωρ
715 2605 765 2651 δὲ
794 2611 934 2663 πίνει,
965 2609 1044 2651 τὸν
1075 2606 1124 2651 δὲ
1154 2597 1368 2662 Βίβλινον
1400 2615 1561 2662 στυγεῖ.

394 2695 661 2745 Etymologie.
694 2709 743 2734 m.
779 2697 881 2743 197,
915 2697 967 2734 32
1007 2694 1189 2746 Βίβλινος
1233 2689 1358 2742 οἶνος
1403 2690 1490 2734 οἷον
1527 2697 1604 2734 κτλ.
1660 2692 1738 2733 ἀπὸ
1769 2696 1837 2733 Βι-

276 2754 412 2804 βλίνης
444 2752 546 2792 οὕτω
574 2751 819 2805 καλουμένης
848 2754 1020 2810 Θρακίας
1045 2751 1235 2805 ἀμπέλου,
1266 2752 1351 2804 ήτις
1377 2753 1442 2793 διὰ
1466 2752 1508 2792 τὸ
1534 2751 1709 2804 εὐθαλὴς
1734 2747 1838 2792 εἶναι

277 2811 318 2851 ἐν
342 2809 503 2852 Ἑλλάδι
540 2811 736 2864 μετετέθη.
790 2815 839 2852 cf.
870 2813 1018 2853 Cratin.
1046 2815 1142 2852 204.
1197 2813 1248 2851 ad
1281 2813 1434 2852 Cratini
1463 2814 1626 2862 Pytirieri
1657 2809 1723 2860 (cf.
1755 2813 1836 2851 hui.

277 2872 371 2910 edit.
396 2873 415 2910 Ι
445 2868 518 2924 75)
550 2874 673 2912 refert
698 2873 932 2924 Meinekius,
958 2873 1008 2912 ad
1033 2873 1247 2923 satyricam
1274 2873 1453 2911 fabulam
1479 2872 1614 2911 Cobet.
1640 2872 1689 2910 N.
1715 2872 1740 2910 l.
1767 2873 1836 2911 48.

275 2931 427 2970 Nauck.
455 2932 520 2971 Tr.
546 2945 604 2982 gr.
631 2933 679 2971 fr.
704 2932 837 2982 adesp.
867 2934 962 2972 126.
1011 2964 1013 2966 .
