2014 3334
249 224 337 267 538
630 219 637 251 ἑ
799 265 804 270 ,
896 227 1158 261 ΑΔΕΣΠΟΤΑ

988 370 1074 413 734

535 487 555 508 ,1
606 454 845 507 σκορπίους
875 448 1134 510 βέβρωκεν.1

369 539 568 578 Macarius
591 542 628 591 7,
651 542 703 579 72
737 537 801 578 ε’πὶ
831 545 909 579 τῶν
929 537 1105 594 ὀργίλων.
1150 540 1219 580 ubi
1251 541 1298 580 cf.
1317 554 1418 591 quae
1443 540 1650 580 adnotavit
1675 540 1814 580 editor.

995 668 1081 710 735

536 784 544 792 .
605 752 781 806 βλίτυρι
812 749 886 793 καὶ
917 751 1159 801 σκινδαψός

370 837 551 887 Append.
584 851 693 888 prov.
723 839 759 887 1,
793 839 846 876 56
879 842 999 876 ταῦτα
1029 836 1375 889 παραπληρώματα
1405 836 1544 890 λόγων,
1575 835 1648 876 εἰσὶ
1680 834 1722 876 δὲ
1751 835 1818 876 καὶ

251 895 513 948 παροιμιώδη.
545 897 615 936 ubi
636 897 682 935 cf.
699 909 799 947 quae
813 897 1022 937 adnotavit
1033 897 1220 936 Leutsch.
1250 897 1422 948 Hesych.
1447 895 1818 950 βλίτυρι...χορδῆς

249 956 414 1007 μίμημα.
466 957 512 995 de
538 957 743 1004 scindapso
773 957 822 996 cf.
853 956 1011 996 Anaxil.
1040 958 1106 996 15.
1151 956 1255 996 Sext.
1287 957 1402 1007 Emp.
1435 957 1537 996 Adv.
1568 957 1757 995 mathem.
1778 957 1818 1006 8,

253 1017 333 1055 133
369 1010 486 1068 (316,
510 1017 564 1054 24
590 1010 736 1070 Bekk.)
769 1014 811 1055 ἐν
842 1021 886 1070 τῇ
919 1014 972 1067 μὴ
1006 1016 1254 1072 σημαινούσῃ
1285 1031 1320 1056 τι
1353 1012 1508 1071 (φωνῇ)
1541 1011 1627 1055 οἷον
1657 1020 1702 1070 τῇ
1734 1015 1817 1067 βλί-

250 1089 338 1127 τυρι
368 1073 434 1113 καὶ
463 1080 508 1130 τῇ
542 1074 762 1126 σκινδαψός
793 1074 868 1115 οὐκ
899 1073 949 1114 ἂν
981 1075 1041 1127 εἴη
1072 1090 1118 1115 τι.

997 1204 1081 1246 736

963 1285 1089 1343 μέχρι
1119 1293 1209 1329 τῶν
1240 1286 1509 1342 ἀμφωτίὸων

369 1374 551 1423 Append.
583 1386 693 1423 prov.
726 1376 764 1423 3,
798 1376 851 1413 89
891 1372 955 1413 ε’πὶ
991 1379 1068 1412 τῶν
1105 1370 1207 1426 ἄγαν
1243 1371 1581 1425 πεπληρωμένων,
1622 1371 1710 1411 ἀντὶ
1747 1377 1819 1412 τοῦ

251 1431 360 1485 μέχρι
385 1438 463 1471 τῶν
489 1431 611 1472 ὤτων.
656 1433 800 1473 suidas
825 1429 1051 1486 ἀμφῶες(ἰ))
1077 1432 1142 1472 καὶ
1167 1431 1390 1483 ἀμφωτίὸες
1414 1431 1481 1471 καὶ
1505 1430 1815 1483 ἀμφωτίδων...

251 1490 317 1531 καὶ
347 1492 537 1544 παροιμία
568 1491 630 1531 ἐπὶ
662 1498 739 1531 τῶν
771 1491 832 1545 ἄγ.
863 1496 974 1532 πεπλ.
1006 1495 1083 1531 κτλ.
1139 1493 1272 1543 Etym.
1304 1506 1355 1531 m.
1389 1495 1456 1542 93,
1491 1494 1543 1530 12
1576 1490 1799 1543 ἀμφωτίδες

250 1554 391 1603 χαλκᾶ,
428 1551 543 1603 ἅπερ
582 1551 631 1591 οἱ
662 1551 917 1591 παλαισταὶ
954 1556 1053 1599 τοῖς
1088 1549 1174 1591 ὠσὶ
1206 1551 1554 1603 περιετίθεσαν.
1604 1551 1698 1590 Zon.
1724 1552 1820 1590 152.

250 1612 300 1650 cf.
331 1624 434 1663 quae
466 1612 517 1651 ad
548 1611 728 1652 Alexidis
755 1608 981 1663 Ἀμφωτίδα
1012 1612 1305 1652 adnotavimus.

991 1740 1073 1781 737

537 1809 841 1867 ἀποφθάρηθί
866 1827 965 1866 μου.

369 1895 625 1950 ἀπαλλάγηθί
653 1912 742 1948 μου.
774 1898 1010 1948 Hesychius.
1071 1897 1189 1936 indic.
1209 1897 1361 1935 Nauck.
1392 1895 1514 1934 Moer.
1545 1893 1822 1946 ἀποφθάρηθί

251 1971 330 2007 μου
357 1952 541 2007 Ἀττικοί,
579 1955 837 2009 ἀπαλλάγηθί
870 1971 947 2008 μου
975 1951 1178 2007 ’Έλληνες
1233 1956 1280 1994 cf.
1319 1968 1421 2006 quae
1459 1955 1729 2007 congessimus
1770 1956 1820 1993 ad

251 2016 377 2056 Arist.
397 2017 502 2055 Nub.
525 2018 622 2056 789.
653 2017 776 2056 variis
807 2016 934 2056 modis
965 2016 1008 2056 in
1031 2017 1262 2056 trimetrum
1291 2015 1415 2055 inseri
1443 2016 1624 2065 possunt.
1687 2027 1732 2053 ac
1764 2014 1822 2053 sic

250 2089 352 2127 quae
386 2078 617 2127 sequuntur.

537 2240 684 2281 δίαιτα
713 2245 794 2282 τοῦ
826 2239 1024 2295 οὐρανοῦ

369 2325 411 2366 τὸ
432 2329 588 2379 φαγεῖν,
607 2324 649 2365 τὸ
674 2328 791 2365 πιεῖν.
816 2326 989 2377 Hesych.
1016 2326 1151 2376 glossa
1169 2325 1389 2363 multorum
1409 2322 1648 2362 coniecturis
1668 2324 1820 2362 vexata.

251 2399 371 2426 unam
403 2399 665 2426 commemoro
697 2386 887 2424 Meinekii
906 2385 1050 2424 Philol.
1070 2384 1144 2423 XV
1167 2386 1249 2424 137
1282 2381 1494 2435 τούράνου,
1524 2382 1550 2422 i.
1571 2395 1603 2421 e.
1635 2386 1704 2421 τοῦ
1737 2379 1822 2434 ἐρά-

251 2461 348 2497 νου,
380 2447 449 2498 qui
480 2445 630 2485 comico
662 2458 709 2484 ea
739 2446 863 2485 verba
893 2445 1048 2484 tribuit.

992 2572 1075 2614 739

536 2646 780 2701 Κορίνθιαι
811 2642 942 2687 πέδαι

371 2731 415 2770 αἱ
449 2729 527 2770 ἀπὸ
565 2730 774 2782 Κορίνθου
812 2735 882 2782 τῆς
917 2728 1067 2775 πόλεως
1102 2730 1298 2780 γυναῖκες.
1331 2727 1565 2777 Hesychius.
1616 2725 1672 2765 sic
1701 2724 1821 2764 Mein.

251 2791 486 2843 Κορίνθιαι·
519 2790 563 2829 αἵ
589 2789 706 2830 πέδαι
737 2788 804 2829 καὶ
834 2792 910 2829 κτλ.
944 2789 1028 2828 cod.
1064 2809 1112 2815 —
1154 2786 1370 2838 Κορίνθιαι
1401 2785 1514 2833 πεζαί
1542 2785 1693 2825 Nauck.
1714 2783 1821 2834 Allg.

251 2851 331 2889 Lit.
352 2853 429 2902 ztg.
465 2852 576 2890 1847
612 2864 648 2900 p,
680 2851 778 2889 499.
828 2851 875 2888 cf.
908 2848 1050 2899 Eupol.
1086 2848 1182 2886 169.
