2014 3334
262 238 349 280 630
598 226 602 231 ’
913 234 1176 267 ΑΔΕΣΠΟΤΑ

262 348 424 401 χρόαν·
457 346 793 397 ἕκπλήττομαι,
821 344 826 394 Ι
855 342 905 395 νὴ
931 343 983 384 τὼ
1014 344 1119 395 θεώ,
1156 349 1253 392 πῶς
1291 342 1459 396 ἀθρόως
1484 339 1677 398 (fortasse
1707 339 1834 399 ὅπως)

263 408 447 447 ἅπαντα
478 403 828 457 μεταβέβληκεν
859 401 884 455 ἡ
916 403 1049 457 γυνή.

381 466 566 505 ἅπαντα
603 460 783 519 (τοιαῦτα
820 458 1032 517 Hercher.)
1069 468 1187 516 γοῦν
1225 462 1275 502 ἐν
1305 466 1406 511 ταῖς
1436 462 1835 516 γυναικωνίτισιν

264 522 341 580 (sie
384 526 566 575 Meroen,
609 529 810 577 γυναικῶν
853 521 928 562 τισὶ
968 520 1106 574 Vind.)
1144 523 1152 573 Ι
1193 521 1270 562 καὶ
1314 526 1416 571 ταῖς
1458 523 1706 570 ταλασίαις
1735 521 1835 575 πρὸς

264 584 432 636 ἀλλήλας
463 582 642 636 ὁμιλοῦσι
672 586 869 637 γυναῖκες.

382 646 571 684 narratur
609 643 806 695 quomodo
837 656 938 682 uxor
978 643 1121 681 humili
1161 643 1248 682 loeo
1280 644 1378 682 nata
1409 643 1617 682 carissima
1645 642 1753 681 faeta
1782 642 1836 682 sit

264 705 420 744 marito.
469 703 732 754 reduplicatio
766 704 951 753 correpta
983 698 1095 756 (ante
1127 698 1194 756 βλ)
1226 702 1317 742 istis
1349 702 1595 752 temporibus
1625 715 1704 741 non
1735 702 1835 741 mul·
1884 748 1887 750 μ

267 767 353 803 tum
385 764 507 803 habet
535 763 774 803 offensionis.

919 853 1044 897 1569.
1079 854 1193 896 157O

385 943 668 981 Aristaenetus
703 944 740 991 1,
775 942 827 980 25
861 955 898 991 p.
934 941 1020 979 154
1065 938 1417 991 διαπλεξαμένη
1462 935 1577 994 (add.
1621 934 1688 993 δὲ)
1733 939 1838 980 κεύ-

266 1001 499 1042 θετίσασα
542 1000 621 1048 τὰς
665 999 813 1052 κόμας
840 1000 847 1048 Ι
874 995 1123 1053 καθῆκε(ν,
1166 1003 1320 1051 καθῆκε
1364 999 1499 1039 Cobet.
1545 1013 1590 1038 ex
1631 997 1838 1049 [Luciam]

269 1065 400 1101 Amor.
428 1063 481 1100 41
511 1074 583 1111 pro
609 1057 759 1112 ἀφῆκε)
784 1065 855 1099 τοῦ
881 1057 1046 1111 αὐχένος
1078 1058 1254 1112 ὅρμους
1279 1061 1570 1110 πολυτελεῖς,
1597 1057 1840 1112 ἀγλαΐσματα

268 1119 455 1174 (fortasse
481 1115 651 1175 κόσμον)
679 1117 837 1171 δέρης,
864 1115 871 1169 Ι
898 1116 1044 1170 ἄλλην
1069 1133 1116 1159 τε
1140 1117 1322 1170 πολλὴν
1347 1117 1612 1169 περιέκειτο
1639 1118 1839 1170 φλυαρίαν

268 1176 459 1235 (fortasse
480 1176 667 1232 μωρίαν),
684 1174 688 1233 Ι
705 1177 973 1230 ὑπομάζιόν
992 1193 1031 1218 τε
1049 1177 1303 1230 κάμφωλέν
1314 1193 1388 1218 ιον
1409 1175 1682 1232 (ἀμφωλένιον
1695 1178 1840 1230 Reisk.‚

268 1237 499 1291 ἀμφωλένια
524 1235 683 1293 Vind.).
705 1270 713 1278 .
735 1237 870 1290 ,θαμὰ
895 1236 944 1277 δὲ
969 1236 1048 1277 καὶ
1072 1237 1156 1289 την
1181 1236 1387 1290 πτέρναν
1413 1236 1529 1288 αὐτὴ
1554 1236 1672 1290 πρὸς
1693 1236 1842 1288 αὐτὴν

269 1297 628 1351 ἐπιστρεφομένη
661 1299 952 1338 διεσκοπεῖτο
984 1294 1173 1350 (fortasse
1206 1296 1307 1349 ὁμοῦ
1339 1295 1383 1337 δὲ
1407 1296 1474 1337 καὶ
1497 1310 1528 1338 τ.
1553 1312 1613 1337 πτ.
1647 1293 1837 1337 ἐσκοπεῖτ’

269 1358 330 1399 ἀεὶ
357 1359 363 1408 Ι
392 1358 491 1410 αὐτὴ
523 1357 621 1411 πρὸς
652 1357 736 1399 αὐτ.
767 1354 877 1397 πόλλ’
913 1353 1265 1411 ἐπιστρωφωμένη)
1294 1352 1322 1412 Ι,
1359 1356 1548 1405 πολλάκις
1580 1353 1616 1396 δ’
1652 1356 1733 1408 ἅμα
1763 1371 1803 1397 τε
1831 1352 1837 1412 Ι

272 1417 443 1469 ἑαυτὴν
477 1415 620 1471 (αὑτήν
650 1414 707 1471 τ’)
742 1416 943 1469 ἐθεώρει
972 1417 1039 1456 κεῖ
1062 1433 1118 1465 τις
1150 1416 1274 1468 αὐτὴν
1306 1414 1423 1465 ἄλλος
1452 1420 1604 1457 θεᾶται.

388 1493 426 1529 p.
457 1480 539 1517 155
573 1477 711 1517 οἴνου
743 1479 892 1516 πολλοῦ
931 1477 1366 1529 διαθερμαίνοντος
1397 1475 1544 1516 αὐτοῦ
1588 1474 1661 1527 τὴν
1704 1474 1841 1528 ψυχὴν

271 1535 461 1589 (fortasse
499 1536 567 1584 τὰς
598 1531 766 1590 φρένας)
796 1538 801 1586 Ι
831 1567 838 1575 .
871 1566 880 1575 .
914 1568 920 1575 .
954 1535 1105 1587 μήλου
1144 1533 1254 1589 (add.
1291 1531 1346 1589 τι)
1386 1534 1555 1588 μικρὸν
1587 1534 1844 1575 ἀποδακὼν

273 1593 381 1651 (md.
425 1592 538 1650 μάλ’)
584 1595 815 1647 εὐστόχως
856 1592 861 1647 Ι
901 1593 1141 1647 ήκόντισεν
1186 1596 1252 1643 εἰς
1289 1595 1368 1635 τὸν
1405 1595 1583 1635 κόλπον
1614 1594 1786 1646 ἐκείνης,
1817 1592 1842 1646 ἡ

273 1655 315 1696 δὲ
347 1656 546 1707 φιλήσασα
578 1655 720 1707 μεταξυ
751 1661 829 1694 τῶν
861 1661 1017 1706 μαστῶν
1049 1654 1127 1694 υπὸ
1159 1658 1212 1711 τῷ
1242 1653 1476 1711 περιδέσμῳ,
1508 1652 1555 1694 ὃν
1585 1654 1843 1708 περιεστερνί-

274 1728 381 1767 σατο,
401 1714 673 1767 παρέβυσεν..
694 1715 835 1754 ,ουτω
856 1720 945 1754 νῦν
965 1729 1016 1766 με
1037 1697 1222 1767 (οὕτως’
1204 1712 1269 1766 εμὲ
1291 1710 1294 1768 Ι
1316 1710 1411 1768 νῦν)
1432 1713 1845 1768 ἀντιπελαργοῢσα

277 1777 435 1815 δικαίαν
466 1774 735 1815 ἀποδίδωσι
767 1773 907 1826 χάριν
939 1770 1282 1828 (ἀντιπελαργοῦσ’
1318 1773 1384 1814 ἀπ.
1415 1772 1488 1825 τὴν
1512 1771 1575 1827 χ..)

394 1848 506 1874 soror
533 1835 682 1874 sororis
709 1835 876 1873 aemula.
909 1834 1087 1884 Xenoph.
1115 1835 1277 1874 Memor.
1300 1836 1338 1885 2,
1368 1837 1404 1884 1,
1432 1837 1485 1873 22
1513 1837 1848 1874 κατασκοπεῖσθαι

277 1892 318 1934 δὲ
362 1893 475 1946 θαμὰ
519 1892 683 1945 ἑαυτήν,
727 1892 954 1933 ἐπισκοπεῖν
998 1891 1040 1932 δὲ
1083 1892 1149 1933 καὶ
1193 1893 1234 1933 εἴ
1269 1907 1328 1941 τις
1371 1891 1487 1942 ἄλλος
1531 1892 1657 1944 αὐτὴν
1693 1897 1846 1933 θεᾶται.

274 1955 439 1993 Lucian.
466 1955 570 1993 Dial.
596 1956 757 1992 meretr.
780 1956 847 2002 12,
871 1957 891 1992 1
922 1955 1021 1993 extr.
1040 1951 1146 2001 τέλος
1173 1951 1215 1993 δὲ
1241 1958 1311 1993 τοῦ
1337 1952 1487 2004 μήλου
1517 1951 1848 1994 ἀποδακών...

274 2013 485 2064 προκύψας
515 2027 612 2061 πως
644 2012 875 2064 εὐστόχως
905 2012 1269 2065 προσηκόντισας
1300 2012 1367 2060 εἰς
1392 2011 1472 2052 τὸν
1503 2012 1686 2052 κόλπον
1711 2011 1848 2064 αὐτῆς,

275 2071 369 2113 οὐδὲ
414 2076 555 2112 λαθεῖν
598 2088 640 2126 γε
684 2072 926 2124 πειρώμενος
970 2071 1051 2124 ε’μέ·
1096 2069 1121 2123 ἡ
1160 2071 1208 2113 δὲ
1251 2072 1494 2124 φιλήσασα
1541 2071 1715 2123 μεταξὺ
1757 2077 1848 2112 τῶν

207 2144 213 2147 *
276 2139 463 2184 μαστῶν
500 2131 591 2172 ὑπὸ
628 2134 687 2188 τῷ
718 2130 970 2188 ἀποδέσμῳ
1007 2132 1322 2186 παρεβύσατο.
1385 2133 1433 2172 de
1465 2133 1586 2173 verbo
1619 2130 1847 2185 ἀντιπελαρ-

276 2196 359 2246 γεῖν
391 2194 440 2234 cf.
473 2193 606 2243 adesp.
635 2194 732 2232 939.

840 2297 966 2340 1571.
1002 2297 1127 2340 1572.
1165 2296 1277 2340 1573

397 2384 676 2423 Aristaenetus
699 2386 736 2433 1,
764 2386 816 2423 27
846 2398 882 2434 p.
909 2384 988 2422 156
1015 2385 1066 2422 Α.
1091 2382 1207 2436 πρὸς
1233 2388 1314 2435 τῆς
1334 2379 1636 2436 Ἀφροδίτης,
1661 2378 1693 2422 ὦ
1716 2383 1850 2435 φίλη,

279 2442 325 2484 σὲ
357 2447 524 2483 ποθῶν
557 2441 692 2483 οὑτοσὶ
724 2438 824 2496 (ὁδὶ)
853 2445 858 2492 Ι
886 2441 1123 2498 προσᾴδων
1160 2441 1413 2495 παρέρχεται
1449 2441 1515 2482 καὶ
1546 2447 1733 2495 μορφῆς
1764 2442 1850 2483 οὐκ

278 2503 444 2554 ἀφυῶς
477 2502 593 2555 ἔχων
620 2498 810 2556 (fortasse
836 2499 946 2558 ᾄδων
971 2503 1152 2554 πάρεισιν
1178 2501 1252 2542 οὐκ
1276 2501 1345 2553 ἀφ.
1367 2496 1405 2554 μ.
1425 2498 1507 2556 ἕχ.).
1531 2497 1536 2557 Ι
1558 2501 1617 2550 ὡς
1641 2501 1850 2556 εὐπάρυ-

280 2579 374 2614 φον
406 2561 453 2602 τὸ
486 2562 760 2615 θερίστριον
791 2561 871 2601 καὶ
900 2563 1133 2603 ποικίλον.
1174 2604 1180 2608 ,

399 2625 443 2662 Β.
474 2637 530 2672 νη
565 2636 674 2669 τους
701 2618 909 2673 ’Ἐρωτας
937 2622 942 2672 Ι
971 2619 1331 2674 ἀποστρέφομαι
1368 2619 1416 2661 δὲ
1453 2620 1522 2661 τὸν
1561 2619 1653 2661 νέον
1682 2621 1851 2674 καίπερ

282 2681 394 2722 ὄντα
420 2677 521 2736 (ὄντ’
551 2678 690 2735 αὐτὸν)
717 2681 881 2734 καλόν,
909 2679 956 2734 Ι
943 2681 999 2721 ότι
1030 2687 1197 2733 φυσῶν
1223 2676 1384 2733 (φυσῶν
1415 2677 1509 2735 γὰρ)
1541 2679 1682 2728 αὐτὸς
1706 2680 1851 2721 αὑτὸν

283 2742 435 2782 οἴεται
472 2740 616 2792 μόνος
645 2736 650 2794 Ι
678 2740 851 2789 πάσαις
888 2739 1166 2794 ἀξιέραστος
1203 2736 1305 2780 εἶναι
1346 2744 1431 2789 ταῖς
1473 2741 1694 2794 γυναιξίν
1731 2737 1790 2795 (π.
1816 2756 1850 2793 y.

282 2801 339 2849 ἀξ.
353 2795 638 2855 γεγονέναι)Ι..
651 2806 787 2852 ,μισῶ
801 2806 901 2855 γοῦν
916 2797 1853 2855 (δ’)ἕραστὴνπαρευδοκιμεῖνεὐμορφία

283 2875 367 2911 την
387 2858 627 2912 ἐρωμένην
647 2859 875 2908 ἀξιοῦντα
895 2856 1090 2916 (ἀξιοῦντ’
1113 2859 1197 2912 εὐμ.
1216 2855 1401 2915 Ιπαρευδ.
1413 2875 1522 2900 καιτ.
1537 2857 1649 2914 ε’ρ..).
1661 2840 1852 2914 ,Ιπολλὰ

283 2919 363 2960 τὸν
395 2919 507 2972 ε’μὸν
540 2919 783 2960 στενωπὸν
815 2916 866 2974 (τ.
891 2919 1029 2973 ἐμ.·στ,
1066 2915 1268 2974 πολλάκις)
1305 2917 1539 2974 διέρχεται
1565 2919 1571 2968 Ι
1590 2918 1725 2971 μάτην
1756 2914 1851 2973 (del.
