2014 3334
709 258 937 293 llAOKION
987 259 1244 295 IIPOPAMOI
1684 264 1762 305 121

182 372 325 412 octavo.
394 371 574 425 extrema
617 373 808 422 corrupta
851 373 958 411 sunt.
1027 374 1216 412 octavum
1259 387 1437 414 mensem
1482 388 1506 414 a
1548 376 1766 417 Menandro

181 429 512 482 praetermissum
551 443 636 471 esse
668 431 754 482 ipso
792 433 970 471 testatur
1002 431 1180 484 Gellius,
1219 434 1435 484 septimum
1467 449 1562 476 vero
1596 450 1766 476 nonum—

183 504 262 544 que
294 492 652 531 commemoratum
682 491 830 532 conicit
854 491 990 532 Hertz.
1024 492 1170 533 Annal.
1202 494 1396 534 Fleckeis.
1429 494 1569 547 Suppl.
1590 496 1667 535 VII
1697 499 1766 537 47.

925 610 1014 653 414

302 683 480 724 Cramer.
513 684 664 724 Anecd.
690 683 762 724 Ox.
788 685 869 724 IIII
903 686 1002 724 544.
1035 687 1060 725 5
1108 681 1257 734 εὅστις
1290 682 1326 726 δ’
1362 684 1540 739 ὁμιλῶν
1573 686 1765 740 ἤδεται.’

181 749 296 785 τοῦτο
336 749 406 784 τοῦ
442 742 669 797 Θεόγνιδος.
731 745 801 784 sed
839 746 976 796 paullo
1014 748 1108 796 post
1145 745 1395 799 Μενάνδρου
1433 753 1549 788 τοῦτο
1587 747 1767 800 πέφυκεν

181 803 226 845 ἐκ
251 803 449 858 δράματος
474 804 669 856 Πλοκίου,
701 803 750 845 οὐ
786 804 1012 858 Θεόγνιδος.
1068 807 1112 846 ab
1138 809 1199 846 est
1218 807 1425 858 Euripidis
1456 809 1505 848 fr.
1526 812 1626 861 809,
1661 812 1683 849 7
1706 810 1766 861 N.,

180 865 252 905 ubi
277 865 327 904 cf.
340 865 514 905 Nauckii
541 865 631 905 adn.
651 887 695 896 -—·
720 866 859 917 itaque
880 868 952 905 aut
977 866 1212 907 exciderunt
1233 868 1437 919 nonnulla,
1458 871 1530 908 aui.
1549 869 1767 921 Euripideo

127 924 130 927 “
180 938 300 966 versu
331 928 377 965 ut
409 938 528 977 saepe
558 939 658 966 usus
690 928 752 966 est
777 926 1008 966 Menander.

930 1044 1020 1088 415

469 1104 677 1160 δεύτερος
707 1107 848 1156 πλοῦς

302 1221 311 1230 .
325 1222 334 1231 .
349 1221 359 1231 .
374 1190 618 1244 Μένανδρος
632 1222 642 1231 .
653 1222 663 1232 .
679 1192 852 1249 Πλοκίῳ.
879 1192 1122 1234 Schol.Pla't-.
1133 1196 1217 1234 384
1233 1194 1360 1234 Bekk.
1387 1195 1544 1234 cf.228.
1561 1197 1658 1234 241.
1669 1198 1766 1236 279.

925 1299 1013 1342 416

468 1370 687 1426 τρυγόνος
718 1371 980 1426 λαλίστερον

301 1487 311 1496 .
343 1487 352 1496 .
385 1487 394 1496 .
427 1454 620 1509 μέμνηται
663 1456 807 1509 ταύτης
847 1462 917 1509 τῆς
959 1458 1174 1511 παροιμίας
1216 1457 1259 1498 ἐν
1297 1460 1350 1515 τῷ
1387 1459 1549 1516 Πλοκίῳ
1589 1457 1609 1500 ὁ
1650 1459 1767 1509 αὐτός

182 1513 464 1572 (Μένανδρος)
497 1516 654 1557 Aelian.
687 1518 738 1557 N.
770 1530 833 1557 an.
869 1520 934 1568 12,
971 1520 1038 1559 10.
1101 1519 1149 1558 cf.
1183 1518 1339 1559 Alexid.
1373 1521 1441 1559 92.

300 1578 512 1617 Praeterea
547 1578 597 1618 cf.
630 1579 730 1618 649.
763 1580 862 1618 929.
908 1629 914 1636 ·

847 1683 1106 1718 ΠΡΟΓΑΜΟΙ

301 1759 467 1799 Rectius
498 1759 670 1799 fortasse
699 1758 925 1813 Προγάμια.
974 1760 1120 1800 Pollux
1147 1762 1186 1812 3,
1214 1762 1268 1800 38
1302 1757 1328 1812 ἡ
1361 1759 1449 1813 πρὸ
1481 1761 1637 1815 γάμου
1670 1776 1766 1815 προ-

181 1816 305 1860 τέλεια
336 1813 407 1875 (cf.
440 1819 620 1860 Schoem.
652 1819 748 1860 Ant.
780 1815 860 1871 gr.2
890 1820 931 1859 II
965 1815 1073 1875 530)
1105 1818 1172 1860 καὶ
1203 1820 1464 1875 προγάμια·
1508 1821 1611 1862 οὕτω
1644 1820 1681 1862 δ’
1717 1821 1767 1862 ἂν

181 1882 339 1920 καλοῖτο
370 1878 438 1919 καὶ
468 1878 521 1919 τὰ
551 1878 640 1931 πρὸ
671 1879 828 1934 γάμου
862 1880 1001 1933 δῶρα.
1064 1881 1234 1921 Photius
1265 1879 1486 1934 προτέλεια·
1523 1878 1550 1934 ἡ
1581 1881 1657 1935 πρὸ
1689 1889 1767 1923 τῶν

179 1939 319 1994 γάμων
361 1940 502 1981 θυσία.
543 1938 800 1993 Μένανδρος.
862 1942 911 1980 cf.
950 1941 1057 1980 Plut.
1096 1942 1194 1982 Mor.
1232 1943 1377 1981 14161Β
1419 1941 1462 1981 οἵ
1501 1948 1545 1997 τῇ
1596 1943 1767 1999 γαμηλίᾳ

180 1999 352 2049 θύοντες
370 1997 488 2056 “Hpq
507 1998 579 2052 τὴν
606 1999 727 2053 χολὴν
753 1999 802 2040 οὐ
830 2001 1168 2055 συγκαθαγίζουσι
1188 2031 1197 2041 .
1212 2031 1246 2041 ..
1266 1998 1349 2041 ἀλλ’
1379 2000 1571 2050 ἐξελόντες
1597 2002 1767 2055 ἔρριψαν

180 2059 289 2114 παρὰ
313 2058 383 2100 τὸν
408 2060 560 2114 βωμόν,
591 2074 694 2112 quae
720 2062 892 2101 fortasse
919 2062 1055 2113 aliquo
1088 2062 1207 2102 modo
1234 2076 1282 2102 ex
1300 2063 1519 2102 Menandro
1553 2063 1766 2103 fluxerunt.

179 2122 396 2172 Proyamos
426 2121 505 2161 fuit
536 2121 702 2162 Caecilii
734 2121 867 2162 Statii.
918 2120 964 2162 O.
995 2122 1188 2162 Ribbeck.
1221 2121 1330 2162 Com.
1363 2123 1410 2163 R.
1442 2117 1509 2162 fr.²
1543 2125 1610 2164 67.

901 2239 1056 2283 417ab

397 2324 447 2366 τὸ
479 2329 556 2379 τῆς
586 2323 722 2380 τύχης
751 2339 822 2367 τοι
853 2324 1099 2380 μεταβολὰς
1129 2324 1297 2375 πολλὰς
1323 2325 1421 2380 ἔχει.

396 2456 570 2512 τυφλόν
602 2471 652 2511 γε
684 2454 758 2499 καὶ
791 2456 1017 2512 δύστηνόν
1050 2456 1172 2499 ἐστιν
1204 2455 1231 2512 ἡ
1263 2456 1385 2512 τύχη.

301 2543 500 2583 Stobaeus
536 2543 622 2584 Ecl.
657 2546 693 2595 1,
728 2539 847 2599 7(8),
881 2546 919 2584 2.
959 2546 983 2584 3
1028 2544 1225 2584 Wachsm.
1308 2546 1331 2583 2
1373 2542 1622 2596 Μενάνδρου
1656 2545 1764 2596 Προ-

180 2602 319 2657 γάμων
351 2599 447 2657 (πρὸ
477 2603 617 2657 γάμων
649 2604 680 2643 F
719 2606 760 2644 eb
796 2618 869 2656 per
900 2617 1027 2655 comp.
1054 2604 1098 2656 P,
1141 2606 1312 2655 uterque
1343 2603 1385 2642 in
1417 2598 1550 2656 mrg.).
1612 2603 1765 2656 Χαιρή-

181 2678 305 2715 μονος
338 2659 408 2718 (fr.
441 2666 497 2704 20
527 2658 703 2718 Nauck.)
735 2664 846 2703 VAE
880 2677 957 2704 sec.
988 2665 1158 2704 Heoren.
1198 2659 1279 2703 ‘vix
1311 2659 1458 2703 credo'.
1491 2663 1763 2703 Wachsm.—

183 2725 207 2763 3
240 2724 387 2764 lemma
418 2723 543 2763 deest.
581 2723 733 2775 τυφλόν
770 2739 813 2777 γε
845 2722 912 2764 καὶ
951 2723 1150 2776 δύστηνον
1181 2722 1404 2777 ἀνθρώπου
1443 2722 1532 2774 βίος
1565 2723 1763 2764 Stobaeus

180 2783 319 2824 Floril.
353 2786 422 2835 98,
458 2786 508 2823 11
545 2783 795 2836 Μενάνδρου
829 2785 876 2824 Α.
909 2787 1077 2824 monost.
1113 2785 1197 2823 718
1232 2782 1466 2835 ἀνθρώποις
1497 2782 1606 2835 τύχη.

303 2846 340 2883 1.
372 2846 544 2884 monost.
567 2846 652 2884 489
679 2842 727 2883 τὰ
751 2843 884 2896 θνητὰ
914 2844 1044 2884 πάντα
1069 2859 1108 2895 μ.
1134 2857 1175 2883 π.
1202 2841 1290 2896 ἔχει.
1322 2843 1461 2894 Eurip.
1489 2843 1537 2882 fr.
1559 2845 1642 2883 553
1676 2841 1759 2884 ἀλλ’

182 2896 287 2956 ἦμαρ
318 2901 362 2942 ἕν
393 2918 452 2943 τοι
482 2906 560 2943 κτλ.
625 2906 662 2943 2.
693 2918 737 2958 γε
770 2918 846 2945 om.
872 2905 915 2944 P.
949 2902 991 2944 δὲ
1022 2906 1193 2944 monost.
1223 2905 1319 2944 718.
1369 2917 1405 2942 τι
1438 2902 1764 2956 G.A.Hirschig.

181 2962 285 3003 Ann.
325 2964 412 3004 crit.
447 2965 514 3003 24.
565 2963 782 3017 δύστηνον]
823 2963 1017 3016 δυσήνιον
1057 2963 1221 3003 Usener.
1279 2961 1480 3015 δυσήκοον
1518 2963 1763 3004 Heimsoeth.
