2014 3334
273 235 328 276 14
556 250 561 254 ·
812 231 817 234 ’
901 229 1197 265 MENANAPOT

1020 339 1077 381 34

389 430 531 468 Suidas
564 425 805 479 ἀληθέστερα
842 431 918 464 τῶν
950 423 1013 463 ε’πὶ
1043 423 1199 478 Σάγρᾳ·
1242 421 1433 474 παροιμία
1464 415 1636 461 &vi-⁷:051}
1667 420 1834 472 ἀληθῶν

271 488 362 541 μέν,
400 487 448 528 οὐ
486 484 776 538 πιστευομένων
815 483 868 524 δέ.
929 482 1119 535 μέμνηται
1156 487 1224 533 τῆς
1261 481 1473 533 παροιμίας
1510 479 1754 533 Μένανδρος
1792 478 1835 519 ἐν

266 545 547 602 Ἀνατιθεμένῃ
609 543 671 600 (ἐν
710 541 990 598 Ἀνατιθεμένη
1030 556 1105 581 om.
1138 536 1200 595 C).
1262 541 1402 591 Aposb.
1436 542 1480 591 2,
1515 543 1567 579 12
1606 539 1665 580 ἀλ.
1702 555 1734 579 τ.
1772 537 1836 578 ἐπὶ

271 611 311 647 Σ
340 638 348 646 .
369 638 378 646 .
399 637 408 646 .
440 604 629 658 μέμνηται
659 610 727 656 τῆς
757 603 968 655 παροιμίας
1000 599 1241 653 Μένανδρος
1273 599 1316 639 ἐν
1342 596 1638 655 Ἀνατιθεμένῃ.
1689 600 1832 639 Zenob.

273 670 309 715 2,
345 670 395 706 17
430 665 489 705 ἀλ.
520 681 549 704 τ.
582 664 644 704 ἐπὶ
676 667 724 702 Σ.
773 663 915 713 ταύτης
951 659 1141 712 μέμνηται
1179 658 1432 711 Μένανδρος.
1482 660 1530 698 ef.
1558 659 1708 698 Cratin.
1735 661 1833 698 442.

271 727 425 766 Alexid.
459 727 555 765 305.

1025 801 1082 842 35

391 891 682 941 Harpocration
715 891 795 928 127
837 886 1050 938 μετοίκιον·
1082 883 1325 937 Μένανδρος
1356 883 1398 923 ἐν
1426 881 1711 939 Ἀνατιθεμένῃ
1745 914 1752 922 .
1785 913 1794 922 .
1827 913 1836 922 .

271 950 368 1001 πρὸς
386 953 468 996 ταῖς
488 946 546 1001 ιβ’
566 949 754 1000 δραχμαῖς
772 946 838 986 καὶ
856 945 1071 998 τριώβολόν
1091 956 1191 996 φησι
1208 944 1373 992 τούτους
1392 940 1436 997 (i.
1450 957 1482 983 e.
1501 942 1593 990 τοὺς
1612 940 1836 995 μετοίκους)

271 1013 406 1059 τελεῖν,
438 1009 529 1056 ἴσως
559 1011 611 1064 τῷ
643 1007 788 1061 τελώνῃ
821 1001 892 1060 (τῷ
923 1008 1143 1058 γραμματεῖ
1166 1005 1267 1044 ΡοΠ.
1290 1006 1326 1054 3,
1356 1000 1445 1057 55).
1508 1003 1647 1043 eadem
1679 1003 1836 1042 omissis

272 1072 406 1108 tamen
438 1069 668 1107 fabularum
698 1066 830 1106 titulis
862 1068 902 1104 eh
933 1065 1063 1103 tribus
1094 1064 1227 1103 verbis
1259 1064 1446 1102 extremis
1479 1063 1648 1101 Phoiius
1681 1064 1778 1112 263,
1810 1063 1835 1101 3

272 1131 312 1166 et
345 1129 498 1166 Sm'das.
531 1128 579 1166 cf.
598 1127 770 1166 Boeekh.
804 1124 892 1164 Oee.
913 1125 997 1163 Ait.
1018 1123 1037 1162 I
1059 1125 1156 1162 446.
1190 1123 1437 1162 Schoemami
1469 1122 1562 1161 Ant.
1594 1116 1672 1172 gr.2
1693 1121 1712 1159 I
1741 1123 1837 1160 366.

1027 1240 1082 1281 36

559 1305 662 1343 ἴσσα

390 1386 616 1439 ἐπίφθεγμα
641 1384 703 1426 ἐπὶ
727 1391 805 1424 τῶν
831 1383 1107 1436 ἀπολαχόντων
1133 1382 1199 1422 καὶ
1224 1382 1323 1430 ὅλως
1349 1381 1704 1435 δυσπραγούντων.
1761 1380 1839 1422 ἔστι

272 1445 337 1485 καὶ
368 1445 409 1485 ἐν
435 1446 646 1501 Μεσσηνία
672 1444 918 1495 Μενάνδρου
951 1442 1016 1482 καὶ
1041 1441 1214 1495 ἑτέρωθι.
1270 1443 1438 1482 Photius
1463 1444 1562 1489 114,
1587 1444 1609 1481 7
1633 1444 1673 1480 et
1693 1441 1837 1480 Sm'das

274 1501 362 1559 (qui
394 1507 415 1552 ζ
442 1501 670 1558 λαχόντων).
720 1506 767 1543 ef.
787 1504 889 1542 Plab.
910 1517 1007 1543 eom.
1030 1505 1095 1542 66.
1145 1503 1298 1541 Nauck.
1320 1503 1526 1551 Aristoph.
1546 1502 1643 1552 Byz.
1669 1503 1763 1540 161.
1783 1522 1832 1527 -—

274 1565 508 1603 exclamatio
540 1565 745 1605 hominum
778 1564 917 1602 alienis
948 1563 1064 1601 malis
1096 1562 1369 1613 gaudentium.

1030 1678 1084 1719 37

394 1766 561 1804 Phobius
593 1767 633 1803 ei:
665 1765 807 1803 Suidas
838 1764 971 1815 ψύλλα
1001 1761 1067 1802 καὶ
1097 1762 1262 1814 ψύλλαι·
1293 1765 1495 1814 θηλυκῶς·
1528 1760 1636 1814 παρὰ
1668 1759 1710 1800 δὲ
1722 1758 1841 1813 ‘Heo—

277 1824 375 1879 δότῳ
420 1821 482 1877 (4,
518 1820 620 1877 173)
668 1823 838 1874 Ψύλλοι,
882 1822 1002 1870 ἔθνος
1044 1822 1219 1875 Λιβύης,
1262 1821 1328 1861 καὶ
1370 1820 1412 1861 τὸ
1457 1820 1499 1860 ἐν
1537 1826 1583 1876 τῇ
1628 1820 1842 1876 Μεσσηνία

274 1883 518 1934 Μενάνδρου
555 1882 694 1935 κύριον
733 1881 868 1934 ὄνομα.
930 1879 1107 1932 ‘Psyllus
1145 1882 1299 1921 lenonis
1331 1894 1475 1920 nomen
1506 1884 1568 1920 est
1598 1881 1641 1920 in
1672 1881 1837 1919 Anthol.

271 1943 397 1981 Palat.
433 1946 469 1993 7,
501 1939 613 1983 403⁹.
664 1942 782 1981 Mein.
839 1943 975 1992 Sheph.
1005 1943 1100 1992 Byz.
1138 1940 1309 1991 Ψύλλοι,
1345 1939 1412 1979 καὶ
1456 1939 1652 1987 Ψυλλικὸς
1690 1939 1838 1986 κόλπος

274 2000 316 2040 ἐν
341 2004 393 2057 τῷ
424 2002 591 2057 Λιβυκῷ
622 2001 764 2057 κόλπῳ.

967 2115 1142 2148 ΑΝΔΡΙΑ

391 2192 545 2230 Terent.
578 2191 700 2229 Andr.
731 2191 832 2240 prol.
865 2192 888 2229 9
927 2191 1141 2228 Menander
1171 2190 1260 2238 feeit
1288 2185 1486 2228 'Andriam
1518 2192 1551 2227 et
1574 2189 1839 2228 Perinthiam}

273 2253 338 2298 qai
367 2252 556 2289 utramvis
579 2254 677 2288 reete
700 2245 814 2293 norit,
846 2251 981 2288 ambas
1004 2249 1172 2295 noverit,-
1202 2261 1280 2287 non
1304 2250 1361 2287 ita
1392 2250 1573 2288 dissimili
1601 2249 1691 2287 sant
1717 2260 1836 2297 arqa—
1898 2291 1901 2294 ‚

273 2313 407 2354 mento,
439 2312 480 2348 at
510 2313 636 2348 tamen
667 2310 846 2348 dissimili
877 2309 1047 2347 oratio'ne
1076 2311 1168 2346 sant
1197 2309 1324 2355 factae
1355 2308 1389 2346 e't
1418 2309 1514 2347 stilo.
1578 2319 1677 2355 qaae
1709 2307 1839 2346 etinve-

272 2380 362 2407 nere
390 2371 433 2407 in
462 2365 659 2407 'Andriam
696 2380 740 2406 ex
770 2368 970 2406 Perinthia
1006 2367 1149 2415 fate'tur
1186 2368 1430 2406 transtulisse
1469 2370 1580 2415 atque
1618 2379 1734 2405 asum
1763 2367 1841 2415 pro

275 2429 365 2467 sais.
439 2428 619 2467 Donatus
666 2427 717 2465 ad
760 2441 795 2466 v.
843 2429 896 2466 10
940 2428 1074 2475 prima
1117 2438 1258 2465 scaena
1306 2427 1526 2465 Perinthiae
1575 2427 1656 2474 fere
1699 2427 1839 2473 eisdem

275 2489 399 2525 verbis
442 2489 578 2534 quibas
608 2486 766 2525 Andria
809 2488 954 2534 scripta
999 2489 1073 2532 est,·
1117 2489 1242 2524 cetera
1286 2487 1493 2524 dissimilia
1534 2489 1640 2530 sant,
1682 2487 1843 2533 (πεφύτε-

278 2547 425 2584 duobus
458 2547 568 2596 loeis,
613 2547 731 2584 altero
775 2547 827 2584 ad
868 2557 1002 2584 versus
1035 2545 1118 2589 XI,
1162 2546 1281 2583 altero
1313 2546 1365 2584 ad
1394 2557 1528 2598 versus
1562 2545 1662 2589 XX,
1706 2546 1772 2593 qui
1801 2546 1845 2583 in

274 2608 435 2652 atraque
474 2606 609 2653 fabula
639 2606 758 2653 positi
793 2608 892 2643 swnt.
953 2605 1060 2643 idem
1097 2604 1148 2643 ad
1182 2618 1218 2644 v.
1252 2606 1304 2643 13
1339 2606 1511 2644 conscias
1550 2605 1624 2643 sibi
1663 2596 1716 2642 est
1747 2598 1842 2657 (Te-

277 2659 449 2715 rentius)
488 2666 662 2711 primam
700 2676 880 2703 scaenam
917 2664 962 2702 de
992 2664 1193 2708 Perinthia
1231 2675 1309 2702 esse
1345 2665 1595 2714 translatam,
1628 2664 1696 2702 abi
1730 2674 1845 2701 senex

277 2724 334 2761 ita
365 2734 450 2760 cum
479 2734 597 2761 uxore
619 2724 797 2771 loquitar,
829 2726 873 2761 at
896 2724 1002 2772 apud
1023 2723 1243 2762 Terentium
1274 2735 1360 2762 cum
1379 2724 1527 2762 liberto:
1563 2725 1604 2761 at
1625 2724 1667 2761 in
1685 2721 1845 2761 Andria

277 2782 490 2819 Menandri
531 2783 633 2820 solus
675 2794 787 2820 senex
826 2785 889 2821 est.
952 2795 998 2820 ae
1030 2782 1269 2821 didascalia:
1310 2794 1453 2830 yraeea
1495 2782 1733 2820 Menandra.
1794 2780 1842 2819 ef.

277 2839 458 2879 Grauert.
478 2840 594 2878 Anal.
614 2854 651 2890 p.
675 2843 755 2880 173
773 2853 829 2891 sq.
861 2841 972 2891 prius
1006 2854 1030 2879 a
1060 2841 1277 2880 Menandro
1311 2841 1500 2891 scriptam
1531 2853 1616 2880 esse
1646 2839 1844 2878 Andriam

276 2903 323 2936 ub
343 2899 620 2948 simpliciorem
640 2900 819 2938 fabulam
841 2900 1062 2938 arbitratur
1082 2898 1220 2939 'Uinius
1243 2894 1421 2954 (Quaest.
1443 2901 1600 2939 Terent.
1623 2896 1684 2947 9),
1705 2901 1845 2946 posbea
