2014 3334
625 210 912 248 ΣΤΝΤΡΟΦΟΙ
938 230 985 237 -
1010 211 1329 247 ΧΟΡΕΤΟΤΣΑΙ
1680 211 1767 254 343

361 331 381 364 5
404 320 653 374 ἀλαζονεία·
684 321 735 364 τὸ
766 318 871 365 καθ’
909 320 1014 365 ὅλου
1046 316 1095 364 δὲ
1125 326 1216 364 τῶν
1247 327 1416 377 τεχνῶν

404 392 505 444 ὄψει
536 393 698 449 σχεδόν
729 407 772 436 τι
802 389 933 436 τοῦθ’
968 391 1233 448 ἡγούμενον.

402 464 584 520 ξεναγὸς
615 460 762 520 οὗτος,
794 464 915 516 ὅστις
946 462 1003 507 ἂν
1032 462 1205 521 θώρακ’
1242 466 1318 522 ἔχῃ

401 535 655 593 φολιδωτὸν
686 535 713 592 ἢ
747 536 968 592 δράκοντα
1000 534 1378 593 σεσιδηρωμένον,

401 607 546 664 ἐφάνη
578 608 820 665 Βριάρεως,
853 607 909 651 ἂν
927 608 1050 665 ,τύχῃ
1083 605 1124 651 δ’
1161 606 1282 652 ἐστὶν
1314 609 1469 664 λαγώς.

340 691 383 724 10
403 679 427 724 ὁ
458 680 668 738 μάγειρος
698 678 756 723 ἂν
786 677 869 736 μὲν
898 679 1228 731 ὑποδιακόνους
1259 681 1372 736 ἔχων

398 752 510 808 πρὸς
538 752 618 795 τὸν
650 752 834 808 ἰδιώτην
865 750 939 796 καὶ
970 752 1173 808 μαθητὰς
1204 753 1334 809 εἰσίῃ,

399 825 748 882 κυμινοπρίστας
778 816 946 876 πάντας
977 823 1004 880 ἢ
1038 826 1195 880 λιμοὺς
1225 827 1388 880 καλῶν,

399 895 545 952 ἔπτηξ’
581 895 762 948 ἕκαστος
793 896 944 948 εὐθύς.
1007 895 1064 939 ἂν
1096 894 1138 939 δ’
1175 895 1396 952 ἀληθινὸν

399 968 565 1011 σαυτὸν
595 968 895 1026 παραβάλλῃς,
927 966 1002 1012 καὶ
1033 967 1352 1025 προσεκδαρεὶς
1382 970 1495 1012 ἄπει.

337 1050 377 1082 15
398 1039 506 1097 ὅπερ
539 1036 623 1084 οὖν
656 1039 901 1097 ὑπεθέμην,
933 1046 993 1099 τῷ
1025 1046 1139 1100 κενῷ
1172 1041 1322 1098 χώραν
1355 1042 1498 1084 δίδου.

396 1110 469 1155 καὶ
499 1112 554 1154 τὰ
585 1113 779 1169 στόματα
809 1114 1000 1168 γίνωσκε
1031 1119 1122 1155 τῶν
1153 1110 1455 1169 κεκλημένων·

397 1184 544 1241 ὥσπερ
576 1184 662 1242 γὰρ
694 1186 757 1236 εἰς
787 1184 1023 1242 τάμπόρια,
1054 1190 1132 1240 τῆς
1161 1183 1317 1241 τέχνης
1347 1183 1484 1242 πέρας

395 1254 516 1299 τοῦτ’
553 1258 689 1312 ἔστιν,
722 1255 778 1300 ἂν
809 1253 860 1300 εὖ
891 1256 1182 1314 προσδράμῃς
1213 1257 1325 1313 πρὸς
1355 1258 1404 1300 τὸ
1437 1259 1588 1314 στόμα.

397 1327 695 1385 διακονοῦμεν
726 1334 813 1372 νῦν
843 1329 1023 1385 γάμους.
1086 1328 1136 1371 τὸ
1167 1332 1295 1383 θῦμα
1325 1330 1449 1385 βοῦς,

331 1409 376 1442 20
397 1399 422 1443 ὁ
454 1400 610 1451 διδοὺς
641 1399 873 1456 ἐπιφανής,
906 1398 1126 1456 ἐπιφανὴς
1157 1399 1180 1443 ὁ
1215 1400 1469 1456 λαμβάνων.

393 1471 566 1515 τούτων
597 1478 804 1527 γυναῖκες
837 1469 993 1529 ἱέρειαι
1023 1476 1076 1528 τῇ
1106 1475 1194 1529 θεᾷ
1227 1473 1343 1525 θεοί,

315 1587 319 1589 ,
392 1544 677 1600 κορύβαντες,
709 1543 867 1599 αὐλοί,’
886 1544 1170 1600 παννυχίδες,
1203 1543 1480 1601 ἀναστροφή·

395 1615 670 1672 ἱππόδρομος
701 1611 832 1666 οὗτός
863 1614 961 1658 ε’στί
988 1626 1060 1659 σοι
1092 1621 1360 1672 μαγειρικῆς.

394 1685 593 1743 μέμνησο
623 1685 698 1730 καὶ
731 1688 788 1730 σὺ
819 1692 963 1731 τοῦτο.

296 1774 530 1814 Athenaeus
565 1777 603 1825 9,
636 1777 751 1814 376e
783 1774 1058 1822 Ποσείδιππος
1090 1770 1168 1828 (sio
1193 1770 1250 1830 A)
1281 1773 1325 1816 ἐν
1359 1775 1654 1829 Χορευούσαις·
1687 1777 1761 1829 μά-

179 1848 307 1886 γειρος
333 1830 370 1873 δ’
406 1832 510 1874 ἐστὶν
535 1832 556 1874 ὅ
582 1832 706 1887 λέγων
737 1833 836 1887 πρὸς
866 1833 961 1883 τοὺς
992 1833 1176 1886 μαθητὰς
1207 1834 1299 1875 τάδε
1318 1838 1397 1876 κτλ.
1457 1851 1493 1876 v.
1524 1839 1577 1876 12
1611 1837 1760 1877 Eusta—

179 1893 288 1933 thius
324 1895 456 1945 1828,
490 1896 514 1934 6
559 1893 755 1945 φειδωλὸς
781 1925 790 1934 .
817 1926 825 1933 .
856 1924 864 1933 .
887 1892 954 1933 καὶ
995 1894 1326 1948 κυμινοπρίστης,
1363 1894 1418 1935 ἔτι
1456 1893 1499 1935 δὲ
1536 1894 1602 1936 καὶ
1639 1897 1761 1948 λιμός.

177 1955 355 1994 ν.1-7
384 1954 487 1993 med.
520 1956 561 1993 et
594 1955 767 1994 19—-24
801 1968 876 1994 om.
903 1953 945 1994 O.
1009 1957 1047 1994 3.
1080 1957 1211 1994 λαλεῖν
1236 1954 1288 2005 L]
1321 1953 1453 1995 ἀλλειν
1485 1955 1535 1996 Α.
1598 1958 1636 1996 5.
1668 1955 1760 1996 ἀλα-

179 2012 326 2060 ζονείαι
357 2015 398 2052 et
428 2012 607 2054 καθόλου
633 2014 682 2054 Α.
764 2016 800 2054 6.
834 2011 926 2065 ὄψει
964 2012 1104 2066 σχεδόν
1141 2028 1177 2054 τι
1207 2014 1340 2055 πάντα
1371 2015 1535 2055 Porson.
1575 2013 1688 2067 ὄψεις
1720 2014 1757 2056 δ’

178 2070 306 2124 ε’χοντι
335 2073 385 2112 A.
445 2072 575 2113 πάντα
607 2074 775 2114 dubium
809 2074 976 2114 videtur.
1043 2077 1081 2114 7.
1113 2069 1257 2122 οἷονξ.
1286 2069 1413 2126 οὗτος,
1445 2090 1496 2114 αν
1520 2079 1564 2115 θ.
1596 2074 1664 2132 ἔχῃ
1698 2078 1761 2117 vel

178 2132 210 2180 ξ.
230 2126 360 2183 οὗτος,
390 2129 498 2184 ‘qvia’
533 2131 584 2173 ἂν
603 2134 722 2174 Mein.
773 2135 944 2174 fortasse
972 2133 1002 2182 ξ.
1024 2128 1140 2182 οὗτος
1171 2131 1341 2186 αυτίκ’,
1375 2150 1426 2174 αν
1445 2138 1523 2174 κτλ.
1565 2137 1614 2176 of.
1634 2137 1760 2176 Arist.

178 2193 252 2232 Av.
275 2194 358 2232 166
379 2205 470 2232 cum
491 2193 549 2233 eis
570 2207 671 2244 quae
692 2194 896 2234 adnotavi.
954 2196 992 2233 9.
1018 2209 1071 2234 αν
1101 2192 1216 2250 τύχῃ]
1250 2193 1301 2234 ἐν
1332 2194 1454 2251 μάχῃ
1479 2195 1529 2236 K.
1566 2196 1614 2235 cf.
1635 2196 1759 2236 Arist.

176 2252 410 2293 Pac.1190.
461 2255 541 2293 10.
573 2268 623 2292 αν
643 2252 797 2304 Dindf.]
825 2252 895 2294 ἐὰν
914 2253 995 2294 AO.
1060 2256 1127 2294 12.
1158 2256 1290 2294 καλῶν
1311 2254 1423 2295 Gr.ot
1444 2255 1632 2306 Excerpt.
1654 2255 1757 2307 817]

177 2314 316 2359 καλῶς.
411 2314 477 2353 13.
515 2309 646 2364 ἔπτηξ’
689 2312 878 2365 Casaub]
923 2310 1069 2365 ἔπτηξ’
1104 2314 1153 2354 Α.
1212 2310 1329 2354 ἔπειτ’
1370 2309 1464 2367 ηξεν
1495 2314 1537 2355 C.
1599 2313 1760 2364 ἕκαστος

179 2369 305 2420 ευθὺς
324 2385 401 2413 om.
414 2371 456 2412 C.
488 2388 540 2412 αν
559 2371 712 2424 Dindf.]
738 2371 809 2413 ἐὰν
828 2373 909 2415 ΑΟ.
980 2375 1046 2414 14.
1084 2374 1371 2430 παραβάλῃς-Ο.
1403 2374 1686 2449 προσεκδαρεὶς
1703 2375 1758 2427 Α]

178 2429 277 2484 πρὸς
301 2429 477 2485 ἕκδαρεὶς
496 2433 634 2473 Dindf.
698 2435 765 2474 16.
791 2432 961 2486 στόματα
980 2432 1169 2484 casaub]
1197 2433 1335 2486 στόμια
1354 2434 1403 2474 Α.
1467 2437 1534 2475 18.
1566 2450 1617 2474 αν
1642 2429 1687 2475 εὖ
1709 2435 1757 2486 C]

177 2488 275 2531 άνευ
300 2491 351 2532 A.
437 2494 505 2533 21.
541 2490 728 2546 γυναῖκές
764 2489 837 2533 εἰσ’
881 2494 1062 2533 Erfurdt.
1095 2493 1188 2534 Obs.
1221 2496 1320 2534 441.
1370 2499 1415 2549 τῃ
1447 2497 1526 2550 θεᾷ
1562 2493 1671 2545 θεοί]
1713 2500 1758 2550 τῇ

178 2552 263 2607 θεῷ
295 2550 406 2591 Grot.
468 2552 517 2592 cf.
549 2551 687 2592 Cobet.
718 2553 768 2593 N.
800 2554 826 2593 1.
860 2555 928 2594 26.
957 2556 994 2594 7.
1024 2568 1115 2607 γυν.
1164 2548 1300 2606 ἱέρειαι
1335 2554 1435 2610 Θεᾷ,
1477 2555 1564 2611 Θεῷ
1596 2555 1757 2594 Wilam.

179 2624 242 2662 ap.
272 2610 429 2651 Kaibol.
459 2612 561 2652 conl.
590 2612 772 2653 Dittenb.
803 2613 902 2665 Syll.
927 2613 1046 2654 inser.
1070 2615 1136 2666 13,
1169 2615 1237 2654 39.
1301 2616 1367 2654 23.
1400 2629 1467 2666 μοι
1499 2614 1618 2655 Mein.
1637 2614 1757 2655 Anal.

179 2670 277 2713 Ath.
304 2672 402 2712 165.
444 2673 532 2712 ,24
563 2677 694 2724 τοῦτο,
723 2685 806 2714 non
835 2673 956 2725 τουτί,
987 2674 1036 2714 A.

300 2732 339 2771 6.
370 2731 419 2770 cf.
451 2730 623 2783 Sosipat.
654 2734 724 2773 47.
807 2736 842 2774 7.
875 2734 1048 2786 Hesych.
1087 2732 1265 2786 ξεναγός·
1304 2730 1325 2773 ὁ
1357 2739 1435 2774 τῶν
1473 2731 1597 2782 ξένων
1634 2731 1757 2788 ηγού·

179 2804 306 2841 μενος.
363 2792 442 2831 dux
478 2794 842 2833 mercennariorum.
892 2794 942 2834 of.
974 2806 1076 2845 quae
1114 2794 1164 2832 ad
1197 2793 1406 2832 Menandri
1437 2791 1657 2847 Ξενολόγον
1689 2796 1756 2834 ad-

178 2852 383 2890 notantur.
464 2853 502 2891 9.
533 2850 753 2904 Βριάρεως,
795 2855 845 2893 cf.
871 2854 1037 2893 Timool.
1067 2855 1134 2904 12,
1161 2855 1198 2892 4.
1267 2853 1399 2893 Plaut.
1425 2854 1545 2893 Poen.
1568 2855 1607 2905 5,
1629 2857 1666 2903 5,
1687 2857 1756 2894 41.

183 2910 249 2949 12.
280 2909 433 2962 λιμούς,
464 2906 692 2961 ‘famelicos'
718 2913 837 2954 Mein.
902 2915 968 2954 13.
1000 2911 1198 2965 ἀληθινὸν
1237 2925 1409 2966 coquum
1440 2913 1539 2953 dicit
1570 2914 1639 2967 qui
1672 2915 1755 2956 sine
