2014 3334
861 226 960 259 ΤΗΣ
986 225 1196 259 ΑΡΧΑΙΑΣ
1723 221 1811 265 407

235 339 448 389 διυπνίσας
478 338 680 393 ῥύσασθαι
709 336 753 378 τὸ
778 342 857 378 τῶν
888 335 1119 390 ἀνθρώπων
1143 334 1257 390 γένος
1282 333 1325 376 ἐκ
1349 340 1504 376 κακῶν.
1525 330 1658 375 μ’ἆλλ
1694 332 1715 375 ὁ
1741 331 1814 387 μὲν

233 398 423 458 κωμῳδὸς
466 398 510 441 ἐν
552 400 606 456 τῷ
648 397 804 454 θεάτρῳ
847 399 1120 451 γελωτοποιῶν
1158 394 1410 450 συνέγραψεν
1449 395 1507 436 ὅτι
1545 393 1667 443 Ζεὺς
1706 393 1812 444 ἐξυ-

232 442 461 508 πνισθεὶς
475 440 757 510 Ἀθηναίοις
779 456 858 498 καὶ
877 456 1290 508 Λακεδαιμονίοις
1315 454 1396 496 τὸν
1414 452 1594 508 Ἑρμῆν
1619 453 1811 507 ἔπεμψε.

234 533 336 572 quae
373 520 497 560 verba.
528 521 615 559 330
648 519 704 558 sio
736 518 900 569 repetit.
940 515 960 558 ὅ
993 514 1065 569 μὲν
1103 511 1178 557 οὖν
1208 514 1398 572 κωμῳδὸς
1437 518 1712 569 γελωτοποιῶν
1742 513 1812 555 τὸν

233 580 314 620 Δία
343 578 594 632 κοιμώμενον
619 578 808 629 πεποίηκε
839 575 906 617 καὶ
932 575 1237 628 διυπνιζόμενον
1263 574 1328 616 καὶ
1359 573 1566 628 πέμποντα
1595 573 1694 628 πρὸς
1719 574 1812 623 τοὺς

221 636 420 691 Ἕλληνας
437 637 506 679 τὸν
518 635 683 693 Ἑρμῆν.
736 637 927 678 indicavit
948 637 1084 678 Cobet..
1098 637 1242 676 Mnem.
1261 636 1358 675 VIII
1379 638 1478 676 419.
1500 637 1567 675 20.
1601 636 1811 675 emendare

230 700 377 751 possis:
410 696 431 739 δ
452 697 553 747 Ζεὺς
571 695 903 749 ἀφυπνισθεὶς
930 696 936 747 Ι
964 696 1300 748 Λακεδαιμονίοις
1323 693 1391 735 καὶ
1409 692 1643 747 Ἀθηναίοις
1668 693 1811 735 ἐλεῶν

224 755 378 812 Ἑρμῆν
407 756 714 811 κατέπεμψεν.
764 757 834 797 sed
864 758 993 809 magis
1025 757 1143 797 oredo
1170 756 1329 796 Celsum
1355 760 1625 806 aryumentum
1656 768 1810 796 comoe-

158 817 176 831 ⁸
231 819 319 859 diae
351 819 559 871 antiquae,
599 819 769 858 fortasse
803 817 1139 868 Aristophaneae,
1179 816 1356 857 breviter
1387 816 1647 855 adumbrasse
1688 829 1811 867 quam

231 879 393 931 singula
423 878 547 919 verba
577 891 624 918 ex
655 891 704 918 ea
735 877 991 928 excerpsisse.
1043 878 1093 916 of.
1124 877 1207 916 Leo
1239 877 1341 916 Mus.
1367 875 1492 931 Eheu.
1512 875 1688 915 XXXIII
1711 877 1809 916 413.

234 940 301 979 14.
351 939 502 979 scilicet
537 951 601 978 res
633 938 879 978 Graecorum
909 940 1030 988 poeta.
1066 937 1237 976 finxerat
1268 947 1512 988 magnopere
1550 937 1810 988 perturbatas

230 1011 317 1039 esse
350 1012 414 1048 eo,
455 998 563 1051 quod
600 998 783 1050 Iuppiter
813 998 1036 1048 paullisper
1074 996 1395 1038 obdormivisset.
1434 997 1485 1035 ad
1517 996 1808 1036 restituendam

229 1058 358 1110 igitur
377 1058 566 1099 Graeciae
590 1058 763 1098 salutem
782 1058 1027 1097 Mercurium
1046 1057 1215 1097 missum
1240 1069 1337 1096 esse.
1368 1058 1548 1109 nugatur
1568 1056 1809 1096 Zielinskius

229 1118 332 1158 Mus.
362 1118 489 1159 Rhen.
526 1117 760 1158 XXXVIIII
799 1119 884 1158 306
897 1131 954 1169 sq.
996 1119 1148 1158 temore
1194 1117 1292 1157 haee
1339 1129 1429 1156 cum
1469 1115 1624 1157 Cratini
1667 1117 1809 1166 Pytine

229 1178 526 1231 conglutinans.
576 1180 756 1218 ceterum
788 1178 838 1218 cf.
869 1177 1002 1229 adesp.
1035 1178 1135 1218 815.

989 1293 1048 1336 44

257 1377 341 1435 τὴν
372 1378 684 1435 λαμπροτάτην
715 1379 889 1421 πόλεων
919 1384 1075 1420 πασῶν
1107 1376 1273 1428 ὁπόσας
1304 1376 1328 1420 ὁ
1362 1378 1475 1428 Ζεὺς
1507 1375 1755 1433 ἀναφαίνει.

348 1465 581 1505 Athenaeus
616 1467 654 1516 1,
688 1466 777 1505 20b
817 1462 976 1517 προσέτι
1005 1479 1045 1504 τε
1075 1462 1148 1516 τὴν
1180 1463 1457 1519 λαμπροτάτην
1488 1486 1547 1491 -
1578 1462 1807 1515 ἀναφαίνει,

227 1523 309 1572 τὰς
335 1520 543 1577 Ἀθήνας
573 1522 683 1578 λέγω.

984 1605 1043 1648 45

307 1687 402 1732 ἀλλ’
439 1686 574 1733 οὐδὲν
606 1690 676 1733 δεῖ
704 1689 823 1745 παρὰ
853 1689 933 1732 τὸν
964 1690 1116 1745 βωμὸν
1147 1690 1380 1744 βαστάζειν
1409 1690 1488 1740 τὰς
1520 1688 1727 1740 ἐπινοίας.

347 1776 543 1816 Zenobius
580 1780 616 1826 1,
650 1779 702 1817 66
737 1771 820 1816 ἀλλ’
855 1773 975 1816 οὐδὲν
1008 1776 1074 1816 δεῖ
1097 1775 1205 1828 παρὰ
1235 1775 1304 1816 τὸν
1335 1775 1472 1829 βωμόν
1506 1788 1548 1816 σε
1579 1776 1804 1829 βουλεύειν·

228 1834 286 1875 ὅτι
310 1834 364 1887 μὴ
391 1834 462 1888 χρὴ
489 1834 532 1875 έν
558 1834 692 1884 αὐτοῖς
717 1838 798 1883 τοῖς
821 1834 1022 1889 πράγμασι
1046 1835 1332 1889 βουλεύεσθαι,
1362 1835 1458 1876 ἀλλὰ
1489 1835 1565 1890 πρὸ
1597 1842 1676 1876 τῶν
1706 1850 1804 1888 πρα-

226 1895 397 1948 γμάτων.
451 1894 629 1948 παρόσον
659 1893 727 1935 καὶ
752 1895 794 1935 οἱ
819 1893 867 1934 τὰ
898 1895 1019 1949 ἱερεῖα
1049 1895 1314 1949 προσάγοντες
1345 1894 1422 1950 πρὸ
1453 1901 1524 1936 τοῦ
1555 1895 1805 1948 καλλιερῆσαι

227 1954 498 2008 βουλεύονται.
559 1953 696 2008 βωμὸν
733 1954 939 2007 βαστάζειν
976 1954 1044 2003 τὰς
1075 1954 1252 2003 ἐπινοίας
1278 1955 1326 2006 O]
1366 1954 1503 2008 βωμὸν
1534 1956 1740 2008 βαστάζειν
1773 1957 1803 1995 Ρ

227 2011 453 2068 (βουλεύειν
475 2010 611 2069 mrg.).
642 2013 780 2067 βωμὸν
810 2013 878 2063 τὰς
904 2013 1080 2063 ἐπινοίας
1106 2016 1148 2055 Β.
1187 2015 1425 2066 Diogenian.
1447 2018 1484 2067 2,
1514 2018 1567 2055 14
1601 2011 1803 2069 (Apostol.

229 2077 268 2124 2,
293 2069 370 2129 44)
401 2070 496 2115 ἀλλ”
521 2072 641 2115 οὐδὲν
673 2075 739 2115 δεῖ
762 2073 870 2127 περὶ
899 2073 967 2115 τὸν
998 2074 1136 2127 βωμὸν
1167 2074 1235 2123 τὰς
1266 2073 1454 2123 ἐπινοίας.
1499 2075 1665 2127 Gregor.
1683 2075 1803 2127 Cypr.

226 2135 353 2186 Mosq.
372 2136 411 2186 4,
433 2136 489 2175 53
522 2133 572 2175 οὐ
596 2133 705 2187 παρὰ
729 2133 867 2188 βωμὸν
893 2135 958 2175 δεῖ
981 2133 1050 2183 τὰς
1080 2134 1269 2183 ἐπινοίας.
1290 2157 1345 2163 —-
1367 2149 1415 2175 ex
1445 2136 1634 2186 parabasi
1661 2148 1801 2176 versus

226 2196 436 2246 excerptus
467 2198 539 2235 est.

970 2276 1029 2319 46

512 2357 788 2402 ἐπικαττύειν
819 2358 893 2403 καὶ
924 2361 1169 2417 πτερνίζειν

345 2431 393 2472 τὰ
434 2432 584 2473 παλαιὰ
625 2432 903 2483 ἐπισκευάζειν.
958 2431 984 2486 ἡ
1023 2433 1226 2487 μεταφορὰ
1269 2433 1347 2474 ἀπὸ
1384 2440 1462 2474 τῶν
1499 2438 1580 2482 τοῖς
1620 2437 1803 2482 παλαιοῖς

227 2490 481 2544 ὑποδήμασιν
512 2490 621 2546 ἕτερα
651 2493 873 2546 καττύματα
905 2493 971 2534 καὶ
1001 2492 1167 2547 πτέρνας
1197 2493 1516 2546 προσαπτόντων.
1571 2492 1729 2547 λέγουσι
1760 2493 1802 2534 δὲ

227 2549 289 2592 ἐπὶ
326 2557 404 2592 τῶν
440 2550 487 2591 τὰ
523 2551 672 2593 παλαιὰ
708 2559 786 2594 τῶν
818 2554 1027 2607 δραμάτων
1058 2554 1380 2606 μεταποιούντων
1417 2553 1483 2593 καὶ
1514 2553 1800 2607 μεταρραπτόν-

225 2626 315 2651 των.
371 2612 542 2652 Bekker.
571 2612 720 2653 Anecd.
755 2615 823 2666 39,
857 2617 924 2655 19.
976 2615 1219 2666 vituperatio
1252 2614 1401 2654 aemuli
1430 2618 1572 2666 poetae
1605 2627 1652 2652 ex
1683 2627 1800 2665 para-

224 2671 314 2711 basi
345 2672 483 2724 aliqua
513 2675 708 2724 excerpta.

983 2755 1038 2798 47

512 2831 547 2878 ὦ
578 2836 709 2892 μόνοι
741 2833 847 2881 ὦτοι
877 2844 967 2882 τῶν
991 2836 1218 2893 Ἑλλήνων

344 2922 583 2963 Eustathius
624 2925 760 2975 1522,
798 2925 853 2965 56
897 2923 964 2964 καὶ
1008 2919 1099 2964 ὦτοι
1142 2924 1185 2964 οἱ
1224 2922 1337 2964 αὐτοὶ
1377 2919 1446 2978 (οἱ
1484 2919 1674 2979 εὐήθεις)
1718 2924 1797 2966 ἀπὸ
