2014 3334
791 264 959 299 AAHAA
986 264 1250 299 οΠοΤΕΡΑΣ
1711 263 1796 306 491

340 376 471 418 Schol.
502 375 693 430 Hermog.
724 377 850 417 Walz.
882 378 999 418 Rhet.
1030 377 1111 417 IIII
1145 379 1231 419 204
1271 376 1458 426 πολλάκις
1494 374 1594 426 τινὲς
1625 375 1698 426 ἔξω
1729 382 1800 418 τοῦ

218 434 482 490 προκειμένου
513 434 638 490 λέγειν
668 435 755 477 ἔνια
786 435 1111 491 φιλοτιμηθέντες
1143 435 1255 478 αὐτοὶ
1292 434 1392 477 καθ’
1427 435 1593 489 ἑαυτῶν,
1632 437 1800 489 φασίν,

217 499 295 537 κτλ.
344 496 527 549 Append.
558 509 670 548 prov.
704 499 743 550 3,
777 500 833 538 34
878 494 973 538 καθ’
1021 496 1166 539 ἑαυτοῦ
1209 496 1283 549 τὴν
1326 496 1440 538 κόνιν
1483 495 1648 550 ἀμᾶται,
1687 498 1802 538 nulla

218 557 376 598 adiecta
406 556 752 609 interpressatione.

966 663 1053 707 437

910 747 933 790 ὁ
965 746 1047 804 μέν
1078 763 1143 799 τις
1175 745 1398 804 ἀμπέλους

503 826 683 876 τρυγῶν
715 819 784 874 ἄν,
819 818 842 862 ὁ
875 814 916 862 δ’
952 816 1158 876 ἀμέργων
1189 818 1319 870 ἐλάας
1380 852 1389 861 .
1454 854 1461 861 .

243 960 262 1004 ἴ
340 878 581 1006 Εῗείαίιὴίῑιε
603 908 701 956 838,
722 908 777 946 55
812 904 879 960 (ex
897 902 1117 960 Pausania)
1151 903 1336 960 ἀμέργειν
1366 903 1496 959 ἤγουν
1527 908 1801 958 καρπολογεῖν,

218 980 240 1005 ο
258 980 306 1005 ον
336 980 380 1005 κτ
404 995 413 1005 .

956 1047 1043 1091 438

1135 1104 1228 1150 εἶτα
1260 1108 1314 1163 δὴ

505 1180 567 1230 εἰς
598 1181 730 1235 πόλιν
761 1176 878 1232 ἄξεις
910 1179 1043 1235 τήνδε
1074 1179 1157 1235 τὴν
1188 1180 1406 1232 ὀνώνιδα;

336 1267 576 1307 Eustathius
612 1268 738 1326 1788,
771 1269 822 1307 21
869 1264 895 1318 ἡ
933 1265 1041 1321 παρὰ
1077 1269 1131 1324 τῷ
1171 1269 1332 1323 κωμικῷ
1370 1264 1534 1318 ὅνωνις,
1576 1261 1626 1317 ἧς
1663 1271 1798 1319 χρῆσις

217 1323 375 1379 φέρεται
405 1325 513 1378 παρὰ
543 1330 624 1375 τοῖς
654 1329 845 1379 τεχνικοῖς
876 1325 919 1367 τό
950 1329 1053 1367 κτλ..
1081 1358 1090 1367 .
1119 1357 1128 1367 .
1147 1324 1275 1379 ὄνομα
1307 1325 1350 1367 δὲ
1380 1326 1552 1380 βοτάνης
1582 1323 1608 1378 ἡ
1641 1324 1799 1377 ὅνωνις,

219 1382 271 1426 δι’
306 1380 354 1438 ἧς
380 1382 441 1426 ἐπ’
471 1384 610 1443 ἀλογίᾳ
642 1386 735 1435 ἴσως
761 1384 782 1426 ὅ
808 1385 981 1439 κωμικός
1010 1401 1099 1427 τινα
1129 1386 1297 1427 σκώπτει
1328 1385 1395 1427 καὶ
1420 1385 1616 1443 ῥᾳθυμίᾳ,
1648 1384 1702 1434 ὡς
1726 1391 1797 1426 τοῦ

220 1443 318 1486 ὄνου
350 1444 417 1486 καὶ
447 1450 614 1499 νωθροῦ
645 1444 770 1495 ὄντος.
802 1469 860 1474 -
898 1446 952 1495 εἰς
982 1444 1056 1498 τὴν
1086 1446 1203 1487 πόλιν
1234 1447 1368 1487 Dindf.
1402 1447 1457 1495 εἰς
1488 1445 1605 1486 πόλιν
1636 1444 1799 1495 ἀπάξεις

218 1506 335 1546 Mein.
380 1507 487 1546 inter
513 1507 807 1558 Arisbophanea
830 1507 982 1558 recepit
1007 1507 1239 1547 Dindorfius
1263 1522 1302 1559 p.
1331 1509 1414 1548 215
1443 1503 1500 1559 (n.
1528 1501 1647 1561 537).

337 1566 535 1617 Theophr.
548 1567 598 1606 H.
608 1568 661 1617 pl.
675 1569 713 1618 6,
729 1569 767 1618 5,
782 1569 808 1606 4
829 1567 971 1618 φύεται
991 1563 1036 1619 (ἡ
1054 1563 1217 1620 ὅνωνις)
1237 1566 1280 1607 ἐν
1299 1573 1344 1623 τῇ
1363 1567 1524 1623 γλίσχρᾳ
1543 1565 1610 1606 καὶ
1627 1565 1800 1620 γανώδει

218 1624 284 1665 καὶ
315 1625 479 1678 μάλιστα
517 1624 559 1666 ἐν
590 1632 635 1682 τῇ
668 1627 846 1684 σπορίμῳ
883 1625 950 1667 καὶ
980 1625 1277 1684 γεωργουμένη,
1321 1624 1373 1667 δι’
1409 1624 1430 1667 ὃ
1470 1625 1537 1666 καὶ
1567 1624 1798 1679 πολέμιον

215 1688 563 1740 τοῖςγεωργοῖς.
605 1685 673 1727 καὶ
691 1685 770 1727 ἔστι
796 1686 1115 1739 δυσώλεθρος.
1159 1687 1252 1727 ὅταν
1276 1686 1352 1741 γὰρ
1372 1686 1474 1743 λάβῃ
1500 1686 1629 1741 χώρας
1653 1686 1798 1740 βάθος,

218 1743 381 1786 ὠθεῖται
417 1746 520 1786 κάτω
558 1746 685 1795 εὐθὺς
721 1745 786 1787 καὶ
818 1743 914 1787 καθ’
955 1745 1120 1788 ἕκαστον
1159 1746 1243 1796 ἔτος
1279 1746 1502 1799 ἀποφύσεις
1532 1745 1711 1799 ἀφεμένη
1743 1746 1800 1795 εἰς

217 1804 264 1845 τὰ
294 1806 440 1859 πλάγια
471 1806 527 1854 εἰς
555 1805 598 1846 τὸ
631 1804 762 1859 ἕτερον
794 1804 956 1847 ὠθεῖται
986 1807 1102 1847 κάτω.
1154 1808 1203 1847 cf.
1235 1808 1284 1846 H.
1310 1808 1364 1858 pl.
1399 1809 1437 1859 6,
1465 1809 1508 1858 41,
1542 1809 1581 1847 3.
1615 1809 1653 1858 6,
1681 1809 1725 1858 ,5,
1758 1809 1797 1847 3.

218 1866 326 1906 Plut.
351 1866 449 1906 Mor.
482 1868 568 1906 44e
600 1864 680 1906 ἀνὰ
710 1870 934 1919 τρηχεῖαν
967 1865 1142 1907 ὄνωνιν
1170 1863 1175 1921 Ι
1203 1867 1396 1919 φύονται.
1418 1864 1570 1907 ,ἄνθεα
1594 1867 1798 1907 λευκοΐων.

219 1925 320 1965 Plin.
351 1926 400 1965 N.
433 1927 470 1967 h.
504 1929 570 1978 21,
605 1928 660 1967 98
692 1929 828 1967 ononis
853 1939 869 1966 ·.
902 1959 910 1967 .
945 1959 952 1968 .
985 1931 1120 1968 aratro
1157 1930 1317 1968 inimica
1352 1930 1542 1977 vivaxque
1573 1929 1798 1977 praec-apae.

218 1985 471 2025 delectantur
496 1999 544 2026 ea
569 1987 684 2026 asini.
729 1990 791 2027 est
815 1989 951 2028 ononis
976 1990 1163 2033 arvensis,
1231 1988 1357 2027 Fraas
1389 1987 1558 2039 Synops.
1589 1988 1643 2038 pl.
1670 1988 1738 2027 50.
1762 1989 1799 2026 1.

222 2045 435 2085 Herodian.
461 2046 481 2084 I
508 2048 575 2098 96,
610 2048 662 2087 19
685 2043 859 2095 ’Ἀδωνις
890 2046 957 2087 καὶ
988 2044 1145 2099 ὄνωνις,
1177 2042 1282 2095 εἶδος
1313 2045 1510 2099 ἀκάνθης,
1542 2046 1796 2100 βαρύνονται.

218 2105 258 2144 II
281 2106 378 2157 761,
399 2107 422 2145 6
444 2111 577 2154 νεᾶνις
597 2105 780 2155 νεάνιδος
854 2104 999 2156 ὄνῶνις
1018 2104 1230 2156 ὄνώνιδος·
1256 2104 1383 2159 ὄνομα
1403 2104 1446 2147 δὲ
1464 2112 1580 2147 τοῦτο
1600 2105 1798 2159 ἀκάνθης.

219 2160 384 2213 ει’)’νωνις
415 2166 584 2206 fortasse
616 2163 796 2208 recssius'.
852 2168 986 2208 LentZ.
1014 2164 1111 2208 ‘und
1141 2170 1243 2208 diese
1272 2169 1495 2209 wilddiestel
1525 2169 1642 2209 willst
1671 2169 1725 2209 du
1755 2170 1798 2207 in

217 2225 280 2265 die
309 2226 412 2265 stadt
442 2222 648 2277 brinyen?

960 2308 1047 2351 439

1005 2393 1253 2436 Μυκονίων
1284 2392 1415 2448 δίκην

505 2460 840 2507 ἐπεισπέπαικεν
871 2465 934 2516 εἰς
963 2464 1017 2507 τὰ
1047 2466 1284 2521 συμπόσια.

341 2547 486 2590 Suidas
505 2547 823 2591 ἔπεισπέπαικεν·
842 2550 1115 2603 εἰσεπήδησεν,
1134 2551 1332 2604 εἰσῆλθεν.
1358 2547 1646 2605 Ἀριστοφάνης
1665 2550 1797 2592 Πλού-

219 2624 272 2664 τῳ
304 2604 441 2662 (805).
491 2609 557 2649 καὶ
588 2603 710 2658 αὖθις
741 2613 819 2650 κτλ.
870 2614 910 2651 et
941 2610 1165 2659 Μυκώνιος
1196 2611 1333 2665 γείτων
1357 2641 1366 2651 .
1393 2643 1400 2651 .
1429 2609 1527 2651 ,καὶ
1557 2609 1666 2663 ἑτέρα
1696 2625 1797 2664 παρ-

221 2669 346 2720 οιμία·
386 2669 621 2709 Μυκωνίων
653 2670 770 2722 δίκην
800 2673 878 2711 κτλ.
927 2671 1077 2726 εἴρηται
1115 2669 1158 2711 δὲ
1189 2669 1252 2711 ἐπὶ
1277 2676 1355 2711 τῶν
1386 2669 1563 2722 ἀκλήτως
1595 2670 1798 2712 εἰσιόντων

221 2728 276 2776 εἰς
308 2727 355 2768 τὰ
387 2727 598 2780 συμπόσια.
648 2730 882 2771 Athenaeus
905 2734 942 2782 1,
965 2733 1018 2772 7f
1044 2730 1133 2783 περὶ
1151 2729 1392 2781 Περικλέους
1424 2729 1548 2782 φησὶν
1575 2727 1798 2784 Ἀρχίλοχος

221 2786 242 2828 ὅ
274 2788 429 2840 Πάριος
458 2786 624 2840 ποιητὴς
656 2785 873 2844 (Κρατῖνος
909 2789 952 2831 ἐν
979 2787 1216 2843 Ἀρχιλόχοις
1252 2791 1413 2831 Hecker
1443 2791 1587 2830 Philol.
1620 2791 1657 2829 V
1689 2787 1796 2845 483)

221 2845 274 2895 ὡς
305 2846 476 2900 ἀκλήτου
509 2847 805 2898 ἐπεισπαίοντος
836 2850 891 2899 εἰς
921 2850 968 2890 τὰ
999 2850 1199 2903 συμπόσια
1223 2850 1450 2890 Μυκονίων
1483 2850 1610 2902 δίκην.
1652 2851 1795 2891 Iulian.

222 2908 416 2961 Misopog.
451 2909 572 2948 349d
615 2906 639 2960 ἡ
673 2907 860 2962 λεγομένη
892 2910 1106 2959 Μυκόνιος
1150 2909 1332 2964 ἀγροικία
1368 2925 1407 2950 τε
1444 2908 1511 2950 καὶ
1544 2908 1700 2962 ἀμαθία
1730 2909 1796 2951 καὶ

222 2964 433 3021 ἀβελτερίᾳ.
466 2969 514 3008 of.
529 2968 677 3008 Cratin.
696 2971 792 3010 328.
824 2970 1011 3022 Apollod.
1026 2971 1184 3022 Caryst.
1201 2972 1269 3011 12.
1301 2971 1483 3010 Machon.
1498 2973 1536 3010 2.
1559 2992 1608 2998 —
1627 2972 1797 3022 pluralis
