2014 3334
257 255 343 296 310
611 250 614 254 ’
893 252 1196 287 ΦΙΛΙΠΠΙΔΟΤ

1017 362 1072 404 28

472 447 660 503 αἰσχρὰν
691 441 866 501 γυναῖκ’
902 446 1086 501 ἔγημας,
1120 444 1230 489 ἀλλὰ
1261 445 1500 488 πλουσίαν·

471 514 657 561 κάθευδ’
694 517 840 574 ἀηδῶς
870 516 1012 572 ἡδέως
1043 517 1314 573 μασώμενος.

379 606 575 645 Stobaeus
596 605 735 644 Floril.
758 607 825 656 69,
847 606 871 644 8
909 604 1152 644 Φιλιππίδου
1172 604 1221 643 Α.
1285 607 1321 643 1.
1353 600 1437 643 ἀλλ’
1475 603 1535 644 οὐ.
1568 604 1698 644 Trinc.
1740 600 1836 644 ‘non

259 667 375 705 credo
408 667 505 705 haec
536 667 644 705 reesse
676 661 1007 704 Herwerdenum'
1042 660 1157 717 (Obs.
1189 664 1276 704 orit.
1313 659 1416 716 103)
1459 660 1581 703 ‘inter
1611 665 1711 704 duas
1742 677 1836 704 oon-
1869 664 1879 683 ⁸

260 727 470 777 loquentes
502 738 693 776 personas
727 725 979 764 distribuisse
1012 724 1067 764 sic
1092 726 1138 763 ut
1163 724 1286 764 verba
1317 722 1414 763 ἀλλὰ
1444 724 1639 763 πλουσίαν
1664 725 1836 764 maritus

261 786 417 825 dixerit.
451 799 475 824 a
500 784 674 824 κάθευδε
700 785 857 824 orditur
876 784 1077 836 apodosis,
1102 786 1199 823 nota
1219 784 1375 823 dicendi
1394 780 1550 823 forma’.
1584 784 1704 824 Mein.
1725 784 1836 825 Stob.

260 846 342 884 1111
373 859 514 885 Lxxm.
566 846 613 885 ef.
646 858 749 897 quae
781 845 1062 886 adnotavimus
1094 845 1145 884 ad
1175 844 1344 883 Philem.
1377 845 1415 895 4,
1451 847 1514 883 11.

1020 960 1075 1002 29

476 1045 499 1089 ὁ
531 1046 799 1102 τραχύτατος
832 1042 880 1088 δὲ
913 1044 1195 1101 συκοφάντης
1226 1050 1338 1100 μνᾶς
1370 1045 1452 1088 δύο

476 1117 627 1172 λαβὼν
658 1118 833 1160 ἄπεισιν
865 1116 1024 1173 ἀρνίου
1057 1116 1374 1173 μαλακώτερος.

383 1206 580 1244 Stobaeus
615 1205 750 1245 Floril.
785 1207 822 1256 2,
858 1205 911 1243 10
948 1203 1191 1243 Φιλιππίδου
1218 1203 1266 1243 A.

1024 1320 1082 1362 30

382 1409 615 1447 Athenaeus
650 1411 687 1455 1,
721 1410 805 1447 230
848 1406 1086 1447 ἀνακεῖσθαι
1118 1406 1161 1447 δέ
1191 1419 1324 1459 φαμεν
1356 1406 1418 1446 ε’πὶ
1449 1399 1697 1461 ἀνδριάντος.
1740 1406 1838 1447 ὅθεν

263 1468 356 1516 τοὺς
395 1466 457 1507 ἐπὶ
488 1465 777 1519 κατακειμένων
815 1465 1039 1519 χρωμένους
1070 1473 1115 1522 τῇ
1148 1466 1244 1515 λέξει
1277 1464 1461 1520 διέσυρον
1484 1499 1493 1507 .
1514 1499 1522 1507 .
1545 1499 1553 1507 .
1578 1467 1839 1518 Φιλιππίδης·

265 1527 342 1567 καὶ
389 1529 595 1567 δειπνῶν
642 1526 714 1566 ἀεὶ
751 1526 1066 1578 ἀνακείμενος
1109 1524 1213 1580 παρ’
1262 1526 1405 1566 αὐτόν
1439 1558 1448 1566 .
1488 1558 1496 1566 .
1536 1558 1544 1567 .
1577 1525 1642 1566 καὶ
1685 1525 1839 1580 ἐπάγει·

264 1588 465 1640 πότερον
498 1586 761 1639 ἀνδριάντα
792 1586 961 1634 είστία;
996 1608 1049 1614 -
1083 1585 1321 1640 ἀνδριάντας
1359 1585 1485 1642 ἑστιᾷς
1517 1587 1835 1626 Pierson.Moer.

267 1651 363 1687 442).
397 1648 546 1699 Phryn.
566 1648 650 1686 Ecl.
674 1649 756 1686 216
793 1643 1055 1686 εἀνάκειται
1092 1644 1162 1698 μὲν
1194 1645 1268 1700 γὰρ
1300 1645 1465 1698 ἀνδριὰς
1489 1645 1555 1685 καὶ
1581 1642 1838 1698 ἀναθήματα’

265 1711 392 1754 καλῶς
424 1705 538 1760 έρεῖς·
579 1705 780 1746 ἀνάκειται
817 1703 859 1745 δὲ
876 1705 953 1747 ,ἐπὶ
990 1711 1059 1758 τῆς
1090 1707 1225 1757 κλίνης
1262 1704 1411 1756 οὐκέτι,
1450 1704 1547 1745 ἀλλὰ
1588 1709 1730 1757 κεῖται,
1768 1706 1840 1745 ubi

266 1769 315 1806 cf.
354 1768 525 1806 Lobeck.
580 1767 762 1817 Append.
801 1779 910 1816 prov.
947 1769 989 1816 1,
1031 1768 1085 1806 27
1135 1765 1300 1818 ἀνδριὰς
1344 1765 1610 1819 σφυρήλατος·
1656 1764 1719 1805 ἐπὶ
1761 1770 1840 1805 τῶν

267 1826 535 1878 ἀναισθήτων.
588 1827 776 1866 Similiter
806 1827 956 1876 Diphil.
992 1828 1087 1866 125.

1026 1930 1079 1972 31

484 2012 875 2071 ἀποστρεφομένης
905 2014 986 2069 τὴν
1017 2014 1224 2070 κορυφὴν
1256 2017 1400 2069 φιλεῖς
1431 2015 1568 2070 μόλις.

389 2103 630 2141 Plutarchus
663 2101 760 2141 Mor.
795 2101 908 2140 750f
946 2099 1088 2140 τούτου
1126 2097 1246 2140 οὐδέν
1283 2099 1387 2140 ἐστιν
1425 2098 1704 2154 ἐρωτικώτερος
1734 2098 1756 2140 ὅ
1787 2098 1840 2152 μὴ

271 2162 336 2202 διὰ
367 2160 506 2214 κέρδος
537 2157 618 2201 ἀλλ’
654 2159 900 2213 ἀφροδισίων
932 2158 1046 2200 ἕνεκα
1076 2159 1142 2199 καὶ
1184 2160 1398 2207 συνουσίας
1429 2158 1641 2212 ὑπομένων
1671 2163 1842 2214 γυναῖκα

270 2221 481 2274 μοχθηρὰν
517 2220 584 2260 καὶ
615 2218 824 2273 ἄστοργον·
859 2218 988 2272 ὥσπερ
1019 2222 1260 2269 Στρατοκλεῖ
1291 2222 1343 2274 τῷ
1381 2218 1515 2272 ῥήτορι
1549 2220 1790 2271 Φιλιππίδης
1820 2218 1841 2259 ὁ

270 2281 441 2333 κωμικὸς
473 2280 687 2334 ἐπεγγελῶν
720 2279 903 2331 ἐποίησεν
929 2282 1006 2319 κτλ.
1051 2281 1085 2318 Si
1111 2282 1238 2330 φιλεῖς
1268 2281 1388 2329 poeba
1414 2280 1586 2331 sel·ipsi1;‚
1615 2279 1842 2319 Stratoclem

270 2343 400 2392 ipsum
434 2342 616 2392 quisquis
649 2342 745 2378 haec
778 2340 875 2379 dici‘o
907 2340 1209 2390 adloquebatur.
1265 2340 1436 2378 fortasse
1468 2339 1648 2379 eiusdem
1679 2340 1839 2378 fabulae

271 2405 333 2441 est
364 2414 453 2440 oum
484 2402 531 2440 fr.
569 2403 636 2440 25.

1031 2468 1087 2509 32

486 2552 509 2595 ὁ
541 2553 690 2602 κοινὸς
722 2553 868 2608 ἰατρός
901 2563 948 2594 σε
980 2551 1248 2608 θεραπεύσει
1279 2551 1450 2607 χρόνος.

393 2640 587 2679 stobaeus
619 2638 756 2677 Floril.
793 2639 889 2689 124,
922 2640 971 2677 21
1018 2623 1260 2676 Φιλιππίδου
1293 2632 1592 2691 (φιλιππίδους)
1627 2637 1672 2677 Α.
1705 2659 1760 2665 --
1793 2638 1840 2677 cf.

275 2700 393 2738 Mein.
425 2700 443 2738 I
478 2701 575 2739 342.
605 2701 642 2738 3.

1028 2778 1084 2820 33

487 2862 674 2905 ἀλύσιον
705 2858 793 2917 εἶχε
824 2858 1127 2918 τετταράκοντ’
1165 2861 1276 2915 ἄγον
1309 2860 1515 2916 δραχμάς.

394 2949 537 2987 Pollux
575 2951 639 2999 10,
674 2950 756 2988 167
802 2945 826 2998 ἡ
859 2947 1026 2995 ἅλυσις.
1055 2978 1063 2986 .
1091 2978 1098 2986 .
1125 2945 1186 2986 ἐπὶ
1224 2952 1294 2986 τοῦ
1325 2946 1554 3000 γυναικείου
1585 2944 1735 2997 κόσμου
1761 2976 1770 2986 .
1797 2976 1806 2985 .
