2014 3334
525 232 891 268 ΚΑΤΑΛΟΓΑΔΗΝ
915 233 1442 268 ΜΕΤΕΣΧΗΜΑΤΙΣΜΕΝΑ
1685 231 1772 274 647

926 365 1041 409 1404

311 455 513 495 Lucianus
546 454 588 493 in
606 453 909 505 Icaromenippo
941 451 1187 493 comoediam
1220 452 1399 504 aliquam
1425 452 1587 493 videtur
1613 455 1775 493 secutus

190 529 294 566 esse,
324 515 439 555 euius
473 514 643 566 vestigia
675 514 824 565 ubique
857 513 1061 564 adparent.
1121 525 1168 551 ex
1200 512 1341 551 eadem
1374 513 1580 553 comoedia
1611 513 1774 553 fluxisse

189 575 374 616 existimo
405 575 453 614 fr.
479 574 615 625 adesp.
648 575 732 614 619
766 575 867 614 conl.
893 573 1061 613 Icarom.
1095 575 1119 612 2
1154 570 1372 620 Μένιππος
1401 569 1517 625 ἡμῖν
1549 571 1775 625 διοπετὴς

189 635 417 688 πάρεστιν
437 630 494 688 (π.
511 630 579 686 ἡμ.
594 629 648 686 δ.)
675 632 692 674 3
700 634 719 682 ξ
739 631 974 686 οὐρανοῦ,
995 633 1064 672 ubi
1082 632 1314 672 trimetrum
1334 633 1502 684 agnovit
1516 633 1774 685 Fritzschius‚

190 696 313 736 etiam
351 708 454 747 quae
492 696 716 744 sequuntur
752 691 940 747 γεννητὸς
977 691 1094 740 αὐτὸς
1131 690 1336 746 κάπίγειος
1373 690 1430 732 ὢν
1468 693 1558 747 add.
1590 691 1693 746 ἀνήρ
1731 694 1774 733 in

188 769 352 797 versum
376 755 574 807 redigens.
613 767 685 802 nos
714 754 926 794 manifesta
950 753 1231 793 tantummodo
1265 766 1453 793 versuum
1485 753 1634 793 indicia
1660 754 1769 793 dein-

190 829 281 866 ceps
299 815 541 855 nossabimus.
593 815 642 854 cf.
662 815 765 854 Mus.
785 814 911 854 Rhen.
931 813 1067 853 XLIII
1088 815 1142 853 53
1157 827 1213 863 sq.
1241 815 1416 852 ceterum
1443 811 1486 853 ἐκ
1511 818 1581 866 τῆς
1607 812 1774 868 σελήνης

186 872 434 916 πεπτωκέναι
453 871 675 927 ἄνθρωπον
696 869 860 914 Timaeo
881 876 984 914 teste
1004 874 1176 913 finxerat
1195 874 1443 913 Heraclides.
1457 873 1575 926 Diog.
1588 873 1634 914 L.
1648 875 1688 927 8,
1704 876 1727 914 7
1735 877 1772 914 2.

922 1002 1037 1046 1405

299 1092 504 1132 Lucianus
542 1091 711 1130 Icarom.
747 1093 770 1129 2
817 1086 913 1130 ἀλλ’
950 1087 1111 1130 έκεΐνά
1148 1104 1228 1141 μοι
1259 1089 1465 1142 φράσον,
1494 1087 1500 1140 Ι
1527 1090 1635 1130 τίνα
1665 1089 1765 1142 τρό-

178 1167 270 1193 πον
309 1149 466 1204 ἤρθης
507 1148 591 1191 ἄνω
631 1149 711 1190 καὶ
754 1147 939 1190 ὁπόθεν
980 1148 1186 1202 ἐπορίσω
1226 1150 1433 1201 κλίμακα
1474 1150 1772 1202 τηλικαύτην

179 1211 227 1253 τὸ
266 1210 472 1266 μέγεθος
517 1207 715 1264 (fortasse
739 1225 771 1249 τ.
796 1224 851 1262 τρ.
883 1207 1016 1262 ήρθης
1054 1209 1228 1250 αὐτόθεν
1264 1208 1331 1249 καὶ
1368 1209 1539 1262 κλίμακα
1573 1207 1578 1263 Ι
1614 1208 1677 1250 ὃπ.
1710 1209 1769 1251 έπ.

178 1276 258 1325 τηλ.
281 1287 312 1312 τ.
337 1267 407 1325 μ.).
457 1273 501 1330 Β.
527 1269 763 1322 θαυμαστὸν
789 1267 923 1322 οὐδέν,
949 1270 985 1310 εἰ
1015 1268 1089 1310 σοὶ
1120 1268 1168 1309 τὸ
1199 1269 1477 1322 παράδοξον
1508 1275 1591 1310 τοῦ
1623 1269 1768 1324 λόγου

179 1332 319 1389 μύθῳ
346 1333 497 1372 δοκεῖ
514 1328 753 1383 προσφερές·
785 1328 882 1382 ἀτὰρ
903 1328 1023 1370 οὐδὲν
1049 1327 1214 1382 ἐδέησέ
1239 1344 1306 1381 μοι
1334 1362 1342 1369 .
1364 1362 1373 1370 .
1394 1360 1403 1369 .
1430 1345 1538 1370 ουτε
1567 1336 1638 1383 τῆς
1669 1331 1770 1370 κλί-

179 1408 328 1446 μακος
368 1388 374 1446 Ι
414 1389 522 1431 οὔτε
565 1389 731 1430 παιδικὰ
782 1388 970 1448 γενέσθαι
1013 1388 1176 1430 ἀετοῦ·
1228 1390 1354 1430 οἰκεῖα
1396 1389 1471 1443 γὰρ
1516 1406 1568 1443 ην
1611 1406 1679 1443 μοι
1723 1390 1770 1431 τὰ

178 1452 300 1505 πτερά
332 1484 340 1492 .
374 1447 467 1506 ..Ι
501 1450 547 1491 τὸ
581 1450 874 1491 Δαιδάλειον
893 1449 991 1504 γὰρ
1031 1449 1187 1490 έκεῖνο
1221 1449 1434 1502 σόφισμα
1464 1457 1554 1490 τῶν
1585 1457 1770 1503 πτερῶν

178 1511 257 1553 καὶ
294 1510 436 1560 αὐτὸς
474 1509 849 1564 ἐμηχανησάμην
881 1506 953 1564 (ἐκ.
985 1509 1060 1565 γὰρ
1088 1509 1131 1550 τὸ
1158 1512 1205 1550 Δ,
1232 1524 1262 1549 τ.
1291 1524 1351 1549 πτ.
1381 1519 1385 1558 Ι
1415 1521 1450 1550 6.
1474 1509 1620 1559 καύτὸς
1650 1510 1770 1551 πάλιν

177 1567 319 1627 έμηχ..)
383 1574 407 1612 3
441 1573 490 1611 A.
524 1568 723 1625 (fortasse
763 1569 865 1611 κούκ
903 1565 1081 1625 ἔπεσες;)
1139 1572 1183 1610 Β.
1216 1568 1455 1622 ουδαμῶς·
1501 1568 1521 1610 ὅ
1560 1569 1644 1623 μὲν
1681 1571 1769 1625 γὰρ

169 1631 357 1685 Ἴκαρος
385 1629 390 1684 Ι
418 1631 484 1671 άτε
514 1634 623 1688 κηρῷ
654 1629 728 1682 τὴν
758 1628 951 1682 πτέρωσιν
982 1628 1271 1683 ἡρμοσμένος.
1336 1633 1379 1681 ,Ι
1407 1631 1769 1684 πτερορρυήσας

179 1692 382 1740 εἰκότως
418 1690 629 1732 κατέπεσεν
661 1685 896 1746 (ἀπώλετο)·
933 1687 1048 1743 ἡμῖν
1088 1689 1130 1730 63
1167 1662 1382 1743 ἀκήρωτα
1418 1706 1478 1743 ην
1510 1687 1621 1744 (add.
1653 1687 1768 1748 ὁρᾷς)

178 1752 230 1794 τὰ
263 1751 520 1803 ὠκύπτερα.
549 1748 554 1806 Ι
583 1753 631 1791 A.
664 1756 761 1799 πῶς
785 1749 932 1804 λέγεις;
971 1781 980 1790 .
1013 1781 1022 1790 .
1056 1783 1062 1790 .
1098 1749 1157 1798 ὡς
1188 1749 1276 1804 ἐγώ
1309 1762 1373 1791 σοι
1404 1749 1640 1804 μετέωρός
1671 1752 1769 1804 εἰμι

179 1811 270 1854 ὑπὸ
302 1818 394 1853 τῶν
426 1812 581 1865 λόγων
615 1809 620 1863 Ι
654 1809 733 1850 καὶ
769 1809 886 1862 πρὸς
924 1810 972 1850 τὸ
1009 1809 1142 1859 τέλος
1179 1808 1258 1862 ἤδη
1297 1809 1474 1863 κέχηνα
1511 1817 1591 1864 τῆς
1622 1810 1768 1865 ἀκρο-

178 1874 340 1921 άσεως.
401 1874 450 1912 cf.
481 1873 584 1912 Mus.
617 1872 742 1911 Rhen.
774 1871 908 1910 XLHI
942 1872 1010 1912 55.

837 2012 1115 2056 1406.1407

301 2101 504 2140 Lucianus
536 2100 704 2140 Icalffom
739 2103 763 2140 6
798 2095 866 2155 (de
897 2099 1148 2151 philosophis
1179 2093 1379 2152 loquitur)
1416 2100 1461 2138 Β.
1493 2098 1539 2138 οι’
1561 2114 1605 2152 γε
1637 2094 1768 2153 (οὗτοι

179 2158 240 2216 δὲ)
272 2166 433 2213 πρῶτα
465 2157 549 2212 μὲν
587 2158 662 2199 ἐπὶ
692 2166 778 2214 γῆς
800 2158 1072 2234 βεβηκότες
1113 2159 1210 2208 Ι..
1243 2188 1253 2198 .
1286 2154 1386 2198 οὐδ’
1425 2156 1652 2211 ὀξύτερον
1682 2165 1766 2200 τοῦ

178 2221 386 2273 πλησίον
418 2216 761 2273 δεδορκότες,
756 2251 760 2275 ,
796 2219 918 2260 ἔνιοι
951 2216 999 2259 δὲ
1030 2217 1096 2259 καὶ
1134 2216 1226 2258 ὑπὸ
1263 2217 1420 2271 γήρως
1451 2216 1478 2271 ὴ
1509 2217 1648 2272 ἀργίας
1679 2218 1765 2272 ἀμ-

178 2280 502 2335 βλυώττοντες
541 2277 650 2330 (add.
688 2277 837 2334 κακῶς)
877 2280 882 2328 Ι
923 2278 1047 2331 ὅμως
1085 2277 1299 2331 οὐρανοῦ
1337 2293 1375 2318 τε
1416 2277 1563 2331 πέρατα
1596 2279 1767 2332 διορᾶν

178 2341 396 2394 ἔφασκον
435 2341 440 2387 Ι
480 2338 559 2380 καὶ
608 2338 688 2380 τὸν
731 2339 871 2392 ’ἥλιον
914 2337 1260 2392 περιεμέτρουν
1304 2337 1371 2378 καὶ
1414 2342 1494 2386 τοῖς
1538 2336 1638 2391 ὑπὲρ
1681 2338 1766 2391 τὴν

182 2400 389 2453 σελήνην
421 2399 714 2452 ἐπεβάτευον
745 2399 811 2440 καὶ
843 2399 997 2451 ὥσπερ
1029 2398 1072 2439 ἐκ
1102 2405 1181 2439 τῶν
1212 2396 1386 2451 ἀστέρων
1418 2398 1766 2448 καταπεσόντες

180 2459 360 2515 μεγέθη
393 2475 432 2501 τε
464 2459 596 2500 αὐτῶν
626 2459 693 2500 καὶ
725 2459 936 2512 σχήματα
969 2455 1222 2516 διεξῄεσαν.

301 2524 325 2561 8
359 2535 444 2571 την
482 2517 553 2572 μὲν
591 2519 665 2573 γὰρ
704 2516 788 2574 (καὶ
819 2516 910 2573 τὴν)
949 2518 1262 2571 ἐναντιότητα
1299 2523 1390 2558 τῶν
1427 2517 1580 2572 λόγων
1619 2517 1764 2572 ὁπόση

183 2576 317 2637 (ὅση),
339 2583 344 2628 Ι
372 2575 514 2636 ράδιον
540 2583 786 2631 καταμαθεῖν
812 2576 1002 2633 (fort-asse
1029 2582 1176 2630 μαθεῖν
1201 2574 1441 2632 πρόχειρον>·
1491 2577 1570 2618 καὶ
1601 2578 1766 2620 σκόπει

179 2640 302 2693 πρὸς
322 2621 429 2694 (add.
449 2636 539 2693 τοῦ)
559 2639 693 2692 Διός,
722 2638 790 2691 Ι..
804 2638 905 2687 ,οὓς
925 2637 991 2679 καὶ
1010 2638 1174 2690 μάλιστα
1194 2637 1424 2690 ἐθαύμαζον
1443 2636 1561 2678 θεὸν
1587 2637 1659 2690 μέν
1678 2654 1766 2679 τινα

178 2701 399 2753 τεχνίτην
442 2706 532 2740 τῶν
577 2699 698 2740 ὅλων
744 2699 991 2751 ἐφιστάντας,
1032 2699 1038 2748 Ι
1078 2697 1133 2739 οὐ
1177 2696 1528 2751 προστιθέντας
1573 2695 1677 2753 (-ες)
1724 2696 1760 2739 δ’

180 2757 286 2801 οὔθ’
330 2759 446 2800 ὅθεν
483 2775 611 2811 ηκων
643 2756 750 2800 οὔθ’
793 2759 913 2799 ὅπου
943 2754 948 2812 Ι
977 2757 1118 2806 ἑστὼς
1157 2756 1327 2798 ἕκαστα
1359 2754 1466 2810 (add.
1499 2754 1640 2811 ταῦτα)
1668 2757 1762 2800 ἕτε-

179 2819 403 2860 κταίνετο
425 2815 780 2873 (συνετεκτήνατο).
825 2822 880 2859 10
907 2819 1018 2870 μίαν
1045 2816 1092 2858 63
1119 2818 1358 2870 συμπάσης
1384 2816 1588 2869 ἀπορίας
1614 2817 1762 2859 ἀπαλ-

181 2879 333 2934 λαγὴν
361 2878 367 2929 Ι
397 2876 527 2936 ᾤμην
559 2878 775 2930 ἔσεσθαι,
807 2879 843 2919 εἰ
873 2877 991 2927 αὐτὸς
1016 2879 1232 2931 πτερωθείς
1263 2892 1347 2925 πως
1379 2876 1590 2930 ἀνέλθοιμι
1614 2878 1670 2927 εἰς
1694 2878 1763 2919 τὸν

181 2939 369 2993 οὐρανόν.
425 2940 475 2979 cf.
507 2940 608 2979 Mus.
641 2940 714 2980 Rh.
749 2941 817 2979 55.
841 2942 877 2980 6.
