2014 3334
765 253 934 287 ΔΔΗΔΑ
962 252 1224 287 ΟΠΟΤΕΡΑΣ
1693 249 1780 293 523

487 436 600 492 ἔχων
631 431 712 491 μὲν
743 433 792 478 ἐν
822 441 875 492 τῇ
900 362 1026 492 χεῗζὶι
1045 437 1172 491 μῶλυ

323 522 586 574 Etymologic.
619 536 669 562 m.
704 524 803 572 592,
836 524 892 562 40
923 524 1051 573 μῶλυ·
1083 517 1189 570 εἶδος
1219 521 1392 575 βοτάνης
1423 551 1433 561 .
1465 552 1475 562 .
1507 552 1518 562 .
1549 524 1626 562 κτλ.
1673 520 1779 562 ἀντι-

202 580 414 634 φάρμακον
444 580 519 635 γὰρ
551 579 717 622 δέδοται.
762 582 878 622 Hom.
909 582 982 622 Od.
1020 584 1083 630 10,
1117 584 1213 622 305.
1260 583 1311 621 ad
1338 582 1475 622 Circen
1507 585 1579 622 aut
1609 582 1781 633 Ephippi

201 643 273 681 aut
304 642 497 682 Anaxilae
530 642 682 682 aliusve
714 644 856 693 poetae
888 642 1049 682 videtur
1080 642 1292 692 pertinere.

950 758 1037 802 642

487 830 595 873 κενὰ
625 836 702 886 τῆς
732 830 910 890 γνάθου
943 865 950 873 .
985 865 994 873 .
1027 865 1035 872 .
1067 829 1210 873 πολλὰ
1240 831 1391 886 χωρία.

322 917 494 958 Bekker.
524 917 674 958 Anecd.
707 920 783 970 45,
817 919 871 957 23
913 915 978 958 ἐπὶ
1022 922 1100 957 τῶν
1138 915 1213 957 οὐκ
1253 915 1422 969 ἐχόντων
1465 916 1643 968 δαψιλῶς
1686 916 1782 957 ὥστε

201 974 274 1028 τὴν
303 976 461 1031 γνάθον
492 975 695 1030 ἐμπλῆσαι.

945 1058 1033 1101 643

490 1127 596 1173 οὐδὲ
627 1130 691 1181 εἰς
720 1130 800 1173 τὸν
833 1129 998 1173 ὀδόντα
1030 1131 1118 1186 ἔχει
1149 1136 1324 1186 φαγεῖν.

320 1217 806 1268 Bekker.Anecd.56,33
847 1214 910 1257 ἐπὶ
935 1222 1013 1256 τῶν
1041 1214 1142 1269 μηδὲ
1171 1215 1406 1269 σμικρότατα
1432 1214 1600 1269 ἐχόντων
1625 1218 1781 1270 φαγεῖν.

202 1273 290 1317 οὐδ’
332 1276 387 1325 εἰς
423 1272 480 1316 ἕν’
522 1273 653 1316 (ἰδόντ’
694 1277 898 1317 Herwerd.
932 1275 1024 1316 Obs.
1058 1277 1144 1317 crit.
1178 1279 1275 1317 117.
1338 1277 1509 1316 fortasse
1554 1273 1637 1316 ἀλλ’
1687 1273 1781 1316 οὐδὲ

202 1335 373 1389 τρητὸν
404 1336 460 1384 εἰς
491 1333 637 1377 (ἰδόντ’.

945 1417 1034 1461 644

488 1491 712 1546 προβῦσαι
743 1489 961 1545 φορτικὸν
991 1488 1161 1544 γέλωτα

322 1574 410 1616 ἀντὶ
433 1582 504 1616 τοῦ
529 1576 755 1629 προβαλεῖν.
803 1573 829 1628 ἡ
861 1575 1063 1629 μεταφορὰ
1095 1574 1173 1617 ἀπὸ
1205 1582 1282 1616 τῶν
1310 1575 1403 1624 τοὺς
1434 1575 1604 1629 λύχνους
1629 1577 1781 1630 προβυ-

204 1635 398 1677 νούντων.
447 1634 513 1676 καὶ
547 1635 626 1689 ,γὰρ
657 1635 808 1676 τούτων
844 1634 918 1687 τὴν
949 1637 1173 1689 θρυαλλίδα
1204 1635 1246 1676 ἐκ
1286 1641 1357 1677 τοῦ
1389 1635 1509 1676 ἔνδον
1547 1636 1603 1684 εἰς
1634 1635 1676 1676 τὸ
1708 1635 1781 1685 ἔξω

201 1695 482 1749 προβάλλουσι.
531 1697 680 1736 τίθεται
711 1694 776 1736 ἐπὶ
806 1702 885 1736 τῶν
917 1694 1042 1748 μηδὲν
1068 1695 1213 1748 σεμνὸν
1245 1695 1428 1749 ἐχόντων,
1460 1695 1521 1736 ἀεὶ
1547 1694 1589 1737 δὲ
1620 1695 1686 1737 διὰ
1710 1701 1781 1737 τοῦ

201 1758 474 1810 γελωτοποιεῖν
507 1754 755 1808 θηρωμένων
785 1771 832 1796 τι.
882 1756 1055 1796 Bekker.
1087 1757 1236 1796 Aneod.
1269 1758 1339 1807 59,
1373 1758 1440 1796 18.

953 1872 1040 1916 645

490 1943 798 1997 ὑποσακίζεται
827 1945 880 1987 τὰ
911 1946 1122 2001 χρήματα.

323 2028 412 2071 ἀντὶ
434 2035 505 2071 τοῦ
531 2028 849 2082 ὑπαναλίσκεται,
881 2030 1156 2072 ὑποκενοῦται.
1206 2030 1285 2072 ἀπὸ
1310 2037 1389 2071 τῶν
1414 2030 1461 2071 τὰ
1480 2031 1596 2071 σακία
1616 2030 1782 2071 κενούν-

204 2103 283 2131 των
313 2088 340 2143 ἢ
365 2088 443 2130 ἀπὸ
477 2086 574 2145 (τῶν
603 2091 691 2132 add.
711 2087 859 2145 Bekk.)
898 2094 980 2140 τοῖς
1017 2091 1168 2139 σακίοις
1200 2090 1502 2143 διηθουμένων,
1541 2086 1629 2131 οἷον
1667 2091 1782 2132 οἴνου

204 2148 230 2202 ἤ
249 2165 356 2198 τινος
374 2149 568 2191 τοιούτου.
615 2149 730 2191 ὑποσ.
763 2146 838 2191 οὖν
856 2149 903 2190 τὰ
926 2165 996 2204 χρ,
1025 2146 1113 2192 οἷον
1137 2149 1313 2203 ὑπορρεῖ.
1351 2152 1524 2191 Bekker.
1545 2151 1692 2192 Anecd.
1715 2153 1782 2204 68,

206 2213 275 2251 30.
335 2211 451 2251 Phot.
492 2208 763 2259 ’ὑποσακίζειν
806 2209 1050 2264 ὑπεξαίρειν,
1095 2209 1285 2252 ἀναλοῦν.
1346 2213 1395 2251 ef.
1432 2212 1626 2251 Fritzsch.
1658 2211 1784 2252 Arist.

207 2271 366 2312 Thesm.
396 2285 435 2323 p.
469 2272 566 2310 602.

947 2353 1033 2396 646

493 2418 637 2478 οὗτος,
669 2423 921 2479 καθεύδεις,
954 2421 984 2466 ὦ
1016 2425 1308 2480 κακόδαιμον;

326 2496 502 2548 Uram-er.
521 2508 670 2549 Anecd.
691 2509 763 2550 Ox,
782 2510 801 2549 I
828 2511 927 2559 414,
950 2512 1005 2550 20
1039 2505 1173 2565 (οὗτος
1203 2508 1374 2564 τίθεται)
1406 2509 1473 2550 καὶ
1504 2508 1567 2550 ἐπὶ
1597 2513 1783 2563 κλητικῆς

206 2570 283 2608 κτλ.
334 2569 383 2608 cf.
415 2567 564 2609 eratin.
598 2572 667 2610 51.
715 2569 841 2610 Arist.
872 2571 981 2610 Nub.
1015 2572 1111 2611 732.

821 2664 923 2728 6472
953 2685 1052 2729 648.
1084 2686 1170 2728 649

495 2788 504 2797 .
566 2788 576 2798 .
637 2754 877 2812 ἐφοιτάτην
907 2752 1006 2799 ποτ’
1042 2756 1086 2808 ἐς
1117 2757 1400 2800 διδασκάλου.

494 2826 554 2869 τὼ
586 2822 627 2869 δ’
664 2826 744 2870 οὐκ
776 2826 975 2885 ἐβοάτην.

1012 2887 1205 2945 ἐσπάτην
1236 2888 1428 2944 γνάθοιν

494 2945 750 3002 εὔχρηστον.
