<?xml version="1.0" encoding="UTF-8"?>
<!DOCTYPE html PUBLIC "-//W3C//DTD XHTML 1.0 Transitional//EN"
    "http://www.w3.org/TR/xhtml1/DTD/xhtml1-transitional.dtd">
<html xmlns="http://www.w3.org/1999/xhtml" xml:lang="en" lang="en">
 <head>
  <title>
</title>
<meta http-equiv="Content-Type" content="text/html;charset=utf-8" />
  <meta name='ocr-system' content='tesseract 3.04.00' />
  <meta name='ocr-capabilities' content='ocr_page ocr_carea ocr_par ocr_line ocrx_word'/>
</head>
<body>
  <div class='ocr_page' id='page_1' title='image "./comicorumatticor03kockuoft_0504.png"; bbox 0 0 2014 3334; ppageno 0'>
   <div class='ocr_carea' id='block_1_1' title="bbox 249 240 1138 296">
    <p class='ocr_par' dir='ltr' id='par_1_1' title="bbox 249 240 1138 296">
     <span class='ocr_line' id='line_1_1' title="bbox 249 240 1138 296; baseline -0.01 0"><span class='ocrx_word' id='word_1_1' title='bbox 249 255 338 296; x_wconf 85' lang='lat'><em>484</em></span> <span class='ocrx_word' id='word_1_2' title='bbox 634 240 637 244; x_wconf 68' lang='grc'>’</span> <span class='ocrx_word' id='word_1_3' title='bbox 879 256 1138 289; x_wconf 82' lang='grc' dir='ltr'><strong>ΑΔΕΣΠΟΤΑ</strong></span> 
     </span>
    </p>
   </div>
   <div class='ocr_carea' id='block_1_2' title="bbox 250 350 1871 954">
    <p class='ocr_par' dir='ltr' id='par_1_2' title="bbox 250 350 1871 954">
     <span class='ocr_line' id='line_1_2' title="bbox 370 350 1818 419; baseline 0.001 -13"><span class='ocrx_word' id='word_1_4' title='bbox 370 367 593 417; x_wconf 82' lang='lat' dir='ltr'>Hesychius</span> <span class='ocrx_word' id='word_1_5' title='bbox 620 365 974 418; x_wconf 78' lang='grc' dir='ltr'><em>ῥαφανιδωθῆναι·</em></span> <span class='ocrx_word' id='word_1_6' title='bbox 999 365 1091 413; x_wconf 81' lang='grc' dir='ltr'><em>τοὺς</em></span> <span class='ocrx_word' id='word_1_7' title='bbox 1114 365 1275 418; x_wconf 83' lang='grc' dir='ltr'><strong><em>μοιχοὺς</em></strong></span> <span class='ocrx_word' id='word_1_8' title='bbox 1300 369 1382 414; x_wconf 87' lang='grc' dir='ltr'><em>ταῖς</em></span> <span class='ocrx_word' id='word_1_9' title='bbox 1402 350 1621 419; x_wconf 51' lang='grc' dir='ltr'><em>ῥαφανῖσινι</em></span> <span class='ocrx_word' id='word_1_10' title='bbox 1641 364 1818 419; x_wconf 69' lang='grc' dir='ltr'><em>’ἤλαυνον</em></span> 
     </span>
     <span class='ocr_line' id='line_1_3' title="bbox 252 423 1818 478; baseline 0.001 -13"><span class='ocrx_word' id='word_1_11' title='bbox 252 425 349 467; x_wconf 87' lang='grc' dir='ltr'><em>κατὰ</em></span> <span class='ocrx_word' id='word_1_12' title='bbox 380 431 449 478; x_wconf 81' lang='grc' dir='ltr'><em>τῆς</em></span> <span class='ocrx_word' id='word_1_13' title='bbox 480 423 596 478; x_wconf 75' lang='grc' dir='ltr'><em>ἕδρας</em></span> <span class='ocrx_word' id='word_1_14' title='bbox 627 428 703 464; x_wconf 89' lang='grc' dir='ltr'><em>κτλ.</em></span> <span class='ocrx_word' id='word_1_15' title='bbox 780 428 816 464; x_wconf 95' lang='grc'><em>1.</em></span> <span class='ocrx_word' id='word_1_16' title='bbox 850 423 900 464; x_wconf 74' lang='grc' dir='ltr'><em>ἂν</em></span> <span class='ocrx_word' id='word_1_17' title='bbox 931 426 1018 464; x_wconf 83' lang='lat' dir='ltr'><em>add.</em></span> <span class='ocrx_word' id='word_1_18' title='bbox 1051 426 1159 468; x_wconf 76' lang='lat' dir='ltr'>Pors.</span> <span class='ocrx_word' id='word_1_19' title='bbox 1195 426 1294 465; x_wconf 84' lang='lat' dir='ltr'><strong>Adv.</strong></span> <span class='ocrx_word' id='word_1_20' title='bbox 1327 428 1424 466; x_wconf 89' lang='lat'>301.</span> <span class='ocrx_word' id='word_1_21' title='bbox 1505 429 1542 466; x_wconf 87' lang='lat'><em>2.</em></span> <span class='ocrx_word' id='word_1_22' title='bbox 1574 425 1661 466; x_wconf 87' lang='grc' dir='ltr'><em>ἀντὶ</em></span> <span class='ocrx_word' id='word_1_23' title='bbox 1690 426 1818 477; x_wconf 67' lang='lat' dir='ltr'><strong>Pers]</strong></span> 
     </span>
     <span class='ocr_line' id='line_1_4' title="bbox 252 481 1820 536; baseline 0.001 -12"><span class='ocrx_word' id='word_1_24' title='bbox 252 484 338 525; x_wconf 84' lang='grc' dir='ltr'><em>ἀντὶ</em></span> <span class='ocrx_word' id='word_1_25' title='bbox 356 491 435 536; x_wconf 77' lang='grc' dir='ltr'><em>τῆς.</em></span> <span class='ocrx_word' id='word_1_26' title='bbox 486 481 676 536; x_wconf 81' lang='grc' dir='ltr'><em>ὄξυθύμι’</em></span> <span class='ocrx_word' id='word_1_27' title='bbox 712 484 876 536; x_wconf 81' lang='grc' dir='ltr'><strong><em>εἰσορῶν</em></strong></span> <span class='ocrx_word' id='word_1_28' title='bbox 895 484 1024 534; x_wconf 88' lang='lat' dir='ltr'>Pors.]</span> <span class='ocrx_word' id='word_1_29' title='bbox 1045 482 1149 536; x_wconf 85' lang='grc' dir='ltr'><em>ὁρῶν</em></span> <span class='ocrx_word' id='word_1_30' title='bbox 1174 482 1412 536; x_wconf 78' lang='grc' dir='ltr'><em>ὀξυθυμίαν.</em></span> <span class='ocrx_word' id='word_1_31' title='bbox 1463 482 1513 525; x_wconf 73' lang='lat' dir='ltr'><em>‘si</em></span> <span class='ocrx_word' id='word_1_32' title='bbox 1535 499 1613 535; x_wconf 76' lang='lat' dir='ltr'><em>pro</em></span> <span class='ocrx_word' id='word_1_33' title='bbox 1642 488 1820 536; x_wconf 76' lang='lat' dir='ltr'><em>raphano</em></span> 
     </span>
     <span class='ocr_line' id='line_1_5' title="bbox 251 540 1820 596; baseline 0.001 -13"><span class='ocrx_word' id='word_1_34' title='bbox 251 547 413 584; x_wconf 76' lang='lat' dir='ltr'><em>moechis</em></span> <span class='ocrx_word' id='word_1_35' title='bbox 438 557 533 585; x_wconf 70' lang='lat' dir='ltr'><em>crum</em></span> <span class='ocrx_word' id='word_1_36' title='bbox 557 548 763 589; x_wconf 71' lang='lat' dir='ltr'><em>statuatur,</em></span> <span class='ocrx_word' id='word_1_37' title='bbox 795 557 904 583; x_wconf 76' lang='lat' dir='ltr'><em>nemo</em></span> <span class='ocrx_word' id='word_1_38' title='bbox 930 546 982 584; x_wconf 82' lang='lat' dir='ltr'><em>acl</em></span> <span class='ocrx_word' id='word_1_39' title='bbox 1005 557 1075 583; x_wconf 76' lang='lat' dir='ltr'><em>nos</em></span> <span class='ocrx_word' id='word_1_40' title='bbox 1102 540 1275 583; x_wconf 66' lang='lat' dir='ltr'><em>accedet?</em></span> <span class='ocrx_word' id='word_1_41' title='bbox 1325 545 1376 584; x_wconf 86' lang='lat' dir='ltr'><em>Is.</em></span> <span class='ocrx_word' id='word_1_42' title='bbox 1390 544 1504 585; x_wconf 85' lang='lat' dir='ltr'>Voss.</span> <span class='ocrx_word' id='word_1_43' title='bbox 1532 545 1677 585; x_wconf 75' lang='lat' dir='ltr'><em>Oatull.</em></span> <span class='ocrx_word' id='word_1_44' title='bbox 1696 560 1735 596; x_wconf 91' lang='lat' dir='ltr'><em>p.</em></span> <span class='ocrx_word' id='word_1_45' title='bbox 1750 548 1820 586; x_wconf 87' lang='lat'><em>43.</em></span> 
     </span>
     <span class='ocr_line' id='line_1_6' title="bbox 252 599 1819 658; baseline 0.001 -16"><span class='ocrx_word' id='word_1_46' title='bbox 252 605 299 643; x_wconf 83' lang='lat' dir='ltr'><em>ef.</em></span> <span class='ocrx_word' id='word_1_47' title='bbox 332 605 473 655; x_wconf 81' lang='lat' dir='ltr'>Eupol.</span> <span class='ocrx_word' id='word_1_48' title='bbox 510 606 604 644; x_wconf 90' lang='lat'>120.</span> <span class='ocrx_word' id='word_1_49' title='bbox 654 604 847 654; x_wconf 83' lang='lat' dir='ltr'><em>Harpocr.</em></span> <span class='ocrx_word' id='word_1_50' title='bbox 880 599 941 658; x_wconf 68' lang='lat' dir='ltr'><em>(eb</em></span> <span class='ocrx_word' id='word_1_51' title='bbox 972 600 1109 656; x_wconf 72' lang='lat' dir='ltr'>Phot.)</span> <span class='ocrx_word' id='word_1_52' title='bbox 1142 601 1362 654; x_wconf 76' lang='grc' dir='ltr'><em>ὀξυθύμια.</em></span> <span class='ocrx_word' id='word_1_53' title='bbox 1383 635 1391 643; x_wconf 93' lang='grc'><em>.</em></span> <span class='ocrx_word' id='word_1_54' title='bbox 1413 603 1532 644; x_wconf 74' lang='grc' dir='ltr'><em>,ἔνιοι</em></span> <span class='ocrx_word' id='word_1_55' title='bbox 1566 602 1657 655; x_wconf 79' lang='grc' dir='ltr'><em>μὲν.</em></span> <span class='ocrx_word' id='word_1_56' title='bbox 1679 635 1688 643; x_wconf 90' lang='grc'><em>.</em></span> <span class='ocrx_word' id='word_1_57' title='bbox 1709 602 1819 653; x_wconf 82' lang='grc' dir='ltr'><em>,ὀξυ-</em></span> 
     </span>
     <span class='ocr_line' id='line_1_7' title="bbox 250 657 1819 716; baseline 0.001 -14"><span class='ocrx_word' id='word_1_58' title='bbox 250 663 380 714; x_wconf 79' lang='grc' dir='ltr'><em>θύμια</em></span> <span class='ocrx_word' id='word_1_59' title='bbox 405 661 592 716; x_wconf 76' lang='grc' dir='ltr'><em>λέγεσθαί</em></span> <span class='ocrx_word' id='word_1_60' title='bbox 611 674 708 714; x_wconf 89' lang='grc' dir='ltr'><em>φασι</em></span> <span class='ocrx_word' id='word_1_61' title='bbox 733 662 780 701; x_wconf 84' lang='grc' dir='ltr'><em>τὰ</em></span> <span class='ocrx_word' id='word_1_62' title='bbox 807 662 917 713; x_wconf 81' lang='grc' dir='ltr'><em>ξύλα,</em></span> <span class='ocrx_word' id='word_1_63' title='bbox 948 659 1020 713; x_wconf 82' lang='grc' dir='ltr'><em>ἀφ’</em></span> <span class='ocrx_word' id='word_1_64' title='bbox 1051 657 1107 701; x_wconf 81' lang='grc' dir='ltr'><em>ὧν</em></span> <span class='ocrx_word' id='word_1_65' title='bbox 1139 661 1399 715; x_wconf 81' lang='grc' dir='ltr'><em>ἀπάγχονται.</em></span> <span class='ocrx_word' id='word_1_66' title='bbox 1420 695 1428 702; x_wconf 96' lang='grc'><em>.</em></span> <span class='ocrx_word' id='word_1_67' title='bbox 1451 663 1649 715; x_wconf 80' lang='grc' dir='ltr'><em>.Δίὸὐμος</em></span> <span class='ocrx_word' id='word_1_68' title='bbox 1680 661 1723 703; x_wconf 79' lang='grc' dir='ltr'><em>δὲ</em></span> <span class='ocrx_word' id='word_1_69' title='bbox 1748 696 1756 704; x_wconf 95' lang='grc'><em>.</em></span> <span class='ocrx_word' id='word_1_70' title='bbox 1779 693 1788 704; x_wconf 89' lang='grc'><em>.</em></span> <span class='ocrx_word' id='word_1_71' title='bbox 1809 693 1819 703; x_wconf 89' lang='grc'><em>.</em></span> 
     </span>
     <span class='ocr_line' id='line_1_8' title="bbox 251 720 1820 774; baseline 0.001 -12"><span class='ocrx_word' id='word_1_72' title='bbox 251 722 374 774; x_wconf 85' lang='grc' dir='ltr'><em>φησὶν</em></span> <span class='ocrx_word' id='word_1_73' title='bbox 406 720 608 774; x_wconf 80' lang='grc' dir='ltr'><em>ὀξυθύμια</em></span> <span class='ocrx_word' id='word_1_74' title='bbox 638 721 685 761; x_wconf 80' lang='grc' dir='ltr'><em>τὰ</em></span> <span class='ocrx_word' id='word_1_75' title='bbox 716 722 952 774; x_wconf 79' lang='grc' dir='ltr'><em>καθάρματα</em></span> <span class='ocrx_word' id='word_1_76' title='bbox 989 720 1173 774; x_wconf 80' lang='grc' dir='ltr'><em>λέγεσθαι</em></span> <span class='ocrx_word' id='word_1_77' title='bbox 1206 721 1272 761; x_wconf 87' lang='grc' dir='ltr'><em>καὶ</em></span> <span class='ocrx_word' id='word_1_78' title='bbox 1302 721 1545 774; x_wconf 81' lang='grc' dir='ltr'><em>ἀπολύματα.</em></span> <span class='ocrx_word' id='word_1_79' title='bbox 1605 724 1748 762; x_wconf 84' lang='lat' dir='ltr'>Pollux</span> <span class='ocrx_word' id='word_1_80' title='bbox 1781 726 1820 772; x_wconf 84' lang='lat'><em>2,</em></span> 
     </span>
     <span class='ocr_line' id='line_1_9' title="bbox 254 779 1871 834; baseline -0.001 -12"><span class='ocrx_word' id='word_1_81' title='bbox 254 784 335 822; x_wconf 82' lang='lat'><em>231</em></span> <span class='ocrx_word' id='word_1_82' title='bbox 372 779 573 833; x_wconf 80' lang='grc' dir='ltr'><em>ὀξυθύμια</em></span> <span class='ocrx_word' id='word_1_83' title='bbox 603 781 649 820; x_wconf 89' lang='grc' dir='ltr'><em>τὰ</em></span> <span class='ocrx_word' id='word_1_84' title='bbox 681 781 927 833; x_wconf 75' lang='grc' dir='ltr'><em>καθάρματα.</em></span> <span class='ocrx_word' id='word_1_85' title='bbox 981 783 1150 820; x_wconf 80' lang='lat' dir='ltr'><strong>Bekker.</strong></span> <span class='ocrx_word' id='word_1_86' title='bbox 1171 782 1319 821; x_wconf 86' lang='lat' dir='ltr'><strong>Anecd.</strong></span> <span class='ocrx_word' id='word_1_87' title='bbox 1341 784 1438 834; x_wconf 89' lang='lat'>288,</span> <span class='ocrx_word' id='word_1_88' title='bbox 1467 785 1489 822; x_wconf 86' lang='lat'>7</span> <span class='ocrx_word' id='word_1_89' title='bbox 1523 780 1741 834; x_wconf 78' lang='grc' dir='ltr'><em>ὄξυθύμια·</em></span> <span class='ocrx_word' id='word_1_90' title='bbox 1772 781 1818 821; x_wconf 84' lang='grc' dir='ltr'><em>τὰ</em></span> <span class='ocrx_word' id='word_1_91' title='bbox 1868 809 1871 811; x_wconf 97' lang='grc'>-</span> 
     </span>
     <span class='ocr_line' id='line_1_10' title="bbox 251 837 1817 894; baseline -0.001 -13"><span class='ocrx_word' id='word_1_92' title='bbox 251 847 329 881; x_wconf 87' lang='grc' dir='ltr'><em>τῶν</em></span> <span class='ocrx_word' id='word_1_93' title='bbox 355 841 492 881; x_wconf 84' lang='grc' dir='ltr'><em>οἰκιῶν</em></span> <span class='ocrx_word' id='word_1_94' title='bbox 517 841 719 893; x_wconf 78' lang='grc' dir='ltr'><em>καθάρσια</em></span> <span class='ocrx_word' id='word_1_95' title='bbox 743 840 790 879; x_wconf 85' lang='grc' dir='ltr'><em>τὰ</em></span> <span class='ocrx_word' id='word_1_96' title='bbox 815 839 857 880; x_wconf 81' lang='grc' dir='ltr'><em>ἐν</em></span> <span class='ocrx_word' id='word_1_97' title='bbox 877 844 960 888; x_wconf 86' lang='grc' dir='ltr'><em>ταῖς</em></span> <span class='ocrx_word' id='word_1_98' title='bbox 978 839 1148 894; x_wconf 79' lang='grc' dir='ltr'><em>τριόδοις</em></span> <span class='ocrx_word' id='word_1_99' title='bbox 1165 838 1351 892; x_wconf 81' lang='grc' dir='ltr'><em>τιθέμενα</em></span> <span class='ocrx_word' id='word_1_100' title='bbox 1377 837 1495 894; x_wconf 83' lang='grc'>(287,</span> <span class='ocrx_word' id='word_1_101' title='bbox 1516 844 1571 880; x_wconf 84' lang='lat'><em>24</em></span> <span class='ocrx_word' id='word_1_102' title='bbox 1599 840 1646 880; x_wconf 82' lang='grc' dir='ltr'><em>τὰ</em></span> <span class='ocrx_word' id='word_1_103' title='bbox 1665 841 1817 894; x_wconf 83' lang='grc' dir='ltr'><em>καθάρ-</em></span> 
     </span>
     <span class='ocr_line' id='line_1_11' title="bbox 252 896 1627 954; baseline -0.001 -14"><span class='ocrx_word' id='word_1_104' title='bbox 252 916 353 952; x_wconf 87' lang='grc' dir='ltr'><em>ματα</em></span> <span class='ocrx_word' id='word_1_105' title='bbox 386 907 464 940; x_wconf 84' lang='grc' dir='ltr'><em>τῶν</em></span> <span class='ocrx_word' id='word_1_106' title='bbox 498 906 663 952; x_wconf 82' lang='grc' dir='ltr'><em>νεκρῶν,</em></span> <span class='ocrx_word' id='word_1_107' title='bbox 695 898 720 939; x_wconf 75' lang='grc' dir='ltr'>ἃ</span> <span class='ocrx_word' id='word_1_108' title='bbox 754 898 803 951; x_wconf 79' lang='grc' dir='ltr'><em>δὴ</em></span> <span class='ocrx_word' id='word_1_109' title='bbox 836 899 901 939; x_wconf 81' lang='grc' dir='ltr'><em>καὶ</em></span> <span class='ocrx_word' id='word_1_110' title='bbox 925 896 1143 954; x_wconf 87' lang='grc' dir='ltr'><em>Ἑκαταῖα).</em></span> <span class='ocrx_word' id='word_1_111' title='bbox 1180 921 1227 928; x_wconf 86' lang='lat'>-</span> <span class='ocrx_word' id='word_1_112' title='bbox 1264 901 1443 951; x_wconf 78' lang='lat' dir='ltr'><em>loquitur</em></span> <span class='ocrx_word' id='word_1_113' title='bbox 1474 901 1627 940; x_wconf 86' lang='lat' dir='ltr'><strong>mulier.</strong></span> 
     </span>
    </p>
   </div>
   <div class='ocr_carea' id='block_1_3' title="bbox 464 1122 1525 1250">
    <p class='ocr_par' dir='ltr' id='par_1_3' title="bbox 464 1122 1525 1250">
     <span class='ocr_line' id='line_1_12' title="bbox 941 1122 1525 1179; baseline 0.002 -14"><span class='ocrx_word' id='word_1_114' title='bbox 941 1123 1095 1178; x_wconf 79' lang='grc' dir='ltr'><em>ἅτερος</em></span> <span class='ocrx_word' id='word_1_115' title='bbox 1125 1123 1234 1179; x_wconf 89' lang='grc' dir='ltr'><em>πρὸς</em></span> <span class='ocrx_word' id='word_1_116' title='bbox 1263 1124 1342 1166; x_wconf 88' lang='grc' dir='ltr'><em>τὸν</em></span> <span class='ocrx_word' id='word_1_117' title='bbox 1374 1122 1525 1179; x_wconf 71' lang='grc' dir='ltr'><em>ἕτερον</em></span> 
     </span>
     <span class='ocr_line' id='line_1_13' title="bbox 464 1191 1401 1250; baseline -0.002 -12"><span class='ocrx_word' id='word_1_118' title='bbox 464 1196 754 1250; x_wconf 84' lang='grc' dir='ltr'><em>ὑπαλείφεται</em></span> <span class='ocrx_word' id='word_1_119' title='bbox 785 1195 844 1236; x_wconf 88' lang='grc' dir='ltr'><em>τὼ</em></span> <span class='ocrx_word' id='word_1_120' title='bbox 877 1193 998 1249; x_wconf 79' lang='grc' dir='ltr'><em>χεῖρέ</em></span> <span class='ocrx_word' id='word_1_121' title='bbox 1024 1191 1071 1236; x_wconf 77' lang='grc' dir='ltr'><em>θ’</em></span> <span class='ocrx_word' id='word_1_122' title='bbox 1109 1193 1401 1236; x_wconf 83' lang='grc' dir='ltr'><em>ὑποκονίεται.</em></span> 
     </span>
    </p>
   </div>
   <div class='ocr_carea' id='block_1_4' title="bbox 372 1285 1927 1345">
    <p class='ocr_par' dir='ltr' id='par_1_4' title="bbox 372 1285 1927 1345">
     <span class='ocr_line' id='line_1_14' title="bbox 372 1285 1927 1345; baseline 0 -13"><span class='ocrx_word' id='word_1_123' title='bbox 372 1295 613 1333; x_wconf 80' lang='lat' dir='ltr'><strong>Plutarchus</strong></span> <span class='ocrx_word' id='word_1_124' title='bbox 627 1294 764 1344; x_wconf 87' lang='lat' dir='ltr'><strong>Pomp.</strong></span> <span class='ocrx_word' id='word_1_125' title='bbox 779 1295 833 1333; x_wconf 89' lang='lat'><em>53</em></span> <span class='ocrx_word' id='word_1_126' title='bbox 854 1291 938 1332; x_wconf 82' lang='grc' dir='ltr'><em>ἐπεὶ</em></span> <span class='ocrx_word' id='word_1_127' title='bbox 956 1291 1110 1332; x_wconf 78' lang='grc' dir='ltr'><em>ἀνεῖλεν</em></span> <span class='ocrx_word' id='word_1_128' title='bbox 1128 1289 1153 1342; x_wconf 78' lang='grc' dir='ltr'>ἡ</span> <span class='ocrx_word' id='word_1_129' title='bbox 1174 1291 1269 1343; x_wconf 81' lang='grc' dir='ltr'><em>τύχη</em></span> <span class='ocrx_word' id='word_1_130' title='bbox 1289 1290 1356 1331; x_wconf 90' lang='grc' dir='ltr'><em>τὸν</em></span> <span class='ocrx_word' id='word_1_131' title='bbox 1375 1291 1543 1344; x_wconf 77' lang='grc' dir='ltr'><em>ἔφεδρον</em></span> <span class='ocrx_word' id='word_1_132' title='bbox 1562 1297 1632 1331; x_wconf 84' lang='grc' dir='ltr'><em>τοῦ</em></span> <span class='ocrx_word' id='word_1_133' title='bbox 1651 1290 1817 1345; x_wconf 76' lang='grc' dir='ltr'><em>ἀγῶνος,</em></span> <span class='ocrx_word' id='word_1_134' title='bbox 1856 1298 1863 1301; x_wconf 89' lang='grc'><strong>’</strong></span> <span class='ocrx_word' id='word_1_135' title='bbox 1917 1285 1927 1295; x_wconf 67' lang='grc'><strong>”</strong></span> 
     </span>
    </p>
   </div>
   <div class='ocr_carea' id='block_1_5' title="bbox 249 1348 1819 1583">
    <p class='ocr_par' dir='ltr' id='par_1_5' title="bbox 249 1348 1819 1583">
     <span class='ocr_line' id='line_1_15' title="bbox 250 1348 1819 1405; baseline -0.001 -12"><span class='ocrx_word' id='word_1_136' title='bbox 250 1353 375 1400; x_wconf 78' lang='grc' dir='ltr'><em>εὐθὺς</em></span> <span class='ocrx_word' id='word_1_137' title='bbox 413 1348 465 1405; x_wconf 77' lang='grc' dir='ltr'><em>ἦν</em></span> <span class='ocrx_word' id='word_1_138' title='bbox 502 1353 625 1392; x_wconf 83' lang='grc' dir='ltr'><em>εἰπεῖν</em></span> <span class='ocrx_word' id='word_1_139' title='bbox 662 1351 703 1392; x_wconf 92' lang='grc' dir='ltr'><em>τὸ</em></span> <span class='ocrx_word' id='word_1_140' title='bbox 741 1351 915 1404; x_wconf 87' lang='grc' dir='ltr'><em>κωμικὸν</em></span> <span class='ocrx_word' id='word_1_141' title='bbox 948 1349 1001 1399; x_wconf 80' lang='grc' dir='ltr'><em>ὡς</em></span> <span class='ocrx_word' id='word_1_142' title='bbox 1032 1354 1108 1390; x_wconf 89' lang='grc' dir='ltr'><em>κτλ.</em></span> <span class='ocrx_word' id='word_1_143' title='bbox 1150 1374 1198 1379; x_wconf 90' lang='grc'><strong>-</strong></span> <span class='ocrx_word' id='word_1_144' title='bbox 1242 1353 1320 1391; x_wconf 89' lang='lat' dir='ltr'><em>duo</em></span> <span class='ocrx_word' id='word_1_145' title='bbox 1357 1352 1505 1391; x_wconf 83' lang='lat' dir='ltr'>aemuli</span> <span class='ocrx_word' id='word_1_146' title='bbox 1542 1352 1819 1403; x_wconf 73' lang='lat' dir='ltr'><em>significantur</em></span> 
     </span>
     <span class='ocr_line' id='line_1_16' title="bbox 251 1411 1817 1465; baseline -0.001 -13"><span class='ocrx_word' id='word_1_147' title='bbox 251 1414 331 1465; x_wconf 81' lang='lat' dir='ltr'><strong>qui,</strong></span> <span class='ocrx_word' id='word_1_148' title='bbox 364 1416 412 1452; x_wconf 71' lang='lat' dir='ltr'><em>ut</em></span> <span class='ocrx_word' id='word_1_149' title='bbox 443 1413 654 1463; x_wconf 85' lang='lat' dir='ltr'>Pompeius</span> <span class='ocrx_word' id='word_1_150' title='bbox 687 1414 727 1451; x_wconf 72' lang='lat' dir='ltr'><em>et</em></span> <span class='ocrx_word' id='word_1_151' title='bbox 758 1411 905 1451; x_wconf 75' lang='lat' dir='ltr'><em>Caesar</em></span> <span class='ocrx_word' id='word_1_152' title='bbox 937 1411 1080 1450; x_wconf 87' lang='lat' dir='ltr'>Crasso</span> <span class='ocrx_word' id='word_1_153' title='bbox 1112 1413 1290 1460; x_wconf 74' lang='lat' dir='ltr'><em>mortuo,</em></span> <span class='ocrx_word' id='word_1_154' title='bbox 1320 1411 1441 1451; x_wconf 71' lang='lat' dir='ltr'><em>tertio</em></span> <span class='ocrx_word' id='word_1_155' title='bbox 1473 1412 1628 1450; x_wconf 80' lang='lat' dir='ltr'><em>aemulo</em></span> <span class='ocrx_word' id='word_1_156' title='bbox 1660 1412 1817 1450; x_wconf 81' lang='lat' dir='ltr'><em>sublato</em></span> 
     </span>
     <span class='ocr_line' id='line_1_17' title="bbox 250 1470 1818 1522; baseline -0.002 -10"><span class='ocrx_word' id='word_1_157' title='bbox 250 1473 388 1512; x_wconf 73' lang='lat' dir='ltr'>statim</span> <span class='ocrx_word' id='word_1_158' title='bbox 425 1473 476 1511; x_wconf 87' lang='lat' dir='ltr'><em>ad</em></span> <span class='ocrx_word' id='word_1_159' title='bbox 507 1475 709 1511; x_wconf 74' lang='lat' dir='ltr'><em>certamen</em></span> <span class='ocrx_word' id='word_1_160' title='bbox 740 1472 993 1510; x_wconf 68' lang='lat' dir='ltr'><em>descendunt.</em></span> <span class='ocrx_word' id='word_1_161' title='bbox 1056 1470 1326 1520; x_wconf 77' lang='lat' dir='ltr'>Aristophane</span> <span class='ocrx_word' id='word_1_162' title='bbox 1371 1473 1412 1509; x_wconf 74' lang='lat' dir='ltr'><em>et</em></span> <span class='ocrx_word' id='word_1_163' title='bbox 1450 1470 1611 1510; x_wconf 76' lang='lat' dir='ltr'><strong>Cratino</strong></span> <span class='ocrx_word' id='word_1_164' title='bbox 1653 1471 1818 1522; x_wconf 87' lang='lat' dir='ltr'><strong>dignum</strong></span> 
     </span>
     <span class='ocr_line' id='line_1_18' title="bbox 249 1525 1143 1583; baseline -0.003 -12"><span class='ocrx_word' id='word_1_165' title='bbox 249 1533 522 1583; x_wconf 73' lang='lat' dir='ltr'><strong>fragmentum</strong></span> <span class='ocrx_word' id='word_1_166' title='bbox 552 1532 703 1570; x_wconf 60' lang='lat' dir='ltr'><em>iudicas]</em></span> <span class='ocrx_word' id='word_1_167' title='bbox 734 1529 870 1570; x_wconf 70' lang='lat' dir='ltr'><em>Cobe‘n.</em></span> <span class='ocrx_word' id='word_1_168' title='bbox 890 1530 937 1569; x_wconf 78' lang='lat' dir='ltr'><em>V,</em></span> <span class='ocrx_word' id='word_1_169' title='bbox 970 1525 1013 1568; x_wconf 61' lang='lat' dir='ltr'><em>l?</em></span> <span class='ocrx_word' id='word_1_170' title='bbox 1051 1532 1143 1568; x_wconf 89' lang='lat'>130.</span> 
     </span>
    </p>
   </div>
   <div class='ocr_carea' id='block_1_6' title="bbox 464 1752 1568 1880">
    <p class='ocr_par' dir='ltr' id='par_1_6' title="bbox 464 1752 1568 1880">
     <span class='ocr_line' id='line_1_19' title="bbox 465 1752 1372 1808; baseline -0.002 -12"><span class='ocrx_word' id='word_1_171' title='bbox 465 1753 600 1808; x_wconf 80' lang='grc' dir='ltr'><em>δέξαι,</em></span> <span class='ocrx_word' id='word_1_172' title='bbox 631 1752 790 1796; x_wconf 80' lang='grc' dir='ltr'><em>τέκνον</em></span> <span class='ocrx_word' id='word_1_173' title='bbox 854 1785 1149 1794; x_wconf 92' lang='grc'><em>.....</em></span> <span class='ocrx_word' id='word_1_174' title='bbox 1211 1753 1372 1807; x_wconf 77' lang='grc' dir='ltr'><em>ἔγχεαι·</em></span> 
     </span>
     <span class='ocr_line' id='line_1_20' title="bbox 464 1824 1568 1880; baseline -0.001 -13"><span class='ocrx_word' id='word_1_175' title='bbox 464 1829 508 1867; x_wconf 81' lang='grc' dir='ltr'><em>εἴ</em></span> <span class='ocrx_word' id='word_1_176' title='bbox 533 1826 579 1866; x_wconf 88' lang='grc' dir='ltr'><em>τί</em></span> <span class='ocrx_word' id='word_1_177' title='bbox 606 1840 658 1880; x_wconf 87' lang='grc' dir='ltr'><em>με</em></span> <span class='ocrx_word' id='word_1_178' title='bbox 690 1827 848 1879; x_wconf 77' lang='grc' dir='ltr'><em>φιλεῖς,</em></span> <span class='ocrx_word' id='word_1_179' title='bbox 880 1824 1038 1879; x_wconf 90' lang='grc' dir='ltr'><em>μικρὸν</em></span> <span class='ocrx_word' id='word_1_180' title='bbox 1070 1824 1132 1865; x_wconf 81' lang='grc' dir='ltr'><em>ἔτι</em></span> <span class='ocrx_word' id='word_1_181' title='bbox 1164 1829 1295 1865; x_wconf 87' lang='grc' dir='ltr'><em>τοῦτο</em></span> <span class='ocrx_word' id='word_1_182' title='bbox 1327 1824 1568 1878; x_wconf 77' lang='grc' dir='ltr'><em>πρόσφαγε.</em></span> 
     </span>
    </p>
   </div>
   <div class='ocr_carea' id='block_1_7' title="bbox 251 1918 1816 2036">
    <p class='ocr_par' dir='ltr' id='par_1_7' title="bbox 251 1918 1816 2036">
     <span class='ocr_line' id='line_1_21' title="bbox 370 1918 1816 1976; baseline -0.001 -14"><span class='ocrx_word' id='word_1_183' title='bbox 370 1925 567 1976; x_wconf 81' lang='lat' dir='ltr'>Diogenes</span> <span class='ocrx_word' id='word_1_184' title='bbox 600 1924 725 1973; x_wconf 78' lang='lat' dir='ltr'>Epist.</span> <span class='ocrx_word' id='word_1_185' title='bbox 753 1926 807 1962; x_wconf 88' lang='lat'><em>29</em></span> <span class='ocrx_word' id='word_1_186' title='bbox 841 1925 941 1962; x_wconf 73' lang='lat' dir='ltr'><strong>extr.</strong></span> <span class='ocrx_word' id='word_1_187' title='bbox 1012 1925 1048 1962; x_wconf 89' lang='lat'><em>2.</em></span> <span class='ocrx_word' id='word_1_188' title='bbox 1088 1918 1142 1960; x_wconf 68' lang='grc' dir='ltr'><em>ἔτι</em></span> <span class='ocrx_word' id='word_1_189' title='bbox 1173 1920 1296 1972; x_wconf 88' lang='grc' dir='ltr'><em>μόνον</em></span> <span class='ocrx_word' id='word_1_190' title='bbox 1327 1919 1445 1961; x_wconf 85' lang='grc' dir='ltr'><em>τουτὶ.</em></span> <span class='ocrx_word' id='word_1_191' title='bbox 1494 1923 1663 1961; x_wconf 81' lang='lat' dir='ltr'><em>fortasse</em></span> <span class='ocrx_word' id='word_1_192' title='bbox 1696 1933 1816 1974; x_wconf 81' lang='grc' dir='ltr'><em>προσ-</em></span> 
     </span>
     <span class='ocr_line' id='line_1_22' title="bbox 251 1981 1493 2036; baseline -0.002 -13"><span class='ocrx_word' id='word_1_193' title='bbox 251 1982 387 2036; x_wconf 84' lang='grc' dir='ltr'><em>φέρου.</em></span> <span class='ocrx_word' id='word_1_194' title='bbox 440 1984 499 2022; x_wconf 75' lang='lat' dir='ltr'><em>ita</em></span> <span class='ocrx_word' id='word_1_195' title='bbox 530 1983 594 2022; x_wconf 82' lang='lat' dir='ltr'><em>avi</em></span> <span class='ocrx_word' id='word_1_196' title='bbox 625 1983 879 2033; x_wconf 69' lang='lat' dir='ltr'><strong>nutricesque</strong></span> <span class='ocrx_word' id='word_1_197' title='bbox 911 1983 1083 2021; x_wconf 74' lang='lat' dir='ltr'><em>infantes</em></span> <span class='ocrx_word' id='word_1_198' title='bbox 1116 1981 1322 2020; x_wconf 75' lang='lat' dir='ltr'><em>adhortari</em></span> <span class='ocrx_word' id='word_1_199' title='bbox 1353 1982 1493 2021; x_wconf 76' lang='lat' dir='ltr'>solent.</span> 
     </span>
    </p>
   </div>
   <div class='ocr_carea' id='block_1_8' title="bbox 249 2122 1814 2488">
    <p class='ocr_par' dir='ltr' id='par_1_8' title="bbox 249 2122 1814 2488">
     <span class='ocr_line' id='line_1_23' title="bbox 992 2122 1079 2164; baseline 0 0"><span class='ocrx_word' id='word_1_200' title='bbox 992 2122 1079 2164; x_wconf 86' lang='lat'><em>403</em></span> 
     </span>
     <span class='ocr_line' id='line_1_24' title="bbox 817 2202 1363 2260; baseline -0.002 -13"><span class='ocrx_word' id='word_1_201' title='bbox 817 2207 866 2247; x_wconf 85' lang='grc' dir='ltr'><em>τὸ</em></span> <span class='ocrx_word' id='word_1_202' title='bbox 898 2202 979 2260; x_wconf 73' lang='grc' dir='ltr'><em>μὲν</em></span> <span class='ocrx_word' id='word_1_203' title='bbox 1011 2203 1156 2258; x_wconf 83' lang='grc' dir='ltr'><em>λέγειν</em></span> <span class='ocrx_word' id='word_1_204' title='bbox 1186 2205 1363 2259; x_wconf 79' lang='grc' dir='ltr'><em>βροτοῖς</em></span> 
     </span>
     <span class='ocr_line' id='line_1_25' title="bbox 462 2273 1520 2336; baseline -0.003 -16"><span class='ocrx_word' id='word_1_205' title='bbox 462 2277 488 2332; x_wconf 83' lang='grc' dir='ltr'>ἡ</span> <span class='ocrx_word' id='word_1_206' title='bbox 522 2278 656 2333; x_wconf 80' lang='grc' dir='ltr'><em>φύσις</em></span> <span class='ocrx_word' id='word_1_207' title='bbox 687 2278 836 2330; x_wconf 80' lang='grc' dir='ltr'><em>ἔδωκε,</em></span> <span class='ocrx_word' id='word_1_208' title='bbox 868 2277 917 2318; x_wconf 92' lang='grc' dir='ltr'><em>τὸ</em></span> <span class='ocrx_word' id='word_1_209' title='bbox 951 2273 1005 2336; x_wconf 21' lang='grc' dir='ltr'><em>δὲ.</em></span> <span class='ocrx_word' id='word_1_210' title='bbox 1030 2278 1173 2325; x_wconf 85' lang='grc' dir='ltr'><em>καλῶς</em></span> <span class='ocrx_word' id='word_1_211' title='bbox 1204 2273 1349 2329; x_wconf 77' lang='grc' dir='ltr'><em>λέγειν</em></span> <span class='ocrx_word' id='word_1_212' title='bbox 1379 2274 1520 2330; x_wconf 84' lang='grc' dir='ltr'><em>τέχνη.</em></span> 
     </span>
     <span class='ocr_line' id='line_1_26' title="bbox 367 2368 1814 2427; baseline -0.002 -13"><span class='ocrx_word' id='word_1_213' title='bbox 367 2376 526 2415; x_wconf 86' lang='lat' dir='ltr'><strong>Hercul.</strong></span> <span class='ocrx_word' id='word_1_214' title='bbox 558 2377 635 2415; x_wconf 88' lang='lat' dir='ltr'>vol.</span> <span class='ocrx_word' id='word_1_215' title='bbox 669 2376 768 2415; x_wconf 84' lang='lat' dir='ltr'>conl.</span> <span class='ocrx_word' id='word_1_216' title='bbox 801 2376 870 2414; x_wconf 72' lang='lat' dir='ltr'><em>alt.</em></span> <span class='ocrx_word' id='word_1_217' title='bbox 899 2375 1017 2413; x_wconf 93' lang='lat' dir='ltr'>VIIII</span> <span class='ocrx_word' id='word_1_218' title='bbox 1048 2375 1115 2414; x_wconf 88' lang='lat' dir='ltr'>fol.</span> <span class='ocrx_word' id='word_1_219' title='bbox 1151 2376 1199 2412; x_wconf 91' lang='lat'><em>11</em></span> <span class='ocrx_word' id='word_1_220' title='bbox 1236 2372 1331 2412; x_wconf 79' lang='grc' dir='ltr'><em>ὥστε</em></span> <span class='ocrx_word' id='word_1_221' title='bbox 1362 2371 1427 2411; x_wconf 86' lang='grc' dir='ltr'><em>καὶ</em></span> <span class='ocrx_word' id='word_1_222' title='bbox 1458 2371 1499 2411; x_wconf 90' lang='grc' dir='ltr'><em>τὸ</em></span> <span class='ocrx_word' id='word_1_223' title='bbox 1531 2375 1564 2411; x_wconf 95' lang='grc' dir='ltr'><em>λ.</em></span> <span class='ocrx_word' id='word_1_224' title='bbox 1595 2370 1620 2423; x_wconf 79' lang='grc' dir='ltr'><em>ἡ</em></span> <span class='ocrx_word' id='word_1_225' title='bbox 1653 2368 1814 2427; x_wconf 83' lang='grc' dir='ltr'><em>φ(ύσ)ις</em></span> 
     </span>
     <span class='ocr_line' id='line_1_27' title="bbox 249 2429 1814 2488; baseline -0.002 -14"><span class='ocrx_word' id='word_1_226' title='bbox 249 2430 449 2488; x_wconf 75' lang='grc' dir='ltr'><em>ἐ’ὂω(κ)εν,</em></span> <span class='ocrx_word' id='word_1_227' title='bbox 480 2433 522 2474; x_wconf 89' lang='grc' dir='ltr'><em>τὸ</em></span> <span class='ocrx_word' id='word_1_228' title='bbox 555 2433 597 2474; x_wconf 82' lang='grc' dir='ltr'><em>δὲ</em></span> <span class='ocrx_word' id='word_1_229' title='bbox 628 2437 754 2482; x_wconf 83' lang='grc' dir='ltr'><em>καλῶς</em></span> <span class='ocrx_word' id='word_1_230' title='bbox 787 2429 991 2488; x_wconf 76' lang='grc' dir='ltr'><em>(λ)ἐ(γ)ειν</em></span> <span class='ocrx_word' id='word_1_231' title='bbox 1022 2430 1048 2484; x_wconf 80' lang='grc' dir='ltr'>ἡ</span> <span class='ocrx_word' id='word_1_232' title='bbox 1079 2431 1203 2485; x_wconf 83' lang='grc' dir='ltr'><em>τέχνη.</em></span> <span class='ocrx_word' id='word_1_233' title='bbox 1244 2433 1383 2471; x_wconf 82' lang='lat' dir='ltr'>comici</span> <span class='ocrx_word' id='word_1_234' title='bbox 1414 2445 1499 2472; x_wconf 87' lang='lat' dir='ltr'>esse</span> <span class='ocrx_word' id='word_1_235' title='bbox 1532 2433 1675 2471; x_wconf 71' lang='lat' dir='ltr'><em>statuit</em></span> <span class='ocrx_word' id='word_1_236' title='bbox 1694 2432 1814 2472; x_wconf 86' lang='lat' dir='ltr'>Gom-</span> 
     </span>
    </p>
   </div>
   <div class='ocr_carea' id='block_1_9' title="bbox 248 2488 1813 2605">
    <p class='ocr_par' dir='ltr' id='par_1_9' title="bbox 248 2488 1813 2605">
     <span class='ocr_line' id='line_1_28' title="bbox 248 2488 1813 2544; baseline -0.002 -11"><span class='ocrx_word' id='word_1_237' title='bbox 248 2508 351 2544; x_wconf 81' lang='lat' dir='ltr'><strong>perz.</strong></span> <span class='ocrx_word' id='word_1_238' title='bbox 381 2494 510 2533; x_wconf 90' lang='lat' dir='ltr'><strong>Wien.</strong></span> <span class='ocrx_word' id='word_1_239' title='bbox 542 2494 652 2533; x_wconf 77' lang='lat' dir='ltr'><strong>Stud.</strong></span> <span class='ocrx_word' id='word_1_240' title='bbox 688 2495 802 2533; x_wconf 84' lang='lat'>1880</span> <span class='ocrx_word' id='word_1_241' title='bbox 834 2508 870 2544; x_wconf 91' lang='lat' dir='ltr'><em>p.</em></span> <span class='ocrx_word' id='word_1_242' title='bbox 905 2495 944 2543; x_wconf 84' lang='lat'><em>5,</em></span> <span class='ocrx_word' id='word_1_243' title='bbox 974 2494 1043 2543; x_wconf 79' lang='lat' dir='ltr'><em>qui</em></span> <span class='ocrx_word' id='word_1_244' title='bbox 1073 2491 1141 2531; x_wconf 90' lang='grc' dir='ltr'><em>τὸν</em></span> <span class='ocrx_word' id='word_1_245' title='bbox 1173 2489 1244 2543; x_wconf 79' lang='grc' dir='ltr'><em>μὲν</em></span> <span class='ocrx_word' id='word_1_246' title='bbox 1275 2492 1365 2543; x_wconf 85' lang='grc' dir='ltr'><em>βίον</em></span> <span class='ocrx_word' id='word_1_247' title='bbox 1393 2488 1451 2542; x_wconf 59' lang='grc' dir='ltr'><em>[ἡ</em></span> <span class='ocrx_word' id='word_1_248' title='bbox 1484 2506 1526 2541; x_wconf 91' lang='grc' dir='ltr'><em>φ.</em></span> <span class='ocrx_word' id='word_1_249' title='bbox 1552 2490 1607 2531; x_wconf 76' lang='grc' dir='ltr'><em>ἕδ.</em></span> <span class='ocrx_word' id='word_1_250' title='bbox 1638 2491 1679 2531; x_wconf 88' lang='grc' dir='ltr'><em>τὸ</em></span> <span class='ocrx_word' id='word_1_251' title='bbox 1712 2489 1754 2530; x_wconf 80' lang='grc' dir='ltr'><em>δὲ</em></span> <span class='ocrx_word' id='word_1_252' title='bbox 1779 2507 1813 2531; x_wconf 89' lang='grc' dir='ltr'><em>κ.</em></span> 
     </span>
     <span class='ocr_line' id='line_1_29' title="bbox 252 2550 1715 2605; baseline 0 -14"><span class='ocrx_word' id='word_1_253' title='bbox 252 2555 325 2605; x_wconf 73' lang='grc' dir='ltr'><em>ζῆν</em></span> <span class='ocrx_word' id='word_1_254' title='bbox 357 2550 382 2604; x_wconf 78' lang='grc' dir='ltr'><strong><em>ἡ</em></strong></span> <span class='ocrx_word' id='word_1_255' title='bbox 414 2551 526 2605; x_wconf 85' lang='grc' dir='ltr'><em>τέχνη</em></span> <span class='ocrx_word' id='word_1_256' title='bbox 559 2556 704 2604; x_wconf 54' lang='lat' dir='ltr'><em>poetae.</em></span> <span class='ocrx_word' id='word_1_257' title='bbox 731 2553 888 2602; x_wconf 71' lang='lat' dir='ltr'><strong>tribuit,</strong></span> <span class='ocrx_word' id='word_1_258' title='bbox 921 2565 1038 2602; x_wconf 86' lang='lat' dir='ltr'><strong>quem</strong></span> <span class='ocrx_word' id='word_1_259' title='bbox 1070 2551 1331 2590; x_wconf 83' lang='lat' dir='ltr'><strong>Menandrum</strong></span> <span class='ocrx_word' id='word_1_260' title='bbox 1363 2564 1448 2590; x_wconf 83' lang='lat' dir='ltr'>esse</span> <span class='ocrx_word' id='word_1_261' title='bbox 1480 2552 1715 2602; x_wconf 76' lang='lat' dir='ltr'><em>suspioatur.</em></span> 
     </span>
    </p>
   </div>
   <div class='ocr_carea' id='block_1_10' title="bbox 989 2692 1077 2734">
    <p class='ocr_par' dir='ltr' id='par_1_10' title="bbox 989 2692 1077 2734">
     <span class='ocr_line' id='line_1_30' title="bbox 989 2692 1077 2734; baseline 0.011 -1"><span class='ocrx_word' id='word_1_262' title='bbox 989 2692 1077 2734; x_wconf 89' lang='grc'><em>404</em></span> 
     </span>
    </p>
   </div>
   <div class='ocr_carea' id='block_1_11' title="bbox 462 2773 1346 2902">
    <p class='ocr_par' dir='ltr' id='par_1_11' title="bbox 462 2773 1346 2902">
     <span class='ocr_line' id='line_1_31' title="bbox 463 2773 1346 2831; baseline -0.003 -13"><span class='ocrx_word' id='word_1_263' title='bbox 463 2777 646 2831; x_wconf 84' lang='grc' dir='ltr'><em>ἰσχυρόν</em></span> <span class='ocrx_word' id='word_1_264' title='bbox 678 2775 768 2818; x_wconf 81' lang='grc' dir='ltr'><em>ἐστι</em></span> <span class='ocrx_word' id='word_1_265' title='bbox 799 2775 1011 2824; x_wconf 81' lang='grc' dir='ltr'><em>πλούσιος</em></span> <span class='ocrx_word' id='word_1_266' title='bbox 1041 2773 1346 2828; x_wconf 79' lang='grc' dir='ltr'><em>ἀγνοούμενον</em></span> 
     </span>
     <span class='ocr_line' id='line_1_32' title="bbox 462 2847 896 2902; baseline -0.002 -14"><span class='ocrx_word' id='word_1_267' title='bbox 462 2848 575 2902; x_wconf 83' lang='grc' dir='ltr'><em>ἔχων</em></span> <span class='ocrx_word' id='word_1_268' title='bbox 606 2847 896 2902; x_wconf 86' lang='grc' dir='ltr'><em>κληρονόμον.</em></span> 
     </span>
    </p>
   </div>
   <div class='ocr_carea' id='block_1_12' title="bbox 368 2928 1554 2982">
    <p class='ocr_par' dir='ltr' id='par_1_12' title="bbox 368 2928 1554 2982">
     <span class='ocr_line' id='line_1_33' title="bbox 368 2928 1554 2982; baseline -0.001 -13"><span class='ocrx_word' id='word_1_269' title='bbox 368 2932 609 2971; x_wconf 78' lang='lat' dir='ltr'><em>Plutarchus</em></span> <span class='ocrx_word' id='word_1_270' title='bbox 642 2933 738 2971; x_wconf 88' lang='lat' dir='ltr'><em>Mor.</em></span> <span class='ocrx_word' id='word_1_271' title='bbox 772 2931 901 2971; x_wconf 73' lang='lat'>4976.</span> <span class='ocrx_word' id='word_1_272' title='bbox 967 2935 1003 2970; x_wconf 87' lang='lat'><em>2.</em></span> <span class='ocrx_word' id='word_1_273' title='bbox 1036 2933 1204 2971; x_wconf 75' lang='lat' dir='ltr'><em>fortasse</em></span> <span class='ocrx_word' id='word_1_274' title='bbox 1236 2928 1468 2982; x_wconf 84' lang='grc' dir='ltr'><em>κεκτημένος</em></span> <span class='ocrx_word' id='word_1_275' title='bbox 1498 2932 1554 2968; x_wconf 92' lang='grc' dir='ltr'><em>κλ.</em></span> 
     </span>
    </p>
   </div>
  </div>
 </body>
</html>
