2014 3334
0 3093 50 3187 Q:

738 257 992 292 ΛΕΤΚΑΔῙΑ
1019 277 1063 283 -
1090 256 1231 292 ΜΕΘΗ
1722 257 1777 299 91

894 377 1083 411 ΛΟΚΡΟΙ

313 454 374 495 Cf.
393 454 630 502 Quintilian.
654 455 722 503 10,
745 456 782 503 1,
805 455 860 493 70
893 450 955 506 (in
987 453 1044 493 eis
1065 466 1167 505 quae
1200 454 1251 493 ad
1270 455 1482 504 Epicleron
1502 452 1780 508 adnotantur).

192 514 391 569 Λοκρίδες
420 515 587 555 fuerunt
619 513 926 554 Anaxandridis.

947 631 1033 674 318

481 714 736 774 ὑγιέστερος
767 722 991 773 κροτῶνος

313 801 378 844 ἐπὶ
407 809 488 844 τῶν
518 803 627 844 πάνυ
664 802 928 858 ὑγιαινόντων
960 800 985 855 ἡ
1018 802 1210 856 παροιμία
1241 800 1320 842 ἀπὸ
1352 807 1423 843 τοῦ
1453 800 1556 859 ζῴου
1593 809 1663 843 τοῦ
1690 819 1782 857 κρο-

194 869 330 913 τῶνος.
375 866 482 905 λεῖον
510 863 585 918 γάρ
618 862 721 904 ἐστιν
753 862 847 904 ὅλον
873 861 940 903 καὶ
974 861 1090 916 χωρὶς
1122 861 1278 915 ἀμυχῆς
1303 861 1369 902 καὶ
1395 861 1520 914 μηδὲν
1547 862 1636 916 ἔχον
1663 863 1782 911 σίνος.

193 922 387 977 μέμνηται
405 923 551 976 ταύτης
570 923 816 977 Μένανδρος
836 922 879 964 ἐν
899 926 1086 977 Λοκροῖς.
1120 923 1319 963 Zenobius
1341 925 1379 974 6,
1402 926 1468 963 27.
1503 925 1551 963 cf.
1574 924 1721 963 Macar.
1745 927 1782 972 5,

195 987 264 1026 33.
286 985 432 1025 Suidas
453 987 494 1025 et
507 985 677 1025 Photius
695 986 875 1036 180,-16.
892 986 990 1034 614,
1007 986 1075 1023 22.
1097 983 1457 1034 Aelian.Epist.10
1471 998 1509 1034 p.
1522 987 1573 1023 19
1591 985 1783 1023 Hel-cher.

193 1043 455 1099 ὑγιεινότερος
498 1043 606 1085 ἔσται
647 1051 857 1098 κροτῶνος.
919 1057 1084 1096 prorsus
1123 1044 1246 1083 aliam
1291 1044 1599 1095 explicationem
1638 1044 1783 1084 Strabo

193 1106 361 1157 praebet
384 1108 422 1158 6,
443 1108 528 1146 262
549 1104 623 1158 τὴν
647 1106 866 1158 παροιμίαν
891 1102 1116 1158 ὑγιέστερον
1136 1102 1349 1156 Κρότωνος
1373 1101 1568 1157 λέγουσαν
1595 1102 1783 1144 ἐντεῦθεν

194 1165 385 1219 εἰρῆσθαί
412 1176 551 1218 φασιν,
583 1163 638 1214 ὡς
668 1171 750 1206 τοῦ
782 1164 935 1206 τόπου
966 1163 1068 1218 πρὸς
1098 1162 1251 1218 ὑγίειαν
1283 1162 1350 1203 καὶ
1374 1162 1530 1212 εὐεξίαν
1562 1162 1718 1216 ἔχοντός
1749 1178 1785 1204 τι

195 1224 325 1279 φορὸν
357 1225 423 1266 διὰ
455 1225 496 1266 τὸ
528 1229 687 1279 πλῆθος
719 1231 798 1266 τῶν
830 1224 1030 1278 ἀθλητῶν.
1081 1225 1131 1264 de
1157 1226 1324 1264 accentu
1344 1224 1562 1264 Herodian.
1589 1225 1609 1263 I
1636 1227 1782 1278 36,17

195 1284 238 1326 τὸ
265 1283 307 1326 δὲ
331 1285 498 1341 κρότων,
531 1286 593 1327 ὅτε
618 1285 686 1326 τὸν
711 1286 870 1338 κτίστην
895 1283 922 1338 ἢ
947 1284 1034 1337 τὴν
1064 1284 1207 1325 πόλιν
1233 1315 1242 1324 .
1268 1284 1525 1336 ..σημαίνει
1551 1315 1559 1324 .
1588 1315 1596 1324 .
1624 1284 1784 1338 .βαρύ-

196 1360 324 1398 νεται,
361 1345 404 1386 τὸ
436 1345 569 1398 μέντοι
606 1345 671 1387 ἐπὶ
706 1351 778 1387 τοῦ
818 1350 1047 1399 φθαρτικοῦ
1085 1350 1163 1385 τῶν
1201 1349 1338 1384 κυνῶν
1376 1341 1491 1399 (sunt
1527 1345 1788 1398 κυνοραισταί

196 1406 314 1447 Hom.
347 1406 420 1447 Od.
456 1409 525 1459 17,
558 1401 666 1461 300)
700 1403 891 1456 ὀξύνεται.

919 1486 1062 1522 ΜΕΘΗ

316 1563 549 1604 Athenaeus
577 1566 615 1614 6,
648 1565 733 1604 247
750 1577 772 1604 e
803 1561 1048 1630 Μένανδρος
1079 1561 1123 1603 έν
1150 1560 1278 1618 Μέθῃ
1307 1556 1547 1616 (παράσιτον
1579 1558 1784 1615 εἰσάγειῗ).

948 1682 1035 1724 319

413 1763 492 1810 εἴτ’
530 1766 611 1823 οὐχ
637 1766 770 1823 ὅμοια
803 1766 1054 1824 πράττομεν
1085 1763 1159 1808 καὶ
1188 1765 1384 1821 θύομεν;

413 1839 528 1883 ὅπου
559 1855 609 1895 γε
641 1847 736 1891 τοῖς
766 1844 894 1890 θεοῖς
927 1836 1009 1895 μὲν
1040 1836 1353 1895 ἠγορασμένον

416 1913 626 1970 δραχμῶν
657 1912 750 1967 ἄγω
782 1911 1028 1968 προβάτιον
1060 1910 1288 1966 ἀγαπητὸν
1322 1909 1443 1965 δέκα,

415 1984 685 2041 αὐλητρίδας
718 1981 766 2026 δὲ
797 1981 872 2027 καὶ
903 1983 1050 2040 μύρον
1082 1980 1157 2026 καὶ
1188 1984 1418 2039 ψαλτρίας,

373 2068 394 2100 5
415 2057 666 2112 Μενδαῖον,
700 2056 884 2110 Θάσιον,
917 2054 1123 2111 ἐγχέλεις,
1154 2057 1308 2112 τυρόν,
1341 2053 1455 2110 μέλι,

415 2135 578 2187 μικροῦ
609 2129 846 2184 τάλαντον,
877 2129 1053 2184 γίνεταί
1079 2142 1126 2170 τε
1157 2127 1269 2170 κατὰ
1301 2129 1438 2182 λόγον

414 2203 624 2259 δραχμῶν
655 2198 738 2258 μὲν
769 2201 945 2257 ἀγαθὸν
976 2199 1102 2252 ἄξιον
1136 2201 1291 2255 λαβεῖν
1324 2197 1430 2242 δέκα

413 2274 542 2331 ἡμᾶς,
575 2273 654 2317 ἐὰν
684 2273 758 2317 καὶ
788 2276 1064 2330 καλλιερηθῇ
1097 2279 1191 2323 τοῖς
1221 2276 1362 2327 θεοῖς,

414 2340 587 2390 τούτων
620 2344 669 2390 δὲ
701 2347 812 2404 πρὸς
843 2344 966 2389 ταῦτ’
1004 2345 1181 2388 ἀνελεῖν
1212 2345 1295 2400 τὴν
1329 2346 1500 2400 ζημίαν,

353 2430 396 2462 10
416 2425 509 2470 πῶς
541 2417 642 2475 οὐχὶ
673 2420 723 2462 τὸ
755 2419 894 2462 κακὸν
924 2425 1015 2461 τῶν
1048 2417 1182 2474 ἱερῶν
1214 2416 1485 2468 διπλάζεται,

417 2490 502 2546 ἐγὼ
534 2488 617 2547 μὲν
648 2487 733 2534 οὖν
764 2491 829 2534 ὥν
860 2488 902 2546 γ’
940 2490 964 2533 ὁ
995 2490 1104 2540 θεὸς
1136 2488 1218 2532 οὐκ
1250 2491 1378 2531 εἴασα
1408 2487 1491 2543 τὴν

417 2562 567 2620 ὀσφὺν
597 2562 654 2606 ἂν
686 2562 756 2606 ἐπὶ
788 2564 867 2606 τὸν
898 2563 1052 2619 βωμὸν
1085 2561 1314 2605 ἐπιθεῖναί
1340 2573 1460 2614 ποτε,

418 2636 459 2678 εἰ
487 2636 546 2692 μὴ
579 2634 819 2691 καθήγιζέν
850 2650 916 2686 τις
948 2635 1037 2691 ἅμα
1068 2634 1151 2689 τὴν
1183 2634 1383 2688 ἔγχελυν,

418 2707 493 2750 ἵνα
524 2706 818 2764 Καλλιμέδων
849 2705 1076 2750 ἀπέθανεν
1108 2699 1171 2756 εἷς
1201 2711 1291 2747 τῶν
1324 2710 1567 2758 συγγενῶν.

324 2794 558 2835 Athenaeus
579 2797 618 2847 8,
640 2795 766 2836 3646.
802 2790 999 2842 θύοντες
1004 2795 1086 2840 τοῖς
1115 2794 1229 2839 θεοῖς
1260 2788 1433 2844 ὀλίγιστα
1458 2788 1513 2836 εἰς
1545 2787 1613 2836 τὰς
1638 2789 1786 2837 θυσίας

204 2852 271 2894 καὶ
307 2857 467 2895 πλεῖστα
499 2854 555 2903 εἰς
591 2854 638 2895 τὰ
668 2853 835 2908 τυχόντα
874 2854 1135 2904 δαπανῶμεν,
1173 2850 1303 2904 ὥσπερ
1336 2848 1356 2890 ὁ
1394 2847 1512 2896 καλὸς
1542 2846 1787 2902 Μένανδρος

205 2912 249 2954 ἐν
279 2919 324 2970 τῇ
357 2912 487 2971 Μέθῃ
518 2915 752 2968 παρίστησιν
776 2917 855 2955 κτλ.
917 2928 954 2956 v.
979 2916 1064 2953 1—-
1069 2915 1092 2953 6
1126 2911 1362 2951 Athenaeus
1388 2910 1545 2961 4,146
1561 2909 1587 2948 d
1619 2907 1785 2948 Μέναν-

208 2974 302 3030 δρος
333 2973 376 3015 ἕν
395 2973 526 3033 Μέθη
557 2980 628 3016 τοῦ
654 2975 836 3030 μεγίστου
858 2974 1022 3016 δείπνου
1043 2971 1262 3024 δαπάνημα
1285 2970 1478 3011 τάλαντον
1502 2969 1636 3022 τίθησι
1662 2967 1787 3023 λέγων
