2014 3334
271 265 359 307 590
645 245 648 249 ¹
928 267 1188 301 ΑΔΕΣΠΟΤΑ

994 375 1106 417 1099

551 435 807 489 παλίμπηγα

387 509 528 547 Pollux
562 510 599 557 6,
634 511 717 547 164
761 508 803 547 οἵ
836 507 1000 559 κωμικοὶ
1037 507 1083 547 τὰ
1118 507 1265 548 παλαιὰ
1301 509 1521 561 καττύματα
1552 512 1592 549 et
1625 512 1663 562 7,
1694 512 1749 550 82
1787 509 1833 550 τὰ

267 566 414 605 παλαιὰ
445 567 666 618 καττύματα
697 568 927 621 παλίμῖπηγα
958 565 1197 620 ὀνομάζεται,

994 685 1015 726 1
1024 684 1109 726 100

549 742 821 794 παππάζοιεν

384 813 530 868 πατέρα
554 819 720 856 καλοῖεν.
760 818 981 868 Hesychius
1002 819 1043 856 et
1062 817 1230 856 Photius
1251 812 1503 871 (παπάζοιεν·
1534 812 1830 872 παρακαλοῖεν).

265 875 520 923 παππάζουσι
552 879 614 915 est
632 877 746 916 Hom.
766 877 813 916 Il.
848 879 884 927 5,
918 879 1015 917 408.
1064 872 1316 924 παππάζουσ’
1354 871 1609 929 (παππίζουσ’
1634 871 1688 931 V)
1708 877 1831 917 Arist.

265 938 382 985 Vesp.
416 937 513 975 609.
563 936 611 976 cf.
642 936 871 988 πατερίζειν,
901 931 1230 990 θυγατ(ε)ρίζειν,
1261 934 1482 987 ἀδελφίζειν
1514 936 1600 976 sim.

991 1052 1103 1095 1101

548 1111 920 1168 παραγεγηρακώς

384 1185 526 1224 Pollux
562 1187 598 1235 2,
633 1187 698 1224 16.
761 1186 810 1224 cf.
843 1186 940 1224 860.

992 1277 1012 1318 1
1021 1277 1104 1319 102

547 1337 814 1392 παράδεισος

384 1410 549 1449 Photius
581 1410 623 1450 τὸ
655 1409 827 1458 ἐνεστώς.
878 1410 1058 1461 σημαίνει
1089 1407 1131 1449 δὲ
1157 1405 1243 1450 οἷον
1268 1408 1309 1448 τὸ
1336 1408 1680 1463 ἔμπεριπατεῖσθαι
1703 1413 1827 1450 τεθει-

265 1466 391 1522 μένως
430 1468 495 1508 διὰ
531 1468 603 1520 τὴν
641 1469 920 1521 ἀναισθησίαν.
971 1467 991 1509 ὅ
1028 1468 1101 1522 γὰρ
1138 1469 1376 1522 παράδεισος
1412 1467 1474 1508 ἐπὶ
1511 1474 1581 1508 τοῦ
1613 1469 1827 1521 περιπάτου

265 1526 408 1580 δένδρα
439 1527 505 1567 καὶ
535 1528 661 1568 ὕδατα
692 1528 856 1581 ἔχοντος.
907 1527 973 1568 καὶ
1004 1535 1170 1582 χρῶνται
1195 1534 1366 1580 συνεχῶς
1398 1528 1441 1568 οἱ
1461 1527 1626 1580 κωμικοὶ
1655 1526 1828 1576 τιθέντες

263 1586 330 1627 τὸν
361 1587 603 1640 παράδεισον
634 1587 697 1628 ἐπὶ
727 1595 805 1628 τῶν
836 1587 1102 1640 ἀναισθήτων.
1152 1586 1229 1627 ἔστι
1261 1585 1303 1627 δὲ
1334 1585 1510 1639 τοῦνομα
1534 1587 1731 1639 Περσικὸν
1762 1586 1828 1627 καὶ

263 1645 409 1700 λέγεται
440 1648 650 1700 φαρδαιθί.
699 1650 873 1700 glossam
906 1648 1229 1687 obscurissimam
1262 1648 1312 1686 ad
1339 1651 1473 1697 patres
1506 1648 1693 1687 ecclesiae
1725 1647 1827 1686 chri-

264 1707 418 1746 stianae
437 1708 638 1758 pertinere
664 1709 793 1747 multo
824 1709 916 1746 ante
935 1708 1141 1747 Naberum
1159 1707 1381 1746 Meinekius
1400 1707 1623 1746 coniecerat
1642 1707 1724 1746 IIII
1742 1719 1827 1757 VIII,

263 1768 420 1805 mutata
444 1769 580 1806 tamen
599 1770 740 1817 postea
765 1767 974 1806 sententia.
1025 1769 1064 1806 et
1090 1767 1272 1818 quamvis
1299 1766 1421 1805 verba
1451 1766 1566 1805 initio
1591 1766 1825 1817 praesertim

263 1829 453 1876 corrupta
484 1827 577 1875 sint,
610 1828 682 1866 hoc
714 1829 849 1881 tamen
874 1827 1129 1877 cognoscitur
1160 1826 1267 1876 apud
1289 1826 1459 1865 comicos
1479 1827 1618 1876 poetas
1649 1825 1827 1865 homines

263 1886 398 1924 obtusi
422 1887 656 1938 hebetisque
687 1887 838 1938 ingenii
869 1885 1134 1937 παραδείσους
1154 1886 1231 1924 dici
1262 1886 1413 1936 solitos,
1444 1885 1550 1935 quod
1570 1885 1738 1936 quilibet
1770 1884 1827 1924 eis

261 1945 408 1995 inpune
440 1945 650 1985 inluderet.
705 1959 750 1984 ao
783 1946 840 1985 sio
870 1946 1041 1996 Hesych.
1072 1944 1324 1996 παράδεισος·
1361 1944 1511 1983 τίθεται
1549 1942 1612 1983 ε’πὶ
1649 1949 1726 1983 τῶν
1757 1942 1827 1983 ἆν-

262 2003 478 2056 αισθήτων,
511 2000 570 2053 οἷς
601 2004 704 2044 ἔστιν
735 2003 1018 2057 ἐμπεριπατεῖν.
1068 2018 1169 2056 quae
1195 2004 1391 2055 quomodo
1417 2004 1467 2042 ad
1492 2004 1751 2043 christianam
1778 2004 1826 2042 de

261 2064 444 2113 paradiso
477 2065 699 2104 doctrinam
729 2065 837 2117 trabi
874 2065 1030 2115 possint
1059 2077 1138 2103 non
1174 2066 1333 2114 exputo.
1384 2063 1605 2114 supplenda
1635 2063 1826 2114 quodam-

262 2124 378 2163 modo
403 2124 564 2164 videtur
588 2124 878 2174 interpretatio,
910 2127 956 2163 ut
981 2124 1160 2163 homines
1186 2123 1477 2174 intellegantur
1503 2124 1666 2161 externa
1697 2122 1826 2172 specie

263 2183 606 2235 commendabiles,
638 2184 748 2223 intus
779 2184 915 2222 inanes
948 2185 988 2222 et
1019 2183 1190 2221 iniuriae
1222 2182 1395 2222 obnoxii.

987 2299 1099 2341 1103

544 2358 915 2414 παρακεχόρδικεν

380 2445 549 2483 Photius
585 2446 686 2495 385,
722 2447 772 2484 19
820 2440 907 2483 οἷον
950 2443 1263 2495 παρημάρτηκεν.
1324 2439 1504 2495 λέγουσιν
1543 2437 1726 2491 Ἀττικοί,
1763 2439 1828 2480 καὶ

261 2503 577 2556 παράχορδον.
629 2499 992 2557 (παρακεχόρδηκεν
1023 2499 1138 2556 cod.).
1187 2502 1292 2540 idem
1317 2500 1631 2554 παραχορδίζειν·
1675 2501 1827 2551 διαφω-

261 2566 357 2613 νεῖν,
388 2561 637 2614 ἁμαρτάνειν.
686 2563 858 2614 Hesych.
890 2561 1238 2614 παρακεχόρδικεν·
1276 2559 1535 2613 παρήλλαχεν,
1567 2559 1827 2612 παρήμαρτεν.

263 2623 430 2661 Bekker.
458 2623 604 2661 Anecd.
635 2623 730 2674 113,
758 2625 781 2661 2
815 2622 1116 2675 παραχορδίσαι·
1149 2618 1334 2674 ἁμαρτεῖν
1358 2620 1624 2672 κιθαρίζοντα.
1657 2615 1826 2671 Ἀριστο-

261 2681 393 2732 φάνης
425 2678 551 2734 (Ε661.
585 2683 668 2722 295
700 2677 1002 2735 παραχορδιεῖς).

991 2796 1104 2839 1104
1150 2841 1153 2844 ,

544 2869 1015 2924 παρακρουσιχοίνικος

383 2942 528 2980 Pollux
559 2944 596 2990 4,
634 2944 715 2982 169
762 2941 804 2981 ἐν
835 2947 880 2996 τῇ
911 2940 1113 2997 κωμῳδίᾳ,
1144 2944 1445 2992 κρουσιμετρῶν.

804 3079 857 3108 ..2
