2014 3334
559 253 882 303 ΣΩΣΙΠΑΤΡΟΤ
930 265 1403 300 ΚΑΊἈἾἘΥΔΟΜΕΝΟΣ
1711 259 1798 303 315

428 378 477 422 τὸ
509 377 725 428 Σίκωνος.
776 373 908 428 οὗτος
938 381 1015 432 τῆς
1045 373 1201 432 τέχνης
1232 374 1424 431 ἀρχηγὸς
1455 369 1522 429 ἦν.

363 462 410 494 20
431 451 586 493 AHM.
620 444 706 506 ἆρα
738 448 795 491 σύ
826 465 878 505 με
910 450 1092 493 κόπτειν
1124 442 1219 499 οἷος
1250 444 1293 490 εἷ
1320 463 1385 502 γε,
1418 448 1619 502 φίλτατε;

433 525 488 565 A.
533 521 616 565 οὐκ
647 518 743 564 ἀλλ’
780 520 828 564 ἐν
860 521 951 581 ὅσῳ
982 518 1239 578 προσέρχετ’
1277 519 1321 572 ἐξ
1353 519 1519 575 ἀγορᾶς
1551 517 1574 561 6
1606 523 1721 571 παῖς,

430 594 563 652 μικρὰ
596 595 839 650 διακινήσω
872 603 922 637 σε
953 592 1054 651 περὶ
1085 598 1167 636 τοῦ
1197 592 1469 650 πράγματος,

365 679 409 712 ‘23
430 667 505 711 ἵνα
535 672 596 726 τῷ
629 669 782 710 λαλεῖν
813 665 1020 722 λάβωμεν
1052 665 1262 722 εὔκαιρον
1293 665 1471 721 χρόνον.

367 752 408 785 17
429 738 530 796 περὶ
563 739 741 796 φύσεως
771 745 942 795 κατεῖχε
973 737 1142 788 πάντας
1172 739 1279 788 τοὺς
1309 737 1487 792 λόγους·

367 825 410 857 15
431 811 666 856 ἐδίδασκεν
696 811 810 868 ἡμᾶς
840 818 1019 869 πρῶτον
1051 810 1341 868 ἀστρολογεῖν
1372 842 1382 852 .
1415 842 1424 851 .

369 896 411 928 16
432 886 581 928 ἔπειτα
613 884 720 941 μετὰ
752 882 874 927 ταῦτ’
912 883 1052 934 εὐθὺς
1085 883 1427 940 ἀρχιτεκτονεῖν·

368 968 412 1001 18
433 954 503 1001 ἐπὶ
534 962 642 1000 πᾶσι
673 956 850 1007 τούτοις
881 956 1002 1011 ἔλεγε
1035 956 1087 998 τά
1119 954 1398 1013 στρατηγικά.

367 1041 409 1073 19
429 1030 515 1086 πρὸ
546 1028 623 1085 τῆς
653 1027 810 1089 τέχνης
841 1029 1027 1072 ἔσπευδε
1060 1025 1192 1071 ταῦθ’
1228 1027 1342 1083 ἡμᾶς
1373 1029 1548 1082 μαθεῖν.

366 1113 412 1145 24
432 1104 586 1145 ΔΗΜ
620 1100 859 1157 Ἄπολλον,
893 1099 1084 1158 ἐργῶδές
1116 1098 1173 1156 γ’.
1223 1103 1278 1143 A.
1310 1100 1522 1153 ἄκουσον,
1555 1094 1718 1153 ὦγαθέ.

369 1185 413 1218 25
435 1175 507 1218 δεῖ
533 1175 613 1218 τὸν
644 1174 858 1231 μάγειρον
889 1172 1056 1216 εἰδέναι
1088 1173 1312 1229 πρώτιστα
1343 1168 1425 1227 μὲν

432 1245 534 1303 περὶ
565 1253 655 1289 τῶν
687 1245 934 1303 μετεώρων,
961 1245 1044 1296 -τάς
1074 1261 1120 1288 τε
1151 1251 1242 1287 τῶν
1274 1244 1451 1300 ἄστρων
1483 1241 1634 1292 δύσεις

432 1317 506 1362 καὶ
537 1319 614 1370 τὰς
647 1307 864 1372 ἐπιτολάς,
896 1316 970 1362 καὶ
1001 1318 1080 1361 τὸν
1111 1317 1241 1373 ἥλιον
1272 1317 1377 1359 πότε

434 1389 506 1434 ἐπὶ
537 1391 619 1447 τὴν
650 1390 824 1448 μακράν
854 1406 901 1433 τε
933 1388 1007 1434 καὶ
1038 1392 1251 1447 βραχεῖαν
1287 1387 1455 1445 ἡμέραν

434 1462 648 1517 ἐπάνεισι,
680 1462 764 1505 κάν
795 1463 993 1505 ποίοισίν
1025 1461 1117 1504 ἐστι
1151 1461 1336 1519 ζῳδίοις.

349 1547 416 1578 -30
437 1535 490 1577 τὰ
522 1535 607 1592 γὰρ
640 1535 744 1589 ὄψα,
776 1526 902 1590 φασί,
934 1531 1006 1576 καὶ
1038 1533 1091 1575 τὰ
1123 1532 1333 1588 βρώματα
1365 1532 1527 1588 σχεδὸν

434 1605 483 1650 ἐν
513 1612 566 1663 τῇ
598 1612 822 1664 περιφορᾷ
853 1611 931 1662 τῆς
962 1605 1068 1661 ὅλης
1100 1602 1348 1656 συντάξεως

435 1677 591 1735 ἑτέραν
623 1678 672 1722 έν
704 1678 856 1730 αὑτοῖς
888 1678 1104 1734 λαμβάνει
1135 1677 1217 1732 τὴν
1250 1676 1428 1732 ἡδονήν.

437 1751 460 1795 6
493 1748 575 1808 μὲν
607 1747 690 1794 οὖν
722 1749 919 1807 κατέχων
950 1751 1003 1793 τὰ
1034 1755 1233 1804 τοιαῦτα,
1265 1749 1347 1804 τὴν
1380 1749 1503 1806 ὥραν
1536 1749 1646 1792 ἰδὼν

435 1824 608 1867 τούτων
641 1822 840 1874 ἑκάστοις
871 1823 931 1874 ὡς
961 1823 1175 1879 προσήκει
1206 1822 1432 1878 χρήσεται·

374 1907 419 1940 35
440 1895 464 1940 6
497 1892 538 1939 δ’
575 1895 754 1951 ἀγνοῶν
784 1892 905 1938 ταῦτ’
943 1895 1122 1945 εἰκότως
1152 1893 1447 1946 τυντλάζεται.

437 1968 572 2011 πάλιν
603 1969 653 2011 τὸ
685 1966 787 2025 περὶ
817 1973 894 2023 τῆς
925 1967 1282 2023 ἀρχιτεκτονικῆς
1314 1969 1420 2016 ἴσως

439 2039 697 2096 ἐθαύμασας
727 2041 775 2082 τί
800 2045 853 2096 τῇ
886 2038 1018 2096 τέχνῃ
1050 2038 1359 2095 συμβάλλεται.

438 2115 592 2155 ΔΗΜ
626 2111 711 2167 ε’γὼ
745 2108 786 2155 δ’
823 2109 1060 2168 ἐθαύμασ’;
1107 2114 1159 2154 Α.
1193 2106 1290 2153 ἀλλ’
1326 2110 1444 2166 ὅμως
1476 2109 1561 2165 ε’γὼ
1594 2110 1766 2167 φράσω.

437 2185 710 2237 τούπτάνιον
742 2184 892 2242 ὀρθῶς
922 2182 1253 2239 καταβαλέσθαι
1285 2180 1358 2225 καὶ
1383 2183 1433 2225 τὸ
1466 2189 1562 2237 φῶς

375 2268 420 2301 40
441 2259 595 2313 λαβεῖν
628 2257 737 2300 ὅσον
770 2258 842 2300 δεῖ
869 2255 943 2300 καὶ
973 2257 1023 2299 τὸ
1055 2251 1214 2312 πνεῦμ’
1252 2255 1366 2298 ι’δεῖν
1396 2256 1542 2298 πόθεν

439 2331 574 2385 ἔστιν,
607 2329 804 2386 μεγάλην
835 2330 988 2387 χρείαν
1019 2326 1104 2371 τιν’
1142 2328 1204 2379 εἰς
1235 2328 1284 2370 τὸ
1316 2325 1479 2384 πρᾶγμ’
1517 2327 1616 2382 ἔχει.

442 2401 465 2445 ὁ
496 2402 664 2452 καπνὸς
695 2403 942 2458 φερόμενος
975 2401 1109 2458 δεῦρο
1141 2398 1268 2443 κάκεῖ
1296 2399 1520 2455 διαφορὰν

439 2477 575 2517 εἴωθε
606 2481 700 2524 τοῖς
732 2474 913 2525 ὄψοισιν
945 2472 1144 2529 ἐμποιεῖν
1175 2487 1286 2514 τινα.

440 2547 487 2588 τί
515 2541 618 2598 οὗν;
651 2546 714 2588 ἔτι
746 2556 818 2588 σοι
852 2546 988 2601 διέιμι
1018 2545 1071 2587 τὰ
1104 2543 1382 2600 στρατηγικά.

377 2628 422 2660 45
443 2618 580 2672 ἔγωγε
611 2618 690 2661 τὸν
721 2617 946 2673 μάγειρον.
1010 2616 1036 2672 ἡ
1069 2616 1190 2668 τάξις
1219 2615 1366 2671 σοφὸν

443 2689 701 2746 ἁπανταχοῦ
733 2689 814 2746 μέν
846 2689 939 2732 ἐστι
969 2688 1053 2732 κάν
1084 2688 1203 2745 πάσῃ
1234 2686 1378 2744 τέχνῃ,

444 2761 492 2804 ἐν
521 2767 575 2819 τῇ
608 2757 712 2805 καθ’
747 2761 858 2818 ἡμᾶς
890 2760 931 2804 δ’
969 2762 1115 2817 ὥσπερ
1147 2760 1317 2815 ἡγεῖται
1350 2760 1520 2815 σχεδόν.

442 2834 491 2876 τὸ
523 2834 608 2889 γὰρ
639 2837 910 2890 παραθεῖναι
942 2832 1152 2888 κάφελεῖν
1184 2829 1456 2886 τεταγμένως

444 2904 599 2947 ἕκαστα
629 2902 703 2947 καὶ
733 2905 813 2948 τὸν
844 2905 1002 2962 καιρὸν
1034 2902 1102 2947 ἐπὶ
1135 2903 1310 2953 τούτοις
1342 2903 1470 2956 ἰδεῖν,

381 2987 426 3020 50
446 2977 551 3020 πότε
584 2977 656 3019 δεῖ
683 2977 960 3032 πυκνότερον
993 2974 1230 3030 ἐπαγαγεῖν
1262 2972 1334 3016 καὶ
1367 2975 1472 3017 πότε
1504 2974 1662 3029 βάδην,
