2014 3334
266 235 353 276 446
615 263 619 268 »
911 234 1175 268 ΑΔΕΣΠΟΤΑ

1013 366 1099 408 194

1075 446 1155 499 ὀψὲ
1186 448 1271 504 γάρ
1302 463 1407 491 ποτε

550 533 603 574 τὰ
634 540 723 574 τῶν
751 530 952 588 Ἐρώτων
983 531 1228 588 μανθάνεις
1257 531 1509 588 τοξεύματα.

387 619 603 668 Procopius
630 619 758 668 Epist.
788 620 869 658 135
903 619 1047 657 Heroh.
1091 616 1230 675 ἑάλως.
1251 649 1259 657 .
1281 615 1378 669 ,ὀψέ
1407 633 1501 657 ποτε
1530 620 1609 657 κτλ.
1654 613 1835 669 Ἐρώτων

267 677 430 728 Ηοι·οὶι.]
464 677 655 731 ἐρώντων.

1009 758 1092 800 195

1051 841 1214 897 χρυσὸς
1244 842 1329 897 γὰρ
1361 843 1506 883 νόθου

554 912 708 969 ἀρετῆς
739 913 913 968 ἔλεγχός
945 912 1065 954 ἐστιν
1098 911 1431 963 ἀψευδέστατος.

389 1000 714 1050 Theophylactus
746 999 887 1038 Simos.
919 999 992 1049 Ep.
1027 1001 1081 1038 10
1113 1002 1211 1037 extr.
1243 996 1264 1037 ὃ
1295 1013 1352 1050 χρ.
1384 1028 1393 1037 .
1426 1029 1435 1036 .
1467 1028 1476 1036 .
1508 997 1638 1037 νόθου
1669 996 1744 1050 γὰρ
1775 995 1836 1050 ἀρ.

267 1058 333 1097 καὶ
364 1059 503 1106 κακίας
533 1081 591 1085 —
623 1057 897 1109 ἀληθέστατος.

1018 1163 1100 1205 196

982 1248 1151 1300 μᾶλλον
1182 1245 1266 1301 γὰρ
1299 1246 1447 1299 λόγοις

552 1319 656 1367 τοὺς
686 1318 847 1367 παῖδας
877 1316 904 1371 ἢ
936 1317 1138 1372 μάστιξιν
1170 1315 1498 1372 ἐκταράττομεν.

388 1405 711 1455 Theophylaotus
732 1404 873 1442 Simon.
896 1404 967 1452 Ep.
990 1405 1044 1442 64
1076 1402 1167 1449 τοὺς
1197 1418 1231 1455 γ.
1251 1416 1290 1440 π.
1314 1401 1393 1454 λόγ.
1425 1405 1572 1453 μᾶλλον
1596 1404 1673 1440 κτλ.
1719 1403 1838 1452 poeta.

250 1465 438 1503 -sortasse
472 1465 632 1514 scripsit
663 1462 959 1514 ἕκπαιὸεύομεν.

1009 1578 1089 1620 197

1050 1661 1205 1717 φύλλῳ
1236 1660 1411 1716 πράσου

551 1735 600 1776 τὸ
632 1741 721 1776 τῶν
754 1733 957 1789 ἐρώντων
989 1731 1248 1774 συνδέδεται
1280 1731 1557 1786 βαλλάντιον.

386 1821 626 1859 Plutarchus
648 1820 747 1859 Mor.
768 1822 882 1859 622e
914 1817 1143 1871 μικρολόγος
1173 1815 1352 1868 ἐμπεσὼν
1384 1817 1438 1864 εἰς
1469 1816 1591 1869 ἔρωτα
1613 1846 1645 1855 ..
1659 1846 1668 1855 .
1688 1814 1837 1864 ἁπαλὸς

268 1879 334 1920 καὶ
353 1879 472 1933 ὑγρὸς
491 1874 695 1934 (γίνεται)·
727 1878 823 1918 ὥστε
853 1877 983 1918 τουτὶ
1013 1876 1061 1917 τὸ
1092 1876 1383 1928 παιζόμενον
1415 1875 1468 1928 μὴ
1492 1877 1599 1915 πάνυ
1620 1876 1836 1926 φαίνεσθαι

266 1943 434 1993 γελοῖον,
463 1939 521 1979 ὅτι
550 1954 614 1991 πρ.
643 1955 685 1990 φ.
705 1942 782 1978 κτλ.
831 1938 1024 1978 indicavit
1055 1937 1191 1976 Cobet.
1211 1937 1260 1975 N.
1280 1938 1306 1975 1.
1328 1939 1425 1976 513.
1475 1934 1702 1975 συνδέδεται
1721 1933 1834 1984 Oob.]

269 1998 430 2039 δέδεται.
480 2001 659 2049 Append.
685 2012 794 2048 prov.
822 2001 861 2046 4,
891 2000 946 2037 60
976 1997 1131 2049 πράσου
1158 1995 1293 2052 φύλλῳ
1325 2011 1355 2035 τ.
1375 2011 1404 2035 τ.
1426 1995 1477 2048 ἐρ.
1499 1993 1578 2034 ὃέὸ.
1597 1996 1634 2047 β.
1666 1993 1729 2034 ἐπὶ
1758 2000 1836 2033 τῶν

269 2056 320 2098 δι’
356 2058 479 2110 ἔρωτα
509 2057 634 2098 πολλὰ
665 2057 974 2097 ἀναλισκόντων·
1015 2054 1183 2103 ἀσθενὲς
1213 2055 1288 2108 γὰρ
1318 2055 1360 2094 τὸ
1391 2061 1461 2094 τοῦ
1498 2055 1652 2107 πράσου
1684 2054 1837 2104 φύλλον

267 2117 334 2158 καὶ
353 2117 428 2158 οὐκ
447 2116 620 2170 ἀντέχου.
652 2119 701 2156 cf.
717 2118 825 2156 Suid.
848 2117 1014 2170 πράσον.
1027 2117 1174 2156 Macar.
1192 2119 1228 2166 7,
1244 2117 1311 2154 34.
1343 2114 1702 2167 Diogenian.Vind.
1714 2116 1752 2166 3,
1768 2115 1836 2153 66.

1014 2256 1097 2299 198

1050 2340 1100 2381 τὸ
1133 2337 1173 2380 δ’
1210 2334 1293 2381 οὗν
1324 2337 1476 2394 ῥόδον,

552 2413 593 2454 εἰ
622 2414 680 2467 μή
711 2428 777 2462 τις
808 2411 925 2469 αὐτῷ
957 2412 1177 2467 χρήσεται,
1210 2411 1480 2465 μαραίνεται.

387 2500 668 2538 Aristaenetus
689 2499 759 2548 Ep.
784 2501 820 2547 2,
847 2501 866 2536 1
890 2512 928 2547 p,
951 2499 1032 2536 159
1065 2497 1209 2535 Herch.
1273 2498 1309 2535 2.
1341 2494 1421 2534 κᾶν
1449 2495 1503 2546 μή
1528 2510 1585 2542 τις
1611 2494 1715 2550 αὐτῷ
1741 2493 1834 2547 χρή-

269 2571 391 2610 σηται.
442 2560 680 2598 admonetur
711 2559 846 2607 puella
876 2561 922 2596 ut
952 2558 1161 2596 iuventute
1192 2557 1363 2594 fruatur.
1413 2557 1462 2594 cf.
1495 2557 1591 2594 557.

1014 2696 1097 2738 199

1333 2754 1505 2804 ἐλπίδες

553 2825 680 2871 αὗται
711 2826 840 2871 καλαὶ
871 2826 944 2870 καὶ
975 2828 1234 2882 ψυχαγωγία
1266 2828 1424 2880 λόγων.

386 2916 579 2955 Libanius
610 2916 692 2954 IIII
727 2917 824 2966 155,
859 2917 926 2953 18.
988 2916 1026 2952 2.
1057 2913 1317 2966 ψυχαγωγίαι.
1364 2913 1564 2963 parasitus
1596 2911 1785 2962 loquitur.
