2014 3334
237 244 326 286 434
614 273 617 277 ,
883 243 1144 277 ΑΔΕΣΠΟΤΑ

236 356 462 408 significari.
502 356 605 394 alter
624 354 791 399 Alcetas,
816 355 1026 394 Perdiccae
1047 355 1184 398 frater
1209 356 1542 392 commemoratur
1560 351 1667 392 Plut.
1687 353 1799 393 Alex.

236 418 304 454 55.
335 416 501 453 Eumen.
523 416 559 453 5.
583 416 619 453 8.
677 415 724 452 cf.
745 414 934 465 Dr.oysen
960 414 1116 452 Hellen.
1142 413 1161 451 I
1191 414 1800 452 108.110.115.143.158.

238 476 333 514 174
367 476 405 513 5.
438 477 474 513 8.
527 474 596 512 sed
628 474 878 512 scribendum
909 474 1069 512 videtur
1100 468 1178 523 μετ’
1203 468 1370 512 Ἀλκία.
1433 472 1588 510 Arrian.
1626 475 1661 523 1,
1684 473 1752 519 29,
1772 473 1798 511 4

235 528 310 586 (εἷς
329 532 499 586 Γόρδιον
518 527 637 586 ἧκον)
670 532 830 579 ἱππεῖς
851 529 1014 571 Ἠλείων
1045 530 1183 571 ἑκατὸν
1213 529 1279 570 καὶ
1302 530 1558 581 πεντήκοντα,
1589 524 1646 569 ὡν
1669 527 1799 583 ἡγεῖτο

230 589 413 639 Ἀλκίας
445 590 466 631 ὁ
487 588 648 639 Ἠλεῖος.
711 593 890 641 equitum
917 592 997 630 dux
1021 592 1154 630 fuerat
1179 590 1301 629 etiam
1326 590 1470 629 Callas.
1533 592 1571 628 2.
1602 591 1802 629 Menoetae

235 652 315 690 dux
346 652 607 690 Macedonum
640 653 702 690 est
733 651 892 690 Diodor.
929 653 995 701 19,
1027 652 1081 689 47
1115 646 1196 702 (01.
1232 646 1420 701 116,1).

978 778 1062 820 130

448 861 663 917 μηδέποτε
695 868 854 917 πεῖραν
884 868 976 911 τοῖς
1005 865 1131 910 θεοῖς
1162 860 1295 915 εὔχου
1326 861 1493 914 λαβεῖν,

454 934 658 988 Φαίδιμε,
689 933 898 974 τοιούτου
929 932 1133 987 μηδενός,
1165 929 1268 987 μηδ’
1306 930 1472 973 εἰδέναι

448 1004 507 1054 ὡς
537 1005 658 1046 ἔστιν
690 1002 821 1061 ἑτέρῳ
855 1000 1014 1060 ῥᾴδιον
1044 1001 1318 1058 παραινέσαι.

355 1091 551 1129 Stobaeus
583 1091 719 1129 Floril.
754 1091 850 1138 114,
883 1091 910 1128 4
942 1090 1026 1128 sine
1058 1090 1256 1127 lemmate.

979 1217 1056 1258 131

449 1302 490 1342 εἰ
519 1300 812 1355 μνημονεύεις
843 1296 894 1342 εὗ
924 1299 1086 1341 παθὼν
1117 1302 1261 1354 φιλεῖς
1291 1297 1341 1340 τέ
1368 1314 1435 1354 με,

449 1370 594 1427 ἀπέχω
625 1372 774 1426 πάλιν,
811 1374 981 1425 Φιλῖνε,
1013 1371 1131 1426 παρὰ
1163 1376 1246 1412 σοῦ
1277 1370 1358 1425 τὴν
1388 1371 1535 1426 χάριν·

447 1443 610 1495 τούτου
641 1443 726 1498 γὰρ
759 1442 900 1497 αὐτὴν
933 1430 1060 1484 ἕνεκα
1091 1442 1201 1497 πρὸς
1232 1439 1281 1483 σὲ
1311 1440 1571 1496 κατεθέμην.

354 1541 601 1591 Porphyrius
633 1541 692 1579 De
725 1540 870 1579 abstin.
905 1542 942 1589 2,
976 1543 1027 1579 61
1063 1535 1117 1592 (p.
1147 1542 1242 1588 121,
1277 1541 1330 1578 14
1363 1535 1534 1591 Nauck.)
1567 1537 1616 1578 οὐ
1647 1537 1720 1590 γὰρ
1752 1536 1801 1589 δὴ

236 1598 452 1651 ἅνθρωπος
483 1597 554 1651 μὲν
580 1598 666 1651 ε’ρεῖ
682 1602 760 1638 κτλ.
809 1597 905 1646 θεὸς
931 1596 972 1637 δὲ
999 1597 1073 1638 οὐκ
1099 1597 1271 1651 ἀρκεῖται
1295 1598 1458 1645 τούτοις.
1521 1600 1557 1637 2
1589 1597 1708 1636 πάλιν
1728 1598 1802 1636 Mb

235 1662 276 1698 et
306 1658 438 1709 BodL]
471 1659 604 1698 πάλαι.
659 1660 793 1698 Φιλῖνε
825 1657 932 1710 παρὰ
970 1663 1042 1697 σοῦ
1080 1656 1152 1709 τὴν
1186 1657 1299 1710 χάριν
1337 1658 1447 1696 Grot.
1479 1658 1662 1707 Excerpt.
1696 1655 1800 1706 911]

235 1721 365 1791 φιλεῖν
396 1717 626 1757 ἀπαλάσσου
659 1717 783 1769 χάριν.
833 1721 963 1767 φιλεῖν
994 1716 1219 1769 ἔπαράσσου
1248 1715 1334 1767 τὴν
1366 1732 1398 1768 χ.
1429 1716 1513 1756 eod.
1540 1717 1701 1755 Meerm.
1766 1718 1802 1755 3.

235 1776 349 1817 ἕνεκα
364 1776 528 1828 Grot.]‘
515 1776 657 1816 ἕνεκεν.
695 1775 826 1816 ε’νεκεν
853 1774 905 1824 ὡς
925 1774 966 1815 σὲ
985 1777 1137 1816 Nauck.
1151 1777 1294 1816 Philol.
1299 1776 1357 1815 VI
1371 1778 1469 1815 425.
1506 1764 1803 1815 suavissimum

235 1838 271 1876 fr
274 1840 516 1916 agmentum,
547 1839 731 1876 tenerum
759 1850 805 1876 ac
835 1837 955 1875 molle
982 1836 1189 1875 Menandri
1221 1836 1376 1886 spirans
1402 1831 1634 1886 ingenium'.
1666 1834 1803 1874 Cobet.

234 1897 281 1936 V.
308 1898 334 1935 l.
388 1899 469 1937 188
501 1910 539 1936 11.
563 1899 599 1936 1.

974 1977 1059 2018 132

449 2061 757 2117 παραπλήσιον
788 2054 951 2115 πρᾶγμ’
988 2056 1080 2101 ἐστὶ
1110 2064 1248 2114 γῆρας
1278 2057 1350 2100 καὶ
1381 2057 1530 2113 γάμος.

448 2138 598 2186 τυχεῖν
628 2132 712 2186 γὰρ
745 2130 893 2172 αὐτῶν
925 2128 1188 2185 ἀμφοτέρων
1220 2129 1538 2184 σπουδάζομεν,

449 2202 556 2244 ὅταν
588 2199 637 2244 δὲ
667 2202 868 2256 τύχωμεν
899 2200 1101 2255 ὕστερον,
1134 2201 1406 2255 λυπούμεθα.

355 2289 553 2328 Stobaeus
573 2289 710 2327 Floril.
727 2290 794 2338 68,
811 2289 864 2326 26
901 2285 1118 2326 Θεοδέκτου
1138 2287 1186 2324 A.
1218 2289 1261 2324 at
1285 2286 1428 2336 tragici
1449 2298 1533 2324 esse
1552 2299 1631 2324 non
1655 2288 1801 2335 potest.

237 2349 287 2386 cf.
319 2361 420 2398 quae
450 2348 602 2386 Nauck.
635 2347 845 2386 adnotavit
876 2347 926 2385 ad
957 2346 1103 2385 Theod.
1122 2347 1170 2385 fr.
1195 2347 1246 2384 13
1269 2341 1326 2395 (p.
1348 2340 1464 2396 626).
1497 2341 1683 2384 ‘sortasse
1707 2345 1799 2383 Θεο-

233 2404 396 2459 γνήτου’
428 2407 544 2446 Mein.
619 2408 656 2445 3.
688 2407 829 2445 melius
862 2406 1071 2445 conveniet
1103 2403 1196 2444 ὅταν
1227 2403 1402 2455 τύχωμεν
1427 2400 1479 2443 δ’.
1518 2403 1611 2443 ὅταν
1643 2400 1679 2442 δ’
1709 2402 1801 2455 ἔχω-

234 2481 307 2516 μεν
338 2467 489 2506 Nauck.

982 2545 1067 2588 133

447 2635 532 2672 νῦν
562 2636 652 2671 τῶν
682 2626 775 2671 κατ’
813 2629 922 2671 ἄστυ
952 2628 1222 2684 πραγμάτων
1253 2626 1519 2682 ἀπαλλαγεὶς

448 2701 511 2750 εἰς
540 2701 620 2743 τὸν
651 2700 790 2755 ἀγρὸν
821 2696 910 2755 εἶμι
940 2697 1098 2754 κάνδρὶ
1129 2699 1369 2754 συνέσομαι
1401 2700 1517 2757 φίλῳ

447 2771 520 2814 καὶ
551 2775 694 2826 γῆθεν
727 2770 992 2827 ἄναμένοντι
1022 2770 1104 2824 τὴν
1136 2770 1409 2827 ἐπικαρπίαν.

355 2858 573 2907 Alciphron
593 2860 630 2907 3,
654 2860 676 2897 7
681 2859 721 2907 Ο,
735 2861 769 2896 1.
836 2861 871 2896 1.
897 2857 933 2896 εἰ
958 2862 1048 2896 τῶν.
1111 2859 1149 2896 2.
1174 2857 1389 2908 βαδιοίμην
1407 2854 1474 2895 καὶ
1493 2854 1730 2906 συνεσοίμην
1744 2884 1753 2893 .
1768 2884 1776 2892 .
1791 2884 1800 2893 .

235 2913 331 2954 ἀλλὰ
361 2920 498 2968 γῆθεν.
