2014 3334
265 261 321 303 10
819 244 823 246 ’
899 253 1193 289 MENANAPOT

910 410 977 450 21.
1012 409 1078 450 22.
1112 408 1168 449 23

755 506 894 559 παχὺς
923 503 1007 556 γὰρ
1039 497 1091 551 ὗς
1121 496 1249 543 ἔκειτ’
1285 498 1355 542 ἐπὶ
1387 501 1536 554 στόμα.

757 591 1552 605 ············

544 721 1482 737 ..............

476 769 592 810 ἴδιον
624 766 852 819 ἐπιθυμῶν
884 764 1019 818 μόνος
1050 777 1124 817 μοι
1154 761 1350 810 θάνατος
1382 756 1512 810 οὗτος
1542 761 1745 813 φαίνεται

475 838 733 888 εὐθάνατος,
767 837 921 890 ἔχοντα
952 833 1116 883 πολλὰς
1146 832 1364 887 χολλάδας
1394 834 1570 874 κεῖσθαι
1601 830 1761 886 παχύν,

473 909 644 961 ὕπτιον,
676 908 801 962 μόλις
833 908 1051 947 λαλοῦντα
1083 902 1156 946 καὶ
1187 904 1236 946 τὸ
1267 901 1424 958 πνεῦμ’
1461 900 1601 958 ἔχοντ’
1639 902 1746 956 ἄνω,
1810 944 1814 948 ,

473 979 682 1022 ἐσθίοντα
712 976 784 1019 καὶ
815 975 1001 1030 λε’γοντα
1027 971 1212 1030 “σῆπομ’
1246 973 1332 1017 ὑπὸ
1364 979 1440 1030 τῆς
1470 969 1655 1028 ἡδονῆς]

383 1078 611 1116 Athenaeus
647 1078 715 1127 12,
762 1076 845 1114 549
867 1088 886 1113 c
936 1072 1175 1125 μνημονεύει
1219 1069 1254 1111 δ’
1300 1070 1422 1112 αὐτοῦ
1473 1066 1710 1126 (Διονυσίου
1755 1076 1825 1111 τοῦ

252 1131 549 1189 (Ηρακλεώτου)
576 1133 816 1186 Μένανδρος
841 1133 979 1185 ῆκιστά
1009 1129 1044 1185 γ’
1082 1127 1134 1186 (τ’
1164 1128 1218 1183 A)
1251 1130 1307 1171 ὢν
1338 1132 1518 1182 λοίδορος
1550 1130 1592 1170 ἐν
1623 1134 1704 1178 τοῖς
1721 1127 1825 1170 ”-Αλι

263 1202 385 1246 εῦσιν,
415 1195 482 1235 τὸν
514 1199 648 1246 μῦθον
678 1193 1000 1244 ὑποστησάμενος
1032 1189 1129 1243 υπέρ
1160 1206 1279 1230 τινων
1311 1190 1506 1243 φυγάδων
1538 1189 1576 1238 ἐξ
1595 1187 1826 1241 Ἡρακλείας

263 1252 330 1309 (fr.
364 1251 450 1309 21).
511 1253 574 1293 καὶ
607 1253 724 1292 πάλιν
757 1250 822 1305 (fr.
857 1247 933 1312 22)
963 1250 1029 1290 καὶ
1060 1250 1113 1289 ἔτι
1143 1253 1220 1289 κτλ.
1282 1248 1461 1290 ἀπέθανε
1500 1248 1542 1288 δὲ
1574 1235 1723 1302 βιῶσας
1759 1247 1824 1300 ἔτη

263 1313 374 1353 πέντε
400 1313 497 1365 πρὸς
521 1317 601 1360 τοῖς
625 1312 880 1363 πεντήκοντα,
907 1312 962 1350 ὡν
989 1309 1224 1362 ἐτυράννησε
1250 1309 1335 1362 τρία
1359 1308 1425 1348 καὶ
1451 1309 1671 1360 τριάκοντα,
1698 1307 1824 1348 ἁπάν-

260 1389 338 1412 των
376 1379 452 1412 τῶν
490 1371 564 1424 πρὸ
603 1370 725 1411 αὐτοῦ
763 1371 969 1423 τυράννων
1007 1369 1194 1422 πραότητι
1237 1368 1303 1408 καὶ
1346 1368 1531 1408 ε’πιεικεία
1576 1367 1825 1420 διενηνοχώς.

260 1432 467 1485 χολλάδας,
506 1445 586 1471 non
623 1430 789 1483 χολάδας
822 1431 868 1470 Α.
924 1431 1093 1469 Bekker.
1126 1430 1276 1468 Anecd.
1311 1431 1383 1480 72,
1418 1431 1470 1468 19
1514 1428 1714 1480 χολλάδες·
1759 1426 1826 1467 διὰ

261 1493 375 1531 δυοῖν
395 1494 451 1539 λλ,
484 1491 528 1530 αἱ
548 1496 616 1542 τῆς
635 1489 797 1543 γαστρὸς
823 1488 888 1528 διὰ
910 1489 1109 1540 παχύτητα
1141 1487 1370 1536 ἐπιπτύξεις.
1413 1489 1656 1527 Bachmann.
1677 1488 1826 1527 Anecd.

260 1553 278 1589 Ι
304 1553 387 1589 418
422 1550 610 1602 χολλάδας
649 1549 714 1588 διὰ
744 1555 822 1588 τῶν
854 1549 927 1588 δύο
959 1551 1021 1599 λλ,
1052 1547 1120 1595 τὰς
1152 1547 1194 1587 έν
1219 1551 1303 1595 ταῖς
1327 1547 1462 1600 λαγόσι
1511 1547 1669 1598 σάρκας.
1702 1546 1827 1594 οὕτως

263 1609 506 1661 Φερεκράτης
537 1604 676 1662 (246).
725 1631 771 1636 -—
823 1609 964 1647 Athen.
1001 1611 1073 1656 12,
1113 1609 1195 1647 549
1214 1608 1268 1646 ab
1310 1606 1523 1654 Διονύσιος
1563 1605 1583 1646 ὅ
1622 1606 1825 1659 Κλεάρχου

259 1674 329 1708 τοῦ
354 1668 510 1720 πρώτου
535 1667 851 1719 τυραννήσαντος
877 1667 918 1706 ἐν
938 1664 1147 1721 εΗρακλεία
1172 1666 1272 1717 υἱός,
1304 1665 1370 1705 καὶ
1395 1665 1512 1714 αὐτὸς
1543 1672 1611 1718 τῆς
1639 1667 1826 1717 πατρίδος

260 1728 506 1779 τυραννήσας
549 1726 626 1766 ὑπὸ
670 1733 822 1778 τρυφῆς
871 1725 937 1765 καὶ
985 1732 1053 1778 τῆς
1097 1723 1191 1765 καθ’
1239 1724 1389 1778 ἡμέραν
1434 1725 1661 1779 ἀδηφαγίας
1706 1724 1822 1778 ’ὑπερ-

261 1786 471 1839 σαρκήσας,
497 1786 590 1826 ὥστε
614 1786 678 1826 διὰ
697 1786 738 1826 τὸ
763 1786 886 1838 πάχος
913 1785 954 1825 ἕν
987 1786 1223 1841 δυσπνοίᾳ
1256 1789 1499 1838 συσχεθῆναι
1530 1784 1610 1825 καὶ
1639 1788 1826 1839 πνιγμῷ

262 1842 303 1899 (i.
337 1860 368 1886 e.
400 1845 442 1885 τὸ
473 1851 627 1897 πνεῦμα
659 1845 756 1898 ἔχων
787 1843 889 1896 ἅνω,
922 1846 1063 1884 Sosicr.
1098 1849 1134 1896 1,
1168 1844 1224 1896 3).
1288 1847 1335 1884 ef.
1368 1846 1521 1885 Aelian.
1543 1845 1590 1885 V.
1623 1847 1660 1884 h.
1697 1847 1734 1895 9,
1770 1847 1822 1885 13

261 1909 300 1944 et
331 1919 431 1956 quae
463 1906 513 1944 ad
544 1906 698 1956 Diphili
727 1905 933 1944 Amastrin
965 1905 1256 1944 adnotavimus.
1318 1905 1514 1944 Heraclea
1553 1907 1614 1944 est
1646 1905 1825 1944 Pontica.

260 1965 439 2004 diversus
484 1965 532 2003 ab
577 1966 650 2004 hoo
694 1967 754 2004 est
793 1965 1008 2015 Dionysius
1047 1965 1287 2004 Heracleote.
1330 1965 1590 2015 philosophus
1630 1962 1650 2004 ὅ
1689 1966 1822 2004 Mem*

259 2022 426 2073 θέμενος
458 2019 712 2078 (Θεοφάντου
745 2023 829 2071 υἱός
862 2025 977 2076 Diog.
1011 2025 1054 2062 L.
1090 2026 1127 2073 7,
1163 2019 1278 2078 166).

376 2080 602 2122 ‘induxerat
645 2087 764 2133 poeta
802 2084 957 2122 exsules
996 2083 1256 2122 Heracleotas
1300 2084 1347 2122 de
1379 2083 1600 2122 incredibili
1641 2084 1826 2134 Dionysii

258 2143 453 2181 edacitate
487 2139 724 2193 querentes'.
774 2144 892 2182 Mein.
914 2138 971 2181 ‘ut
1001 2156 1069 2182 sus
1099 2144 1247 2182 iacebat
1271 2139 1450 2191 pronus’.
1513 2143 1562 2182 of.
1584 2142 1732 2182 Cratin.
1757 2145 1825 2182 52.

258 2203 304 2240 fr.
338 2204 403 2240 21.
437 2204 489 2240 22
513 2202 724 2252 desumpta
746 2204 839 2241 sunt
871 2215 918 2240 ex
948 2202 1178 2241 narratione
1198 2202 1391 2253 exsulum,
1422 2215 1550 2253 neque
1582 2203 1666 2241 ullo
1696 2203 1826 2254 modo,
1860 2199 1864 2204 ’

257 2263 304 2298 ut
334 2262 502 2310 putabat
532 2262 650 2300 Mein.
672 2262 785 2300 Anal.
816 2262 908 2300 Ath.
931 2263 1027 2310 252,
1059 2263 1240 2313 pugnant
1272 2274 1363 2300 cum
1394 2275 1430 2301 v.
1466 2263 1533 2311 23,
1566 2263 1590 2300 3
1626 2256 1826 2315 (ὕπτιον);

255 2333 348 2358 nam
378 2321 497 2359 tertio
529 2321 753 2371 fragmento
784 2321 909 2370 ipsius
941 2321 1124 2371 Dionysii
1154 2322 1277 2361 verba
1307 2322 1572 2360 continentur.

376 2381 447 2428 23,
491 2383 509 2418 1
552 2380 803 2419 scribendum
841 2393 925 2419 esse
964 2378 1020 2431 νὴ
1060 2376 1130 2420 Δί’
1176 2378 1524 2433 ἐνθυμουμένῳ
1557 2395 1636 2432 μοι
1667 2384 1710 2419 θ.
1742 2383 1825 2420 κτλ.

258 2439 388 2476 monui
421 2439 522 2477 Mus.
553 2440 676 2479 Rhen.
708 2440 828 2478 XXX.
856 2442 953 2479 408.
988 2443 1024 2479 9.
1090 2443 1126 2480 3.
1159 2442 1206 2479 of.
1233 2440 1373 2479 Horat.
1407 2440 1447 2479 G.
1478 2443 1514 2492 1,
1550 2442 1615 2490 15,
1649 2442 1703 2479 25
1737 2443 1824 2480 sub-

258 2498 340 2535 limi
370 2499 550 2537 anhelitu.

1018 2615 1075 2656 24

439 2696 725 2751 εὐποροῦμεν,
759 2695 864 2740 οὐδὲ
896 2699 1100 2753 μετρίως·
1162 2697 1209 2740 ἐκ
1240 2699 1451 2741 Κυΐνδων
1482 2700 1682 2754 χρυσίον,

440 2767 653 2822 Περσικαὶ
685 2767 836 2811 στολαὶ
869 2766 917 2811 δὲ
948 2775 1116 2811 κεῖνται
1146 2776 1390 2826 πορφυραῖ,
1421 2770 1668 2825 τορεύματα

440 2838 571 2879 ἔνδον
602 2837 707 2893 ἔστ’,
740 2840 911 2896 ἄνδρες,
944 2841 1193 2896 ποτηρίδια,
1225 2841 1486 2897 τορεύματα,

440 2907 792 2965 κάκτυπωμάτων
823 2912 1049 2967 πρόσωπα,
1081 2911 1363 2968 τραγέλαφοι,
1397 2913 1633 2969 λαβρώνια.
