2014 3334
246 202 330 244 120
628 187 630 190 ’
802 218 805 220 -
882 200 1180 234 MENANAPOT

244 312 294 354 ἂν
325 309 487 365 ἠδαξᾶτ’
523 310 588 363 ἄν,
606 310 716 351 ’ὥστε
747 309 800 363 μὴ
833 314 952 363 πιεῖν,
982 312 1008 350 1.
1029 325 1061 350 e.
1083 308 1264 362 ‘capillos
1297 311 1475 351 sordium
1493 311 1632 362 plenos
1664 311 1815 351 habens

244 376 364 424 caput
389 373 606 423 scalpebat,
630 374 677 410 ut
703 371 882 410 oblatam
907 371 1111 422 potionem
1134 367 1389 411 recusarem'.
1451 365 1542 422 αἷρα
1569 370 1730 422 proprie
1755 373 1817 410 esi,

245 434 390 477 lolium,
407 432 475 471 sed
496 432 578 470 sine
595 430 714 470 dubio
735 431 858 469 etiam
878 430 1022 481 capitis
1041 432 1172 470 sordes
1191 430 1453 482 significabat.
1483 430 1655 469 Bekker.
1669 430 1816 470 Anecd.

246 495 313 542 22,
348 494 400 531 13
433 490 501 538 τὰς
532 490 659 542 αἴρας,
694 488 787 541 ὅπερ
818 488 897 529 ἐστὶ
928 488 1080 542 ῥύπος
1110 495 1187 529 τῶν
1218 494 1368 542 πυρῶν.
1429 491 1477 528 cf.
1503 490 1687 529 Pherecr.
1722 491 1817 529 188.

202 592 204 595 ,
245 524 450 602 Aristoph.
482 551 531 589 fr.
558 551 655 590 480.
707 546 850 602 ὅρυζον
882 548 1020 601 ὅμοιον
1051 552 1134 597 ταῖς
1166 548 1295 623 αἴραις
1321 549 1517 600 Theophr.
1549 548 1598 588 Η.
1625 550 1751 600 plant.
1778 550 1816 598 4,

247 613 388 662 4,10.
450 610 636 650 simililer
679 607 726 648 τὰ
773 606 900 661 ἄχυρα
942 604 1099 663 (palea)
1132 611 1173 648 et
1204 606 1224 648 ὁ
1262 605 1366 660 ἄχωρ
1403 609 1610 659 Aristoph.
1640 610 1688 648 fr.
1721 610 1819 648 410.

247 684 291 710 ac
323 671 488 722 πίτυρον
519 672 733 721 utrumque
766 669 924 709 dicitur.

461 867 527 911 ἀεὶ
560 869 608 910 τὸ
642 871 816 910 λυποῦν
848 867 1067 910 ἀποδίωκε
1099 872 1181 909 τοῦ
1212 868 1334 922 βίου·

460 941 619 996 μικρόν
651 954 692 982 τι
724 940 773 982 τὸ
805 940 908 994 βίου
939 937 1013 981 καὶ
1045 939 1204 981 στενὸν
1238 940 1375 994 ζῶμεν
1406 940 1585 994 χρόνον.

368 1028 564 1067 stobaeus
596 1026 735 1065 Floril.
770 1027 867 1076 108,
897 1027 950 1065 32
998 1025 1246 1078 Μενάνδρου
1272 1025 1432 1081 Πλοκίῳ
1454 1027 1501 1065 A.
1542 1038 1579 1065 v.
1603 1028 1623 1064 1
1652 1027 1821 1065 monost.

250 1092 274 1128 3
313 1082 524 1142 (ἐκδίωκε).
598 1085 733 1125 Senec.
771 1086 890 1125 Brev.
927 1086 999 1125 vit.
1040 1088 1063 1124 2
1111 1087 1204 1125 adeo
1247 1088 1290 1124 ut
1320 1087 1419 1134 quod
1459 1086 1566 1134 apud
1608 1087 1822 1125 maximum

243 1151 450 1198 poetarum
474 1157 578 1185 more
595 1147 744 1185 oraculi
763 1147 906 1184 dictum
926 1149 990 1196 est,
1015 1158 1148 1184 verum
1167 1157 1245 1184 esse
1268 1157 1345 1184 non
1364 1141 1563 1184 dubitem
1567 1146 1705 1194 exiqua
1721 1158 1823 1194 pars

250 1211 303 1247 est
328 1209 428 1247 vitae
447 1219 562 1256 quam
585 1218 656 1244 nos
681 1200 871 1244 vivimus?
934 1219 971 1245 v.
993 1208 1015 1244 2
1044 1205 1213 1245 fortasse
1241 1201 1462 1255 scriptoris
1486 1204 1659 1255 prosaici
1683 1199 1821 1244 verba'

249 1280 334 1306 esse
359 1266 458 1305 mile
486 1266 711 1316 suspicatur
729 1265 952 1304 Meinekius
974 1265 1084 1304 Stob.
1102 1264 1186 1303 IIII
1211 1278 1263 1303 ix.
1291 1278 1329 1303 x.
1360 1286 1418 1291 ——-
1451 1265 1604 1303 confert
1636 1264 1822 1315 Toeppel.

251 1327 391 1378 Progr.
422 1325 568 1364 Neobr.
603 1326 729 1375 1867,
765 1326 817 1364 19
863 1324 997 1374 Eurip.
1030 1324 1170 1375 Suppl.
1203 1326 1287 1363 953
1321 1322 1486 1375 σμικρὸν
1517 1321 1558 1362 τὸ
1590 1328 1720 1375 χρῆμα
1751 1329 1820 1363 τοῦ

250 1386 360 1438 βίου·
392 1389 532 1425 τοῦτον
565 1381 606 1422 δὲ
639 1381 709 1435 χρὴ
743 1381 794 1430 ὡς
827 1382 947 1439 ῥᾷστα
979 1381 1044 1422 καὶ
1075 1382 1127 1435 μὴ
1162 1382 1236 1422 σὺν
1267 1382 1405 1430 πόνοις
1437 1383 1657 1435 διεκπερᾶν.
1718 1383 1821 1422 addo

252 1446 368 1485 Herc.
400 1446 477 1484 fur.
510 1445 593 1484 503
611 1456 668 1494 sq.

992 1522 1076 1565 411

539 1607 621 1650 οὐκ
652 1608 772 1650 ἔστιν
805 1606 953 1662 εὑρεῖν
984 1607 1086 1661 βίον
1118 1605 1291 1648 ἄλυπον
1323 1605 1517 1656 οὐδενός.

377 1694 501 1734 Orion
520 1694 766 1744 Anthologn.
787 1695 825 1742 8,
846 1695 870 1733 5
899 1691 942 1732 ἐκ
966 1697 1036 1732 τοῦ
1056 1691 1246 1732 monim).
1278 1694 1447 1732 monost.
1468 1694 1565 1732 419.
1599 1692 1823 1746 Εὐριπίδου

256 1751 324 1807 (fr.
358 1757 442 1794 872
475 1748 543 1806 N.)
577 1754 725 1793 Anbon.
755 1753 847 1792 Mel.
883 1755 925 1803 1,
965 1755 1017 1792 72
1051 1767 1089 1803 p.
1124 1754 1190 1804 73,
1226 1754 1249 1791 9
1284 1754 1329 1791 οὺ
1354 1753 1514 1791 Maxim.
1553 1752 1664 1793 Oonf.
1698 1755 1752 1793 28
1784 1768 1823 1805 p.

257 1816 360 1866 615,
399 1817 423 1854 3
458 1814 517 1853 ed.
551 1813 759 1853 Combefis.
789 1813 916 1852 Paris.
951 1813 1076 1852 1675.
1133 1812 1182 1851 cf.
1213 1811 1489 1851 Wachsmuth.
1522 1811 1635 1852 Stud.
1665 1827 1712 1852 zu
1747 1813 1824 1853 den

253 1875 403 1926 griech.
434 1873 572 1912 Floril.
606 1874 701 1912 140.
736 1874 772 1912 1.
823 1870 865 1911 ἐν
897 1870 1036 1912 οὐδενί
1062 1871 1223 1911 Maxim.
1252 1884 1343 1911 cum
1373 1871 1569 1922 plurimis.

1001 1987 1089 2029 412

376 2077 505 2116 801101.
525 2076 743 2126 Hephaest.
763 2089 800 2125 p.
823 2077 875 2114 29
900 2068 1041 2114 Gaisf?
1061 2074 1145 2113 cod.
1167 2074 1274 2113 Saib.
1301 2069 1371 2127 (cf.
1385 2074 1532 2114 Anecd.
1552 2088 1635 2114 var.
1656 2074 1824 2115 Schoell.

258 2140 299 2176 el,
325 2136 586 2175 Studemund.
607 2136 625 2173 I
649 2137 715 2186 67,
749 2132 825 2188 22)
859 2133 1171 2185 ἐπισυναλοιφῆς
1203 2128 1394 2188 (duorum
1424 2147 1614 2174 versuum
1644 2134 1704 2174 ita
1734 2148 1824 2174 con-

258 2197 587 2243 iunct01um‚u13
617 2195 727 2245 prior
757 2195 800 2233 in
837 2195 1014 2234 vocalem
1054 2194 1194 2233 elisam
1226 2196 1358 2241 exeatz,
1394 2195 1442 2233 ut
1474 2193 1593 2244 Soph.
1625 2193 1706 2234 ΟΒ.
1739 2197 1823 2234 332

256 2256 294 2295 τί
321 2252 428 2294 ταῦτ’
460 2250 465 2307 Ι
494 2252 619 2301 ἄλλως
649 2248 745 2307 κτλ.)
779 2256 960 2304 exempla
995 2254 1179 2292 adferens
1216 2251 1283 2292 καὶ
1314 2250 1557 2305 Μένανδρος
1591 2251 1634 2292 ἐν
1664 2254 1825 2310 Πλοκίῳ

250 2312 414 2354 (λεπτὸν
445 2310 536 2365 μεθ’
580 2311 708 2365 ἑτέρας
746 2312 852 2353 ἰστὸν
883 2309 1076 2364 ὑφαίνεί,
1113 2313 1184 2352 ubi
1215 2314 1338 2353 verba
1369 2313 1514 2364 quibus
1555 2313 1827 2354 contineretur

259 2372 547 2425 ἐπισυναλοιφή
581 2373 772 2413 excidisse
805 2373 984 2424 adparet.

1002 2489 1089 2532 413

543 2560 657 2615 γυνὴ
689 2567 791 2603 κυεῖ
818 2558 922 2603 δέκα
954 2565 1137 2620 μῆνας;’

381 2647 535 2686 Gellius
569 2650 606 2697 3,
643 2649 715 2697 16,
749 2649 773 2686 3
811 2648 879 2686 hoc
916 2648 1016 2686 idem
1054 2643 1226 2699 (decimo
1266 2659 1400 2685 mense
1431 2640 1637 2685 mulierem
1671 2642 1829 2701 parere)

262 2708 380 2746 tradit
417 2709 532 2746 etiam
570 2708 790 2746 Memmder
819 2710 937 2755 poeta
974 2708 1173 2750 κωπίω,
1211 2707 1472 2745 humanarum
1509 2708 1731 2755 opinionum
1774 2708 1833 2745 vel

254 2768 525 2815 peritissimus.
588 2779 723 2806 versus
760 2768 842 2805 eius
879 2778 995 2815 super
1033 2778 1079 2805 ea
1114 2778 1157 2804 re
1193 2767 1238 2804 de
1275 2767 1412 2814 fabula
1443 2766 1572 2804 Plocio
1603 2767 1720 2814 posui
1752 2768 1830 2805 κτλ.

264 2823 357 2864 δέκα
400 2830 529 2877 μῆνας
573 2825 724 2877 Hertz]
771 2843 1001 2868 Annaunmac
1027 2825 1077 2865 V.
1127 2823 1323 2864 Caecilius
1368 2821 1489 2879 (Gen.
1533 2819 1647 2878 ibid.)
1691 2826 1831 2865 sole'tne

262 2886 401 2924 mulier
432 2885 573 2924 decimo
604 2897 731 2925 mense
753 2886 924 2934 parere?
984 2885 1031 2924 B.
1055 2885 1136 2934 pol,
1168 2896 1351 2932 nonoque,
1383 2886 1499 2924 etiam
1528 2886 1686 2933 septimo
1718 2888 1829 2934 atque
