2014 3334
261 249 315 293 78
819 238 823 240 ’
885 249 1181 285 MENANAPOT

873 382 1205 415 ΚΕΚΡΤΦΑΛΟΣ

378 459 595 496 Retimlum
627 457 708 496 sine
735 457 854 496 dubio
887 458 1101 496 mulierum
1133 457 1393 508 significatur.
1442 457 1489 494 cf.
1516 455 1638 495 Arist.
1663 456 1822 495 Thesm.

263 519 358 556 138.
393 518 488 556 257.
521 518 570 555 fr.
604 518 701 567 320,
736 519 772 556 6.
821 517 966 567 Eupol.
1000 518 1096 557 170.
1145 516 1363 566 Antiphan.
1400 517 1495 554 117.
1530 517 1625 554 189.

1002 644 1087 685 272

437 726 555 782 παρὰ
585 733 677 776 τοῖς
707 727 1048 780 γυναικονόμοις
1079 723 1127 767 δὲ
1158 727 1262 776 τοὺς
1293 725 1342 768 ἐν
1372 733 1464 775 τοῖς
1495 726 1651 780 γάμοις

439 799 756 847 διακονοῦντας
788 797 1126 853 ἀπογεγράφθαι
1157 798 1412 852 πυθόμενος

437 869 603 918 πάντας
634 871 870 924 μαγείρους
901 868 1009 910 κατὰ
1039 869 1180 923 νόμον
1210 869 1366 910 καινόν
1397 883 1510 921 τινα,

440 940 514 982 ἵνα
545 940 863 981 πυνθάνωνται
894 941 998 988 τοὺς
1030 940 1332 994 κεκλημένους,
1365 938 1440 980 ἐὰν

397 1022 415 1051 5
438 1012 617 1060 πλειόυς
647 1026 713 1061 τις
744 1007 807 1053 ὧν
838 1010 1004 1062 ἔξεστιν
1037 1009 1193 1052 ἑστιῶν
1223 1012 1343 1068 τύχῃ,

438 1081 586 1123 ἐλθών
622 1105 670 1110 -

381 1168 614 1206 Athenaeus
638 1168 674 1216 6,
697 1168 779 1205 245
795 1166 851 1204 bc
884 1165 940 1204 ὅτι
967 1163 1003 1204 δ’
1032 1161 1083 1217 ἦν
1103 1165 1200 1213 ἔθος
1224 1165 1316 1213 τοὺς
1339 1165 1657 1218 γυναικονόμους
1676 1164 1828 1218 ἐφορᾶν

265 1226 311 1266 τὰ
343 1225 542 1278 συμπόσια
573 1224 639 1264 καὶ
677 1224 863 1272 ἐξετάζειν
901 1231 979 1264 τῶν
1017 1223 1266 1276 κεκλημένων
1303 1224 1370 1264 τὸν
1410 1224 1584 1276 ἀριθμὸν
1615 1225 1650 1264 εἰ
1679 1223 1700 1265 ὁ
1731 1224 1828 1265 κατὰ

268 1286 392 1337 νόμον
425 1284 505 1324 ἐστί
534 1314 543 1323 .
575 1314 584 1323 .
617 1314 625 1323 .
658 1282 900 1335 Μένανδρος
931 1284 973 1323 ἐν
998 1284 1246 1340 Κεκρυφάλῳ
1278 1287 1355 1324 κτλ.
1425 1287 1462 1324 5.
1492 1284 1588 1340 τύχῃ
1620 1283 1827 1335 Musurus]

264 1345 380 1397 τύχης
407 1345 455 1383 Α.
509 1347 544 1383 6.
577 1342 707 1382 ἐλθών
740 1345 813 1382 del.
841 1343 949 1383 Grot.
982 1345 1221 1383 sententiam
1250 1358 1330 1383 non
1355 1344 1509 1383 finitam
1541 1357 1627 1384 esse
1659 1347 1829 1384 constat.

267 1406 421 1444 dixerat
457 1405 538 1442 fere
577 1405 696 1453 poeta
733 1399 794 1441 eut
832 1404 866 1442 si
902 1404 1037 1454 plures
1079 1417 1198 1455 quam
1239 1404 1302 1442 lex
1339 1404 1600 1454 permittebat
1639 1404 1829 1444 convivae

264 1464 425 1503 invitati
464 1465 612 1513 essent,
657 1475 723 1501 eos
764 1463 1050 1513 gynaeconomi
1088 1476 1108 1502 e
1147 1463 1326 1503 convivio
1369 1459 1647 1503 removerent.9
1709 1463 1827 1502 Mein.

263 1523 379 1562 Anal.
419 1522 513 1561 Ath.
555 1523 651 1560 107.
720 1524 756 1560 4.
803 1520 871 1560 ἐάν
915 1525 955 1561 et
997 1523 1254 1573 hypothetice
1295 1524 1336 1561 et
1372 1523 1659 1573 interrogative
1704 1523 1830 1573 accipi

263 1585 414 1632 potest:
451 1594 545 1620 nam
582 1594 791 1631 perperam
827 1581 1049 1620 Meinekius
1087 1582 1162 1620 hoc
1200 1582 1371 1620 alterum
1407 1595 1479 1632 per
1514 1594 1632 1620 usum
1673 1582 1829 1621 dicendi

263 1642 350 1680 fieri
388 1654 468 1679 non
503 1652 619 1690 posse
658 1641 856 1690 opinatur.
918 1641 1013 1680 Xen.
1048 1642 1165 1679 Mem.
1198 1643 1243 1690 4,
1276 1643 1320 1691 4,
1356 1643 1408 1680 12
1455 1638 1599 1691 σκέψαι
1634 1639 1704 1680 ἐὰν
1741 1640 1829 1680 τόδε

266 1712 327 1740 σοι
371 1697 527 1754 ἀρέσκῃ.
598 1700 701 1738 Plat.
741 1699 944 1739 Theaetet.
988 1702 1104 1739 1560
1153 1697 1270 1752 ἄθρει
1324 1698 1394 1739 ἐάν
1442 1714 1526 1748 πως
1575 1699 1829 1755 ἀποτελεσθῇ.

268 1760 388 1811 Gorg.
421 1761 541 1798 4520
579 1757 714 1797 σκόπει
751 1757 820 1796 ἐάν
858 1770 919 1798 σοι
956 1759 1130 1798 πλούτου
1167 1765 1275 1814 φανῇ
1314 1774 1350 1798 τι
1381 1761 1524 1810 μεῖζον.
1585 1772 1631 1799 ac
1663 1760 1718 1799 sic
1749 1760 1829 1798 iam

260 1820 350 1858 inde
383 1819 432 1857 ab
464 1819 636 1856 Homero
670 1818 926 1858 sexcentiens.

1002 1935 1088 1976 273

474 2012 551 2058 εἶτ’
587 2015 726 2066 εὐθὺς
757 2016 872 2058 οὕτω
903 2017 981 2066 τὰς
1010 2017 1220 2073 τραπέζας
1252 2021 1411 2071 αἴρετε,

475 2087 605 2143 μύρα,
638 2088 886 2142 στεφάνους
917 2086 1163 2143 ἑτοίμασον,
1196 2089 1391 2139 σπονδὰς
1419 2090 1549 2131 ποίει.

380 2174 548 2212 Bekker.
581 2173 728 2212 Anecd.
764 2175 866 2225 358,
902 2176 956 2214 10
988 2178 1028 2213 et
1060 2174 1204 2214 Suidas
1236 2174 1362 2227 αἴρειν
1393 2204 1403 2214 .
1428 2203 1438 2214 .
1464 2204 1473 2214 .
1506 2172 1569 2213 ἐπὶ
1598 2178 1668 2214 τοῦ
1699 2187 1826 2227 παροι-

262 2230 445 2284 κειμένην
483 2231 678 2283 ἀφελεῖν
714 2230 787 2283 τὴν
823 2232 1026 2285 τράπεζαν.
1087 2232 1329 2286 Μένανδρος
1369 2233 1617 2289 Κεκρυφάλῳ
1648 2235 1725 2273 κτλ.
1790 2236 1827 2273 1.

261 2291 548 2390 ἒὰςῌίοωᾸΠΒΕ
585 2292 689 2332 Med.
727 2292 834 2331 Suid.
881 2287 986 2345 αἶρε,
1029 2297 1108 2332 παῖ
1138 2294 1290 2333 Iacobs.
1327 2296 1408 2334 not.
1446 2307 1519 2334 ms.
1583 2295 1620 2332 2.
1656 2292 1826 2344 ποίησον

298 2365 318 2390 e
379 2382 386 2390 .
485 2382 492 2390 .

1004 2445 1091 2486 274

474 2526 560 2581 ἡδὺ
591 2526 639 2568 τὸ
671 2527 829 2582 μύρον,
861 2527 1052 2570 παιδίον.
1115 2530 1163 2570 Β.
1201 2528 1305 2581 ἡδύ·
1343 2535 1435 2579 πῶς
1465 2528 1548 2584 γὰρ
1581 2528 1653 2579 οὔ;

474 2599 700 2655 νάρδινον.
1390 2604 1393 2606 “

380 2684 609 2723 Athenaeus
639 2686 705 2734 15,
732 2686 813 2723 691
833 2685 889 2723 ab
921 2684 1111 2736 ναρδίνου
1137 2684 1266 2737 μύρου
1299 2683 1490 2736 μέμνηται
1515 2682 1756 2738 Μένανδρος
1781 2682 1826 2723 ἐν

267 2743 511 2799 Κεκρυφάλῳ
536 2743 660 2790 οὕτως
684 2745 761 2782 κτλ.
821 2746 856 2782 1.
886 2741 939 2791 ὡς
963 2741 1042 2795 ἡδύ
1068 2744 1198 2783 Iacob.
1218 2744 1320 2784 Add.
1339 2744 1433 2783 Ath.
1456 2746 1553 2784 363.
1614 2742 1826 2795 παιδάριον

264 2802 396 2841 Dindf.
426 2802 651 2855 παιδάριον,
683 2799 773 2853 ἡδύ.
805 2804 849 2842 Β.
880 2808 964 2850 πῶς
995 2806 1072 2843 κτλ.
1105 2803 1238 2843 Cobet.
1300 2800 1379 2854 ἡδὺ
1411 2802 1452 2842 τὸ
1485 2803 1626 2855 μύρον,
1663 2805 1746 2842 παῖ.
1776 2804 1821 2841 Β.

263 2859 313 2911 νὴ
346 2857 433 2911 Δί’,
464 2858 554 2912 ἡδύ.
584 2867 668 2908 πῶς
703 2860 777 2914 γὰρ
815 2860 883 2911 οὔ;
915 2863 1032 2902 Mein.
1070 2863 1113 2901 in
1143 2862 1289 2902 Athen.
1322 2863 1381 2902 ed.
1420 2859 1555 2913 (Anal.
1591 2857 1695 2915 338)
1735 2875 1826 2900 cum

263 2920 385 2960 Dobr.

1950 57 1954 59 ,
1939 0 1959 37 af,

1960 0 2014 71 'fiii
