2014 3334
257 237 346 279 444
633 271 636 275 ,
903 241 1164 275 ΑΔΕΣΠΟΤΑ

1004 383 1088 427 184

474 466 527 509 οὐ
559 467 643 523 γὰρ
674 467 753 509 τὸν
784 465 953 510 ἑαυτῶν
984 472 1096 509 νοῦν
1128 465 1352 523 ἐπέχωσαν
1382 474 1477 518 ταῖς
1507 474 1693 523 τροφαῖς

473 536 569 580 οὐδ’
605 538 834 594 ἠπάτησαν
864 538 1059 594 ἡδοναῖς’.

378 624 560 663 Clemens
593 624 705 664 Alex.
738 625 857 664 Paed.
891 626 929 674 2,
965 627 1002 675 1,
1035 626 1059 664 5
1105 624 1147 664 οἷ
1182 627 1264 672 ταῖς
1309 623 1590 672 εὐτελεστάταις
1633 624 1826 677 χρώμενοι

259 687 423 735 τροφαῖς
454 683 700 738 ἰσχυρότατοί
727 683 800 724 εἶσι
823 715 831 723 .
864 714 874 724 .
906 715 914 723 .
939 682 987 724 οὐ
1024 682 1098 737 γὰρ
1130 682 1230 736 ἐπέχ.
1260 682 1328 724 τὸν
1359 699 1394 724 ν.
1425 688 1508 732 ταῖς
1546 699 1601 739 τρ.
1632 682 1726 725 οὐδὲ
1756 682 1825 737 ἧπ.

260 742 380 783 αὐτὸν
410 740 474 795 ἡδ.

1006 823 1091 867 185

473 906 580 949 ὅταν
612 904 661 949 δὲ
690 906 962 958 νυστάζοντά
993 902 1036 962 μ’
1070 905 1098 961 ἡ
1129 906 1245 962 λύπη
1278 907 1404 964 λάβῃ,

472 976 687 1034 ἀπόλλυμ’
723 978 810 1021 ὑπὸ
842 984 931 1020 τῶν
962 977 1196 1021 ἐνυπνίων.

379 1077 620 1116 Plutarchus
651 1077 749 1116 Mor.
784 1077 896 1116 1001*
931 1073 953 1115 ὃ
984 1075 1232 1116 καθεύδουσι
1267 1081 1337 1116 τοῦ
1375 1074 1552 1127 σώματος
1591 1076 1718 1125 1ὕπνος
1749 1075 1828 1117 ἐστὶ

258 1134 324 1174 καὶ
364 1134 605 1187 ἀνάπαυσις,
638 1141 713 1190 ,τῆς
756 1133 798 1175 δὲ
837 1140 971 1187 ψυχῆς
1001 1138 1133 1176 πτοῖαι
1172 1133 1238 1175 καὶ
1278 1133 1422 1187 ὄνειροι
1459 1133 1525 1174 καὶ
1562 1135 1725 1189 ταραχαὶ
1761 1136 1828 1177 διὰ

259 1195 570 1246 δεισιδαιμονίαν
589 1190 667 1235 κτλ.
717 1194 836 1246 φησί
862 1209 942 1242 τις.
1008 1197 1043 1234 1.
1076 1191 1116 1247 μ’
1144 1191 1170 1246 ἡ
1196 1194 1385 1246 Xyland]
1411 1209 1469 1246 με.
1494 1192 1566 1246 μὲν
1592 1191 1636 1248 (i.
1658 1209 1690 1235 e.
1711 1211 1757 1247 με
1779 1193 1825 1250 ἡ)

260 1255 305 1293 Τ.
348 1253 472 1306 λύπη]
514 1255 626 1306 κλίνη
665 1255 867 1294 Herwerd.
899 1254 1016 1294 Anal.
1047 1255 1133 1294 crit.
1168 1257 1235 1294 36.
1316 1257 1353 1294 2.
1390 1252 1469 1293 ὑπὸ
1508 1259 1586 1294 τῶν
1626 1253 1827 1295 ἐνυπνίων

259 1308 310 1353 αὖ
329 1314 446 1362 τάλας
465 1313 687 1366 ἀπόλλυμαι
707 1315 894 1365 Toeppel.
914 1315 1053 1366 Progr.
1072 1315 1110 1353 N
1112 1315 1218 1354 eobr.
1241 1315 1367 1366 1867,
1389 1316 1456 1366 20,
1476 1315 1575 1353 conl.
1589 1315 1713 1355 Arist.
1727 1315 1830 1355 Aah:

264 1376 360 1412 163.
382 1375 419 1412 4.
451 1375 545 1424 Lys.
582 1376 679 1414 760.
727 1374 841 1413 Dion.
875 1374 1016 1425 Chrys.
1050 1377 1088 1425 6,
1121 1375 1175 1413 93
1214 1372 1461 1425 κοιμώμενον
1492 1371 1710 1426 ἀναστῆναι
1741 1369 1828 1428 (τὸν

260 1430 381 1486 μέγαν
401 1428 580 1488 βασιλέα)
600 1431 673 1485 τὴν
691 1433 885 1486 ταχίστην,
905 1433 970 1473 ἅτε
989 1429 1052 1472 ὑπ’
1076 1432 1208 1473 αὐτῶν
1227 1438 1304 1472 τῶν
1324 1431 1524 1472 ἐνυπνίων
1543 1431 1827 1485 ἀπολλύμενον.

1006 1572 1088 1615 186

971 1654 1221 1705 ἀνακλάσας
1251 1654 1331 1697 τὸν
1361 1652 1525 1711 αὐχένα

473 1728 685 1784 ἐφίλησεν
716 1727 832 1771 οὕτω
863 1733 1106 1785 προσφυῶς
1131 1731 1212 1782 ,τῆς
1245 1726 1408 1776 Θαΐδος
1443 1750 1494 1757 -

381 1815 582 1854 Lucianus
613 1814 716 1853 Dial.
737 1828 832 1854 mer.
861 1817 899 1865 3,
926 1817 963 1854 2.
1026 1815 1064 1853 2.
1094 1819 1162 1866 τῆς
1197 1813 1241 1852 Θ.
1273 1812 1336 1864 ἐφ.
1368 1812 1471 1853 οὕτω
1501 1826 1566 1866 πρ.
1599 1835 1651 1840 -
1680 1815 1827 1853 constr.

261 1874 447 1926 ἐφίλησεν
472 1873 540 1914 τὸν
566 1872 652 1926 αύχ.
683 1879 752 1926 τῆς
775 1874 817 1914 Θ.
869 1887 915 1914 ac
945 1875 1115 1913 fortasse
1147 1873 1443 1925 transponenda
1472 1875 1567 1913 sunt
1590 1871 1658 1912 τὸν
1683 1870 1828 1926 αὐχένα

260 1937 301 1974 et
331 1939 399 1987 τῆς
433 1934 591 1982 Θαΐδος.

1006 2026 1088 2069 187

973 2107 1068 2152 ἀλλ’
1107 2108 1196 2166 ὅσῳ
1229 2105 1566 2165 προφανεστέρα

474 2182 711 2238 πρόφασις,
743 2181 941 2239 τοσούτῳ
973 2178 1110 2223 πλέον
1142 2179 1537 2237 ἀποστραφήσεται.

382 2269 573 2308 Libanius
593 2269 674 2307 1111
701 2269 796 2319 156,
825 2270 861 2308 6.
926 2270 961 2307 1.
993 2264 1290 2320 προφανεστέρα
1320 2264 1472 2316 Reisk.]
1504 2262 1727 2318 προφανὴς.
1789 2267 1826 2304 2.

260 2325 287 2380 ἡ
312 2342 376 2382 πρ.
394 2350 452 2356 -
471 2328 673 2380 parasitus
693 2330 778 2368 fore
804 2330 851 2367 ut
874 2329 1068 2379 patronus
1094 2326 1347 2367 excusatione
1372 2325 1476 2365 nihil
1494 2327 1702 2366 moveatur
1720 2325 1828 2364 dicit.

1009 2466 1092 2509 188

379 2566 611 2606 Athenaeus
645 2568 682 2616 9,
714 2567 832 2605 408a
880 2563 923 2605 ἐκ
964 2562 1113 2604 τούτων
1157 2561 1279 2615 δῆλόν
1322 2561 1425 2603 ε’στιν
1462 2561 1519 2602 ὅτι
1560 2560 1829 2615 Τηλέμαχος

262 2625 458 2678 κυάμων
496 2625 668 2699 χύτρας
706 2623 777 2665 ἀεὶ
808 2621 903 2678 (αἰεὶ
921 2620 978 2675 A)
1010 2621 1292 2674 σιτούμενος
1323 2617 1404 2675 ἦγε
1430 2619 1687 2673 Πυανέψια
1716 2636 1828 2675 πορ-

263 2683 352 2736 δὴν
383 2683 564 2738 ἑορτήν.
612 2684 778 2736 κυάμων
809 2684 951 2737 χύτρας
976 2682 1203 2734 σιτούμενος
1230 2680 1443 2733 Πυανέψια
1470 2678 1476 2735 Ι
1502 2679 1658 2734 πορδὴν
1688 2679 1827 2734 ἑορτὴν

265 2739 335 2797 ηγε
366 2746 432 2785 vel
456 2744 621 2797 κυάμων
652 2743 794 2812 χύτρας
824 2742 884 2784 ἀεὶ
921 2742 1148 2794 σιτούμενος
1180 2742 1188 2792 Ι
1219 2739 1375 2792 πορδὴν
1413 2735 1652 2795 (πορδῶνῖ)
1689 2738 1828 2792 ἕορτην

265 2805 334 2856 ἠγε
365 2804 483 2843 Mein.
533 2805 602 2844 sed
633 2804 792 2844 nomine
819 2817 918 2854 opus
950 2805 1022 2842 est.
1070 2802 1240 2841 foltasse
1273 2801 1502 2852 σιτούμενος
1532 2797 1574 2839 δὲ
1609 2797 1829 2851 Τηλέμαχος

266 2862 430 2913 κυάμων
468 2863 608 2916 χύτρας
641 2861 646 2915 Ι
679 2859 887 2914 Πυανόψι’
928 2859 1014 2915 άγει
1043 2860 1204 2914 πορδῶν
1239 2859 1387 2913 ἑορτήν.
1449 2860 1496 2899 de
1529 2860 1748 2899 Telemacho
1778 2859 1828 2898 cf.

264 2922 427 2962 Timocl.
455 2925 492 2963 7.
527 2924 592 2962 16.
626 2925 693 2962 21.
