2014 3334
250 196 336 238 246
582 239 585 244 ,
890 198 1188 232 MENANAPOT

251 312 403 359 faciunt
432 312 577 348 mariti.
641 309 751 347 Suid.
788 309 814 360 β
821 308 955 347 λιτάὸ
962 324 1014 356 ας
1058 309 1100 348 οἱ
1132 307 1292 349 παλαιοὶ
1327 310 1395 356 τὰς
1432 308 1596 356 εὐτελεῖς
1632 312 1824 362 γυναῖκας

250 368 396 422 ἔλεγον.
446 370 619 420 Hesych,
651 368 784 421 βλιτάς
816 398 825 408 .
857 398 867 407 .
899 398 908 408 .
939 367 1006 408 καὶ
1037 368 1226 420 βλίτωνας
1263 367 1354 416 τοὺς
1393 367 1565 420 εὐήθεις.
1615 370 1663 408 cf.
1693 369 1823 421 βλιτο-

251 428 422 480 edituus·

999 496 1086 539 956

372 584 528 623 Plinius
559 584 609 622 N.
640 585 679 623 h.
713 585 783 635 36,
815 585 871 623 44
909 585 1221 623 versicolores
1258 578 1508 637 (marmoris)
1543 584 1756 623 maculas
1793 587 1829 623 et

252 647 295 683 in
331 647 451 683 totum
492 656 773 683 marmorum
812 645 1049 693 adparatum
1086 645 1203 683 etiam
1232 644 1469 688 Menander,
1511 644 1826 692 diliyentissinms

256 706 438 743 luxuriae
467 706 667 753 interpres,
692 705 852 753 primus
877 707 911 742 et
935 715 1029 743 raro
1061 705 1195 753 attiyit.

1000 818 1084 862 957

375 907 531 946 Punius
569 907 620 946 N.
651 907 689 945 h.
724 908 792 957 37,
833 907 914 946 106
959 907 1032 945 hac
1074 901 1382 957 (sardonychem
1423 901 1538 958 dicit)
1584 909 1680 945 certe
1723 883 1831 955 apua

257 968 526 1007 Menandrum
557 970 590 1006 et
617 967 875 1005 Philemonem
907 961 1031 1019 (216)
1065 967 1224 1014 fabulae
1254 967 1489 1014 superbiunt.

1005 1081 1090 1124 958

378 1169 581 1208 Ausonius
607 1169 724 1219 Idyll.
748 1169 801 1208 13
827 1169 952 1219 praef.
979 1183 1015 1218 p.
1039 1169 1122 1207 169
1156 1169 1295 1218 poetas
1328 1169 1495 1207 lascivae
1511 1170 1697 1217 paqinae‚
1732 1171 1833 1208 vitae

251 1231 403 1279 probae
435 1241 746 1268 commemorans
779 1229 871 1276 quid
903 1229 1162 1276 antiquissimi
1185 1231 1323 1276 poetae
1353 1228 1494 1281 Laevii
1518 1228 1833 1277 Erotopaeynion

261 1291 379 1329 libros
410 1290 574 1338 loquar?
611 1290 704 1337 quid
734 1289 964 1333 Euenum,
1002 1299 1131 1336 quem
1167 1288 1428 1326 Menander
1464 1289 1720 1336 sapientem
1756 1300 1831 1327 vo-

263 1351 413 1389 cavit?
450 1350 543 1398 quid
572 1350 702 1398 ipsum
726 1348 1021 1387 Menandrum?
1051 1349 1144 1396 quid
1174 1349 1334 1386 comicos
1359 1359 1499 1398 omnes,
1530 1349 1669 1396 quibus
1699 1359 1835 1387 severa

262 1412 344 1449 vita
375 1412 430 1448 est
460 1412 494 1448 et
525 1409 626 1448 laeta
655 1409 847 1447 materia?

1009 1521 1094 1564 959

386 1610 546 1651 Caelius
577 1610 822 1649 Aurelianus
853 1609 979 1648 Morb.
1012 1611 1117 1647 aaut.
1150 1610 1189 1658 3,
1224 1610 1276 1648 15
1319 1611 1484 1648 comicus
1514 1609 1745 1660 Menander,
1775 1611 1835 1649 in-

265 1674 408 1712 ducens
426 1683 553 1711 senem
571 1672 811 1715 irascentem,
836 1671 980 1708 istius
997 1670 1246 1717 passionis
1271 1664 1609 1721 (hydrophobiae)
1629 1670 1838 1718 imayinem

264 1733 468 1772 vinolentis
504 1731 731 1779 adscripsit,
769 1730 898 1769 dicens
939 1741 1029 1767 non
1064 1740 1206 1777 posse
1248 1729 1402 1768 bibere
1446 1741 1520 1767 eos
1562 1730 1640 1777 qui
1681 1731 1839 1768 vinum

266 1803 410 1841 usque
447 1792 505 1830 ad
540 1791 833 1829 vexationem
861 1791 1041 1837 potant.

1014 1903 1102 1946 960

389 1992 584 2032 Horatius
618 1992 745 2042 Epod.
780 1994 824 2042 1,
861 1992 916 2030 33
967 1991 1074 2030 haud
1108 2002 1326 2039 paravero,
1370 1991 1470 2038 quod
1513 1993 1582 2029 aut
1617 2002 1764 2029 avarus
1799 1993 1843 2029 ut

272 2053 454 2092 Chremes
484 2056 590 2091 terra
612 2064 805 2100 premam,
838 2052 1045 2090 discinctus
1075 2053 1146 2089 aut
1167 2050 1335 2098 perdam
1364 2061 1494 2098 nepos.
1556 2050 1606 2088 ad
1633 2049 1842 2088 Menandri

271 2113 450 2152 fabulam
482 2112 659 2162 aliquam
690 2112 787 2150 haec
816 2110 1017 2161 pertinere
1049 2111 1184 2148 censet
1214 2109 1447 2148 Meinekius.

1017 2225 1101 2267 961

394 2314 523 2353 Schol.
557 2312 770 2385 Sophoclis
797 2312 933 2363 Antig.
969 2312 1052 2351 136
1085 2309 1353 2362 βακχεύων,
1384 2307 1624 2361 ἐνθουσιῶν,
1654 2308 1722 2350 καὶ
1746 2308 1866 2363 μέγα·

273 2379 435 2426 φυσῶν,
471 2388 540 2413 και
581 2370 714 2411 πνέων
752 2369 895 2424 ὀργήν,
933 2369 985 2418 ὡς
1027 2369 1069 2409 τὸ
1102 2369 1348 2422 Μενάνδρου
1387 2367 1500 2408 ἀλλὰ
1542 2368 1621 2408 καὶ
1658 2383 1719 2408 πν
1751 2400 1760 2408 .
1792 2399 1802 2408 .
1834 2399 1844 2408 .

276 2431 348 2473 sio
380 2446 453 2472 ms.
484 2445 556 2471 neo
592 2432 721 2482 plura.
770 2431 872 2469 nihil
908 2430 1014 2469 enim
1053 2442 1213 2468 erasum
1244 2431 1316 2468 aut
1355 2430 1530 2501 deletum
1561 2425 1649 2470 est'
1705 2430 1845 2468 Elmsl.

275 2496 362 2533 erat
394 2493 478 2532 sine
510 2492 631 2531 dubio
662 2488 795 2530 πνέων
825 2491 891 2529 vel
921 2487 1107 2529 πνέουσα.

1021 2605 1107 2647 962

563 2691 626 2740 εἰς
657 2689 827 2745 ἀγορὰν
859 2687 1068 2743 ὑφαίνειν

400 2775 442 2815 τὸ
475 2776 530 2823 εἰς
560 2774 632 2826 τὴν
664 2774 814 2829 ἀγορὰν
846 2772 1024 2825 ἐκφέρειν
1053 2772 1101 2812 τὰ
1136 2771 1397 2824 ὑφαινόμενα.
1459 2771 1562 2811 οὕτω
1594 2769 1846 2823 Μένανδρος.

281 2836 435 2875 Suidas.
492 2836 657 2874 Lucian.
690 2835 909 2884 Lexiphan.
943 2835 997 2872 22
1035 2836 1116 2880 τοῖς
1152 2831 1230 2871 ὑπὸ
1267 2837 1346 2870 τῶν
1382 2831 1649 2883 κοροπλάθων
1681 2830 1736 2877 εἰς
1773 2829 1845 2881 τὴν

281 2894 430 2949 ἀγορὰν
460 2892 737 2946 πλαττομένοις
768 2893 916 2940 ἐοικώς.
