2014 3334
286 240 374 282 220
611 246 615 251 ‘
933 243 1230 276 MENANAPOT

285 346 337 408 ᾗ.
360 351 571 404 ,ἐχρήσατό
609 367 688 393 που
726 356 779 409 τῷ
817 351 979 404 ὀνόματι
1018 352 1085 393 καὶ
1122 352 1377 407 Μένανδρος.
1446 352 1657 407 ‘respicere
1698 357 1859 397 videbar

286 413 409 451 etiam
453 413 680 463 Hesychius
731 413 938 461 λυσανίας·
989 412 1010 453 ὅ
1054 413 1161 453 λύων
1204 413 1272 462 τὰς
1315 413 1440 462 ἀνίας.
1483 447 1485 449 .
1520 413 1586 454 καὶ
1629 415 1860 465 δυσάνιος

285 471 425 525 γυνή,
464 468 489 523 ἡ
534 471 598 511 ἐπὶ
639 476 720 520 τοῖς
756 478 943 525 τυχοῦσιν
985 470 1218 526 ἄχθομένη.’
1262 475 1380 514 Mein.
1424 497 1461 502 —
1515 475 1708 515 δυσάνιον
1739 477 1857 516 Vind.

285 531 463 582 AVoss.]
504 531 709 584 δυσήνιον.

501 696 616 739 ὅπου
648 697 856 751 γυναῖκές
888 699 987 753 εἰσι,
1019 696 1146 740 πάντ’
1185 697 1275 740 ἐκεῖ
1302 699 1424 741 κακά.

407 784 603 824 Stobaeus
643 785 778 824 Floril.
820 788 892 834 73,
933 787 986 825 58
1034 785 1282 837 Μενάνδρου
1321 786 1485 825 AVoss.
1511 786 1633 825 Heus.
1689 789 1857 827 monost.

290 846 374 884 623
408 847 449 883 et
482 846 580 884 694.

1033 937 1120 979 805

499 1021 635 1075 νόμος
666 1026 872 1074 γονεῦσιν
905 1018 1114 1070 ἰσοθέους
1145 1021 1270 1075 τιμὰς
1301 1019 1462 1076 νέμειν.

404 1106 600 1146 Stobaeus
621 1108 758 1146 Floril.
782 1109 849 1158 79,
884 1109 938 1146 26
971 1106 1220 1159 Μενάνδρου
1243 1107 1291 1145 Α.
1343 1110 1511 1147 monost.
1546 1111 1642 1148 378.
1675 1109 1856 1159 Apostol.

287 1168 360 1216 12,
394 1167 448 1204 40
485 1164 744 1216 Σοφοκλέους
781 1162 1031 1221 (Φιλήμονος
1064 1162 1124 1221 Ζ).
1187 1169 1230 1206 ab
1267 1167 1426 1206 Arsenii
1470 1168 1692 1208 auctoritas
1735 1169 1858 1208 etiam

286 1227 414 1265 minor
446 1228 508 1265 esf,
539 1240 659 1276 quam
691 1228 755 1266 vel
789 1227 963 1266 Stobaei.

1032 1343 1117 1387 806

500 1426 625 1476 δίκας
656 1427 937 1483 γραφόμενος
968 1427 1078 1482 πρὸς
1109 1435 1252 1482 γονεῖς
1283 1429 1444 1483 μαίνει,
1475 1428 1623 1470 τάλαν.

407 1512 605 1552 Stobaeus
638 1513 775 1552 Floril.
810 1515 876 1564 79,
911 1515 964 1552 32
999 1514 1247 1566 Μενάνδρου
1282 1514 1327 1553 A.
1377 1513 1498 1569 μαίνῃ
1531 1515 1697 1554 codices.

1030 1654 1115 1696 807

497 1735 607 1790 ἡδὺς
637 1737 779 1792 πατὴρ
812 1739 1036 1794 φρόνησιν
1068 1734 1163 1780 ἀντ’
1199 1738 1334 1793 ὀργῆς
1365 1739 1489 1794 ἔχων.

403 1823 600 1862 Stobaeus
633 1824 767 1863 Floril.
801 1826 869 1876 83,
905 1827 959 1864 10
991 1824 1239 1876 Μενάνδρου
1259 1825 1307 1863 Α.
1356 1827 1526 1865 monosb.
1550 1828 1633 1866 669
1668 1822 1764 1878 (ἡδύ
1796 1841 1853 1879 γε,

284 1882 390 1933 quod
419 1883 565 1933 probat
596 1883 733 1923 Cobet.
763 1885 908 1924 Mnem.
941 1885 1062 1924 VIIII
1096 1887 1192 1924 138.
1254 1886 1301 1925 cf.
1336 1886 1433 1924 809.
1466 1879 1584 1939 814).

497 2108 593 2157 υἱὸς
626 2104 667 2149 δ’
702 2107 895 2163 ἀμείνων
927 2106 1048 2150 ἐστὶν
1080 2108 1234 2164 εὐνοία
1264 2109 1438 2164 πατρός.

405 2193 600 2233 Stobaeus
634 2194 769 2233 Floril.
804 2195 872 2245 83,
907 2197 958 2233 11
993 2199 1063 2234 τοῦ
1096 2192 1219 2234 αὐτοῦ
1251 2194 1300 2233 A.

1030 2334 1114 2376 809

497 2416 583 2471 ἡδύ
615 2414 656 2470 γ’
693 2416 741 2458 ἐν
773 2416 983 2472 ἀδελφοῖς
1015 2415 1134 2459 ἐστιν
1166 2416 1377 2471 ὁμονοίας
1407 2418 1527 2473 ἔρως.

405 2504 604 2543 Sssobaeus
623 2504 760 2543 Floril.
782 2505 850 2552 84,
872 2506 892 2542 1
928 2502 1175 2554 Μενάνδρου
1206 2503 1254 2542 Α.
1315 2499 1394 2554 ἡδύ
1426 2504 1588 2543 Porson.
1615 2504 1723 2543 Misc.
1747 2502 1847 2553 194]

285 2560 337 2610 ὡς
367 2560 458 2614 ἡδύ.
520 2561 708 2614 ἀδελφοῖς
740 2562 860 2614 ἐστιν]
894 2561 1125 2613 ἀδελφοῖσιν
1156 2563 1201 2600 Β.

983 2755 988 2759 1
1021 2702 1108 2744 810

499 2787 818 2842 αἰσχυνόμενος
849 2789 1050 2841 αἴσχιστα
1081 2786 1238 2827 πενίαν
1270 2783 1326 2826 ἂν
1357 2783 1520 2841 φέροις.

405 2873 598 2913 Stobaeus
629 2873 768 2912 Floril.
802 2874 874 2924 95,
909 2875 932 2912 6
972 2870 1220 2923 Μενάνδρου
1253 2871 1301 2910 Α.
1357 2872 1440 2911 sine
1477 2871 1653 2910 auctoris
1690 2871 1847 2910 nomine

287 2933 395 2972 Plub.
428 2934 527 2972 Mor.
563 2935 688 2972 128a.
739 2930 790 2971 ἂν
822 2932 909 2972 add.
942 2932 1051 2971 Pors.
1082 2931 1179 2973 Eur.
1210 2930 1275 2970 Or.
1309 2932 1406 2971 485.
1455 2928 1591 2983 φέροις
1619 2928 1672 2980 Α]
1705 2927 1848 2983 φέρεις.
