2014 3334
0 2980 31 3000 l

0 3003 55 3334 l.

537 234 950 271 ΔΜΦῙΣΒΗΤΗΣΙΜΑ
974 233 1060 269 ΚΑΙ
1084 232 1408 269 ΠΑΡΕΓΓΡΔΦΑ
1671 230 1762 275 615

192 345 225 393 ὦ
249 345 533 391 πάνταὲκεῖνα
557 343 751 399 ὀνείρατα.
799 348 939 386 ποῖαι
967 342 1116 399 πηγαὶ
1141 343 1363 398 δακρύων
1394 342 1557 385 ἱκαναὶ
1586 343 1760 401 τοσούτῳ

191 411 320 467 κακῷς
359 410 471 450 ποῖαι
507 406 720 447 συναυλίαι
748 403 815 446 καὶ
852 404 1045 462 συνῳδίαι
1079 410 1208 457 χορῶν
1237 403 1398 444 πάντων
1429 402 1502 456 τὴν
1531 404 1762 458 καλλίχορον

193 467 264 511 καῖ
294 466 577 519 πολυύμνητον
613 464 679 506 καὶ
715 463 957 519 τριπόθητον
1000 462 1234 517 ἀνθρώποις
1271 461 1506 518 ἀρκέσουσιν
1543 461 1763 516 ἀνοιμῶξαι

192 528 328 577 πόλινς
366 527 470 568 unde
508 528 671 578 praeter
707 526 911 577 integrum
947 524 1164 566 dimetrum
1202 524 1503 576 anapaesticum
1539 524 1658 565 facile
1688 524 1761 564 has

193 590 470 631 trimetrorum
499 586 690 638 reliquias
722 585 925 636 restituas,
960 597 1071 637 quos,
1103 584 1138 624 si
1168 586 1379 635 poetarum
1411 586 1518 636 sunt,
1543 596 1565 624 e
1593 583 1763 624 diversis

192 648 342 691 fabulis
373 648 580 697 excerptos
612 644 859 686 crediderim.
919 649 1039 685 νεῶν
1069 658 1115 684 τε
1146 643 1333 696 χάριτες
1363 641 1443 684 καὶ
1471 641 1762 695 περιβόλων,

191 711 281 750 ποῖ
303 720 431 758 ποτε,
459 706 466 755 Ι
491 707 579 746 ποῖ
603 710 688 759 γῆς
719 703 896 752 ἔδυτε;.
917 734 925 744 .
947 702 1137 756 ,κόσμοι
1166 703 1420 756 παραλίας,
1453 699 1588 743 πάντ’
1617 698 1758 744 ἐκεῖν’

192 765 416 820 ὀνείρατα
441 759 705 820 (ὁράματαῖ).
725 795 735 805 .
755 763 1033 805 ,συναυλίαι
1060 777 1106 804 τε
1136 761 1214 804 καὶ
1245 762 1479 820 συνῳδίαι
1503 767 1655 817 χορῶν
1680 792 1691 803 .
1717 794 1725 803 .
1752 793 1762 804 .

191 825 490 880 τριπόθητον
521 823 802 882 ἀνθρώποις
833 822 1102 876 ἀνοιμῶξαι
1131 822 1282 864 πόλιν.
1332 825 1509 863 ceterum
1545 824 1595 863 cf.
1627 823 1761 874 adesp.

193 889 292 929 340.
322 887 421 927 428.

922 939 1035 983 1249

478 1013 604 1071 ὁρᾷς;
637 1014 696 1056 σὺ
724 1011 870 1069 κάμοῦ
900 1013 1140 1070 καταγελᾷς
1171 1010 1220 1055 ἐν
1250 1016 1310 1070 τῷ
1342 1009 1476 1069 μέρει.

311 1102 513 1142 Lucianus
556 1099 658 1140 Gall.
700 1100 767 1139 18.
817 1097 866 1139 σὺ
896 1096 988 1151 κᾶμ.
1031 1113 1114 1139 κατ.
1158 1097 1423 1149 Fritzschius]
1468 1112 1551 1139 κατ.
1581 1095 1672 1150 κάμ.
1703 1120 1761 1126 -

193 1164 305 1216 origo
337 1162 471 1202 dubia.

241 1230 249 1237 '
921 1214 1037 1259 1250

407 1320 411 1323 -
479 1288 666 1339 παλαιὸς
697 1277 955 1344 ἆνθρώποις
985 1285 1261 1342 μεμύθευται
1291 1287 1424 1342 λόγος

313 1374 550 1429 [Lucianus]
576 1374 772 1427 Halcyon.
795 1376 831 1414 1.
880 1375 1015 1425 potest
1034 1373 1191 1425 tragici,
1217 1375 1351 1425 potest
1369 1374 1511 1414 comici
1530 1386 1618 1414 esse
1637 1386 1761 1426 παρα-

192 1437 500 1495 τραγῳδοῦντος.
544 1434 652 1487 apud
681 1433 910 1502 Nauckium
941 1446 1022 1473 non
1055 1433 1225 1484 repperi.

922 1548 1033 1593 1251

313 1628 390 1676 Qui
428 1627 536 1679 apud
572 1625 988 1667 Pseudo-Lucianum
1026 1626 1186 1665 exstant
1223 1624 1371 1664 senarii
1410 1624 1452 1664 in
1476 1624 1607 1680 ¹Lucio
1640 1621 1699 1678 (1.
1725 1627 1764 1664 4.

200 1691 268 1731 15.
300 1690 368 1729 22.
402 1689 470 1728 24.
503 1688 571 1727 28.
604 1682 693 1739 30),
726 1685 879 1737 Hippia
911 1679 969 1738 (5.
997 1686 1035 1724 6.
1063 1687 1099 1725 7.
1128 1679 1187 1739 8),
1219 1679 1542 1741 Charidemof'I.
1571 1678 1631 1737 9),
1661 1683 1766 1724 unde

194 1748 381 1789 fluxerint
415 1759 609 1799 perquam
640 1745 807 1786 dubium
839 1747 911 1784 est.

923 1860 1038 1904 1252

315 1940 466 1980 Multas
497 1950 600 1991 quae
631 1949 722 1978 cum
753 1936 844 1976 aliis
874 1935 974 1976 locis
1004 1937 1092 1975 tum
1123 1934 1166 1974 in
1190 1934 1296 1974 Vitis
1328 1934 1559 1974 inlustrium
1587 1934 1765 1974 virorum

199 2002 360 2041 exstant
389 1999 438 2039 de
469 1999 566 2038 fatis
595 1999 779 2039 veterum
809 1998 1020 2047 poetarum
1050 1994 1375 2035 narratiunculas
1404 2007 1477 2045 per
1500 1994 1634 2034 varios
1659 1993 1766 2034 rivu-

197 2061 258 2101 los
294 2073 343 2100 ex
378 2057 607 2099 comoediae
637 2057 748 2096 fonte
779 2055 941 2096 fluxisse
973 2057 1283 2095 consentaneum
1314 2056 1386 2094 est.
1439 2053 1509 2094 sed
1541 2066 1610 2094 eae
1642 2053 1766 2093 maxi-

197 2133 304 2160 mam
341 2120 500 2171 partem
535 2117 595 2157 ita
630 2116 852 2156 inmutatae
891 2117 1002 2166 sunt,
1042 2116 1090 2154 ut
1125 2114 1298 2166 pristina
1333 2127 1472 2153 earum
1509 2114 1638 2153 forma
1674 2125 1765 2153 raro

197 2178 467 2231 redintegrari
495 2177 648 2229 possit.
710 2176 784 2216 illa
826 2177 933 2215 certe
976 2174 1254 2214 trimetrorum
1295 2173 1427 2213 frusta
1468 2173 1604 2224 potius
1646 2185 1767 2224 quam

199 2240 439 2292 fragmenta,
465 2250 567 2290 quae
593 2236 750 2276 Aeneas
774 2234 1034 2275 Piccolomini
1053 2229 1208 2287 (Herm.
1227 2233 1345 2273 XVII
1364 2229 1469 2286 344)
1490 2246 1511 2272 e
1533 2232 1628 2272 Vita
1652 2232 1767 2272 Euri-

197 2298 303 2351 pidis
334 2300 454 2350 atque
487 2293 624 2350 (Studi
656 2296 697 2335 di
728 2295 908 2346 fflologia
938 2306 1058 2347 greca
1088 2294 1107 2333 Ι
1141 2294 1237 2334 249.
1271 2295 1369 2333 251.
1397 2287 1442 2346 3)
1475 2306 1523 2332 ex
1551 2292 1767 2331 Plutarcho

199 2352 367 2412 (Anton.
396 2359 463 2398 70.
507 2356 637 2396 Alcib.
661 2351 734 2408 16)
760 2357 802 2395 et
824 2354 1009 2394 Neanthe
1029 2350 1180 2406 (Schol.
1200 2352 1324 2393 Arist.
1342 2352 1438 2404 Lys.
1459 2348 1565 2405 808)
1585 2351 1767 2391 elicuisse

199 2417 275 2458 sibi
312 2417 490 2469 videtur,
527 2429 620 2457 cum
654 2414 892 2467 praesertim
928 2413 1054 2453 insint
1089 2426 1191 2464 quae
1228 2412 1386 2463 legibus
1418 2411 1595 2451 metricis
1626 2410 1767 2452 adver-

200 2478 338 2517 sentur
363 2474 522 2530 (μϊκρόν
546 2470 631 2530 al.),
654 2486 907 2527 nequaquam
933 2473 992 2513 ita
1017 2474 1251 2524 comparata
1273 2474 1368 2512 sunt
1385 2474 1434 2511 ut
1452 2471 1502 2511 ad
1521 2470 1766 2512 comoediam

200 2538 290 2576 tuto
322 2536 464 2576 referri
493 2535 660 2587 possint.
709 2535 758 2575 cf.
784 2534 887 2575 Mus.
918 2533 1043 2572 Rheu.
1074 2531 1284 2572 XXXXIII
1311 2533 1365 2571 49
1393 2544 1431 2571 n.
1460 2533 1496 2572 1.

927 2649 1040 2692 1253

485 2727 624 2766 σῦκον
654 2720 745 2778 μετ’
785 2721 940 2778 ἰχθύν,
972 2720 1162 2776 ὄσπριον
1194 2716 1243 2762 δὲ
1275 2718 1382 2775 μετὰ
1412 2717 1531 2775 κρέα.

321 2809 554 2849 Athenaeus
575 2810 614 2861 3,
634 2808 724 2849 8οᾶ
748 2807 961 2862 παροιμίας
986 2801 1077 2846 οῖδα
1100 2803 1189 2858 περὶ
1214 2804 1347 2845 σύκων
1372 2800 1586 2858 λεγομένας
1610 2803 1770 2845 τοιάσδε

199 2871 277 2910 κτλ.
309 2864 774 2922 (accedithexameter).
822 2869 872 2907 cf.
898 2866 1084 2906 Eustath.
1113 2867 1240 2916 1964,
1269 2867 1336 2905 19.
1385 2861 1428 2904 δὲ
1461 2864 1551 2905 add.
1583 2868 1625 2904 et
1654 2861 1770 2916 κρέας

202 2928 334 2982 Mein,
365 2924 415 2969 ‘si
447 2924 632 2969 scaenici'
665 2922 843 2982 (comici)
876 2923 1034 2978 ‘poetae
1065 2937 1205 2966 versus
1236 2920 1324 2965 est?
1356 2924 1475 2965 Anal-
1502 2924 1596 2964 Atlr
1624 2925 1691 2965 38.
