2014 3334
869 254 968 288 ΤΗΣ
993 253 1123 288 ΝΕΑΣ
1700 251 1789 294 439

962 362 1047 406 154

495 434 805 492 ἀμορφότατος
835 435 917 491 τὴν
949 436 1055 486 ὄψιν
1086 433 1176 491 εἰμὶ
1207 434 1291 490 γὰρ
1327 435 1489 490 Φόβος,

491 507 672 551 πάντων
703 507 934 563 ἐλάχιστον
965 512 1046 550 τοῦ
1076 509 1216 550 καλοῦ
1247 505 1441 562 μετέχων
1471 508 1589 558 θεός.

329 583 473 623 Sextus
505 583 620 634 Emp.
652 583 753 623 Adv.
786 583 917 634 dogm.
951 584 990 633 5,
1025 583 1108 622 122
1141 581 1175 621 εἰ
1207 579 1249 621 δὲ
1281 579 1301 620 ὁ
1334 579 1439 629 ἕλεος
1471 580 1566 629 θεός
1598 579 1691 632 ἐστι,
1722 579 1790 620 καὶ

206 640 228 683 ὅ
260 642 389 695 φόβος
420 641 695 695 ἀμορφότατος
721 639 792 694 μὲν
818 641 890 694 τὴν
916 638 1014 693 ὄψιν
1039 644 1117 681 κτλ.
1168 639 1234 693 ἄμ.
1253 640 1327 694 γάρ
1354 640 1432 693 εἰμι
1457 639 1530 693 τὴν
1556 638 1654 692 ὄψιν
1678 639 1788 691 θεός,
1865 693 1868 694 ⁷

205 702 366 743 πάντων
402 725 460 730 —-
502 701 636 755 Φόβος
662 702 711 742 Κ.
743 716 790 741 ex
822 703 989 754 prologo
1021 701 1260 742 comoediae.
1310 702 1436 740 Rutil.
1468 701 1527 740 De
1560 702 1624 753 fig.
1659 703 1698 753 2,
1731 703 1783 741 91

198 766 336 813 poetae
360 765 427 812 qui
444 760 602 813 fabulas
621 765 861 812 seripserunt
884 764 926 801 in
938 763 1133 812 proloyis.
1155 762 1349 801 ,humana
1367 763 1499 811 fe'yura
1516 762 1789 810 produxerunt

197 835 392 873 personas
422 835 522 873 quae
551 825 594 863 in
623 825 803 863 veritate.
825 853 833 861 .
855 825 966 862 ‚sunt
995 834 1074 861 non
1098 833 1300 871 personae.
1353 822 1402 860 cf.
1433 821 1619 861 Menand.
1653 822 1751 861 545.

954 938 1037 982 155

491 1011 612 1062 ὅστις
645 1009 715 1054 ἐπὶ
748 1011 933 1053 δεῖπνον
965 1007 1046 1061 ὀψὲ
1079 1007 1262 1065 κληθεὶς
1294 1010 1481 1066 ἔρχεται,

488 1083 515 1140 ἢ
546 1085 687 1140 χωλός
718 1082 839 1126 ἐστιν
872 1082 899 1139 ἢ
932 1082 987 1126 οὐ
1020 1083 1179 1126 δίδωσι
1212 1082 1450 1138 συμβολάς.

325 1159 456 1198 Sohol.
490 1158 657 1198 Theocr.
692 1161 735 1208 7,
769 1159 824 1197 24
870 1157 912 1197 οἱ
945 1156 1020 1210 γὰρ
1058 1155 1288 1208 κεκλημένοι
1332 1156 1587 1197 σπεύδουσιν.
1649 1155 1713 1196 ἐπὶ
1744 1155 1787 1197 δὲ

202 1223 281 1257 τῶν
318 1216 602 1270 βραδυνόντων
632 1217 824 1270 παροιμία
842 1220 921 1257 κτλ.
973 1231 1009 1258 v.
1035 1221 1055 1256 1
1079 1218 1266 1268 Apollon.
1293 1217 1406 1267 Syn’c.
1429 1219 1466 1268 2,
1490 1220 1513 1257 7
1540 1232 1579 1268 p.
1603 1219 1699 1265 106,
1729 1219 1785 1256 20

202 1278 329 1317 Bekk.
368 1275 422 1325 ὡς
462 1276 506 1317 ἕν
542 1280 594 1334 τῷ
625 1280 702 1321 κτλ.
786 1280 823 1316 1.
861 1274 938 1328 ὀψὲ
975 1276 1138 1328 κληθεὶς
1176 1277 1262 1316 cod.
1294 1275 1343 1327 L]
1391 1275 1554 1328 κληθεὶς
1585 1274 1674 1327 ὀψὲ.
1735 1278 1784 1316 of.
1823 1296 1832 1299 ··

202 1337 386 1377 Menand.
408 1340 506 1378 364.
541 1337 724 1389 Apostol.
749 1338 814 1387 13,
838 1338 890 1376 15
924 1335 1114 1377 οὐδέποτε
1145 1334 1308 1388 κληθεὶς
1339 1335 1404 1376 ἐπὶ
1429 1337 1594 1377 δεῖπνον
1621 1335 1787 1384 ὕστατος

202 1395 425 1449 ἀφικόμην·
456 1400 538 1446 τοῖς
562 1397 847 1450 τρεχεδείπνοις
871 1402 986 1437 τοῦτο
1019 1395 1227 1449 ἁρμόδιον,
1259 1410 1362 1448 quae
1383 1398 1572 1437 videntur
1598 1399 1787 1449 excerpta

204 1469 291 1497 esso
322 1470 371 1497 ex
402 1458 508 1497 Plut.
537 1458 637 1498 Mor.
672 1458 802 1498 726b.

866 1538 872 1544 '
950 1537 1034 1580 156

488 1607 584 1653 ἀλλ’
621 1614 719 1652 εἰθε
751 1610 859 1664 μήτε
890 1610 1110 1665 πρότερον
1141 1608 1344 1665 ηὐξάμην
1375 1609 1510 1660 τάλας

487 1680 586 1738 μήτ’
623 1683 755 1738 ἔσχον
786 1680 1084 1724 ἐπινεύουσαν
1116 1680 1256 1732 εὐθὺς
1286 1681 1368 1736 τὴν
1399 1681 1556 1738 τύχην·

321 1757 514 1796 Libanius
545 1757 627 1796 IIII
659 1759 757 1808 212,
793 1759 858 1806 14,
891 1757 960 1795 ubi
991 1753 1091 1807 μηδὲ
1123 1777 1164 1784 —-
1202 1752 1311 1807 μηδ’.
1361 1753 1462 1807 ἀλλ’,
1494 1756 1625 1808 τάλας,
1656 1756 1784 1806 εὐθὺς

202 1817 291 1856 add.
324 1838 371 1844 —
400 1817 582 1868 loquitur
614 1829 771 1866 avarus,
804 1817 868 1856 cui
900 1817 1116 1856 thesaurus
1147 1817 1334 1856 inventus
1366 1817 1616 1867 perniciosus
1647 1818 1738 1858 fuit.

957 1920 1038 1964 157

487 1991 561 2036 καὶ
592 1993 677 2049 γὰρ
708 1993 948 2036 καθεύδων
980 1991 1272 2047 διαλέγεσθαί
1300 2006 1370 2036 σοι
1403 1994 1536 2048 δοκῶ,

486 2058 582 2122 κᾷτ’
621 2064 831 2120 ἠνιάθην,
865 2064 933 2107 ὅτι
965 2065 1138 2121 ὄνειρος
1169 2060 1226 2119 ἧν
1258 2064 1354 2121 ἄρα.

321 2140 540 2190 Procopius
562 2139 688 2190 Epist.
709 2141 777 2179 50.
843 2142 879 2179 1.
910 2137 977 2178 καὶ
1007 2142 1102 2178 καθ.
1133 2139 1339 2192 προσδιαλ.
1404 2141 1442 2180 2.
1472 2139 1559 2180 καὶ.
1580 2139 1782 2194 ,ἠνιάθην

201 2198 259 2239 ὅτι
289 2213 362 2252 περ
393 2196 459 2249 ὅν.ν
482 2193 546 2251 ἦν.

951 2255 1034 2300 158

488 2325 650 2386 ἀβαρὲς
680 2329 764 2384 γὰρ
798 2327 930 2386 ’ὅρκος
960 2334 1106 2385 χρῆμα
1138 2330 1214 2372 σοι’
1240 2326 1280 2383 γ’
1317 2324 1432 2372 εἶναι
1465 2329 1600 2384 δοκεῖ,

487 2399 511 2443 ὃ
542 2401 707 2452 παντὸς
739 2401 910 2456 ἄχθους
941 2399 1033 2444 ἐστὶ
1065 2401 1424 2458 δυσφορώτερον.

322 2487 649 2539 Theophylaotus
670 2487 812 2528 Simoc.
832 2488 962 2538 Epist.
985 2490 1052 2527 67.
1119 2491 1154 2527 1.
1187 2486 1251 2540 ἀβ.
1277 2488 1352 2541 γάρ
1378 2503 1412 2527 τι
1435 2503 1491 2541 χρ.
1524 2486 1545 2528 ὁ
1571 2486 1653 2540 ὅρκ.
1678 2483 1780 2528 εἶναι

203 2546 238 2586 δ.
301 2548 337 2586 2.
370 2542 411 2598 ὃ]
444 2545 520 2587 καὶ.
570 2548 791 2586 amantium
822 2547 1102 2587 iusiurandum
1134 2548 1241 2587 dicit.

951 2651 1036 2695 159

888 2721 1083 2780 (πολλοὶ)

487 2795 613 2849 φίλοι
645 2796 876 2851 λεγόμενοι
908 2796 1173 2851 συμπιόντες
1205 2795 1387 2847 εἰσάπαξ

487 2865 536 2908 ἐκ
565 2866 836 2909 πανδοκείου
866 2864 939 2909 καὶ
970 2868 1241 2923 παλαίστρας
1271 2866 1464 2924 κάγορᾶς

321 2952 459 3003 φιλίαν
491 2949 757 3005 συλλέγουσιν.
807 2953 1049 2993 Plutarchus
1078 2954 1178 2993 Mor.
1212 2956 1266 2993 94
1277 2967 1312 2994 a.
1377 2957 1412 2994 1.
1445 2953 1560 3003 ἅπαξ.
