2014 3334
775 238 929 273 ΤΙΤΘΗ
956 259 999 265 -
1027 239 1173 274 ΤΔΡΙΑ
1681 239 1766 283 133

142 353 144 355 ’
179 348 288 403 παρὰ
325 349 559 408 Μενάνδρῳ
595 349 644 390 τὰ
679 350 971 403 καρυκεύματα.
1034 365 1070 391 v.
1106 354 1156 391 11
1192 353 1428 393 Athenaeus
1463 357 1506 405 1,
1540 356 1563 394 9
1579 366 1601 394 c
1637 368 1766 406 περιε-

178 407 262 451 λὼν
293 439 303 451 .
335 440 345 450 .
375 409 444 459 τὰς
482 409 711 465 μαγειρικὰς
748 410 988 464 μαγγανείας
1019 410 1085 451 καὶ
1115 411 1175 463 τά,
1210 410 1265 461 ὡς
1296 410 1317 452 ὁ
1349 411 1594 465 Μένανδρός
1626 425 1766 466 φησιν,

179 468 572 524 ὑποβινητιῶντα
615 470 840 524 βρώματα
875 466 1019 525 (exscr.
1057 472 1245 513 Eustath.
1282 475 1408 524 1724,
1441 468 1531 527 54).
1598 470 1767 515 ‘cibaria

187 531 373 572 Venerem
401 527 635 572 inritantia'.
672 531 792 571 Mein.
850 531 898 572 cf.
931 531 1066 583 adesp.
1101 534 1200 573 887.

301 592 336 632 1.
375 589 556 644 ὑποδοχή
594 592 718 632 Dobr.
749 590 853 632 Adv.
886 591 926 630 II
960 593 1058 632 278.
1109 589 1225 640 ξένου
1263 615 1311 620 —
1347 591 1528 646 ὑποδοχή
1567 608 1685 642 τινος.
1717 596 1762 634 B.

177 650 269 692 ποδ.
299 651 506 692 Herwerd.
545 651 659 692 Stud.
704 652 793 692 crit.
827 653 894 692 89.
956 665 1051 691 nam
1090 648 1192 702 ‘quis
1229 653 1282 692 sit
1324 654 1469 704 hospes
1509 654 1609 693 scire
1646 654 1765 705 coqui

175 724 258 752 non
287 707 486 764 interest,'
517 712 589 751 sed
618 713 721 752 mede
751 712 817 752 sit.
881 713 919 752 3.
951 710 998 751 τὰ
1030 711 1142 753 Grot.
1174 713 1358 763 Excerpt.
1394 711 1498 764 745]
1531 712 1578 767 τὰ
1609 711 1682 766 μὲν
1716 717 1763 753 A.

177 774 217 812 8.
243 767 475 825 Ἀρκαδικὸς
498 771 650 824 Bent1.]
684 786 790 825 χεται
803 768 1036 824 Ἀρκαδικὸς
1054 772 1103 812 A.
1154 772 1190 812 εἰ
1220 770 1264 813 δέ
1289 787 1346 821 τις
1377 771 1526 826 ἔρχεται
1551 770 1654 826 Ἀρκ.
1681 774 1763 813 VL.

74 805 77 834 ἐ
131 863 136 868 .
178 833 217 873 9.
248 829 479 881 ἀθάλασσος
509 832 560 872 Α.
610 830 671 884 ἐν]
705 830 762 872 ὢν
795 832 914 873 Mein.
945 831 1148 880 λεπαδίοις
1179 833 1355 886 Madvig.
1383 834 1552 875 Advers.
1584 834 1671 874 crit.
1698 835 1761 874 III

177 893 246 942 54,
266 891 362 945 quia.
380 905 462 934 non
481 893 658 944 patellae
679 892 1051 934 commemorandae
1073 893 1166 944 sint,
1191 893 1261 933 sed
1281 905 1382 933 esca.
1447 896 1515 934 10.
1546 891 1762 943 ὑπόστασις

173 951 212 992 A
243 953 343 993 517.
410 958 512 993 ποιῶ
557 952 722 1004 Coraes]
765 957 916 993 ποιῶν
938 953 1156 1005 utrubique
1188 954 1237 992 A.
1275 956 1404 994 ποθεῖ
1442 950 1625 1007 (sublata
1668 957 1763 1006 post

173 1011 347 1061 πλούταξ
385 1008 733 1068 interpunctione)
773 1013 951 1054 Grotius.
1001 1012 1106 1054 πιών
1138 1014 1259 1054 Dobr.
1328 1016 1391 1054 11.
1425 1013 1629 1055 κάναυλον
1659 1013 1760 1055 ὑπο-

173 1072 433 1125 βεινητιῶντα
463 1073 502 1113 Α
537 1076 633 1114 132.

297 1136 363 1174 10.
390 1129 490 1174 Ἰων.
508 1136 572 1174 πλ.
598 1134 624 1174 i.
645 1148 677 1174 e.
698 1134 735 1174 εἰ
752 1131 795 1174 δὲ
810 1130 911 1174 Ἰων.
930 1136 993 1174 πλ.
1013 1132 1129 1174 ἐστίν.
1156 1134 1205 1174 de
1225 1147 1323 1174 voce
1342 1133 1516 1182 πλούταξ
1545 1137 1594 1175 cf.
1616 1135 1760 1186 Eupol.

177 1194 280 1244 159,
314 1195 353 1233 9.
408 1194 626 1234 Herodian.
657 1195 678 1234 I
709 1196 786 1247 42,
820 1197 888 1235 23.
934 1195 1038 1245 524,
1079 1196 1144 1234 16.
1200 1195 1239 1234 II
1272 1196 1316 1247 8,
1350 1197 1417 1234 15.
1481 1194 1530 1234 de
1568 1196 1759 1235 candaulo

116 1263 118 1265 ’
172 1253 346 1293 Nicostr.
382 1256 436 1293 17
470 1256 511 1294 et
541 1255 689 1295 Athen.
725 1256 793 1306 12,
827 1256 911 1295 516
927 1255 992 1294 cd.

915 1395 1003 1438 463

385 1480 436 1523 τὸ
467 1476 608 1536 μηδὲν
640 1479 812 1524 ἀδικεῖν
843 1478 918 1522 καὶ
949 1479 1306 1536 φιλανθρώπους
1337 1487 1466 1523 ποιεῖ.

290 1566 488 1607 Stobaeus
507 1567 645 1607 Floril.
669 1569 706 1619 9,
729 1570 785 1608 20
829 1566 1081 1620 Μενάνδρου
1112 1567 1332 1623 Τροφωνίῳ
1354 1567 1401 1607 A.
1447 1566 1580 1619 μηθὲν
1602 1571 1648 1607 A.
1706 1571 1755 1608 cf.

170 1628 219 1666 fr.
256 1630 321 1667 19.
355 1629 453 1668 284.
488 1629 586 1676 568,
622 1629 646 1667 3
680 1631 721 1667 et
753 1627 891 1668 Cobet.
924 1628 972 1667 N.
1005 1628 1031 1667 1.
1066 1628 1135 1667 85.

918 1757 1008 1799 464

288 1843 585 1895 Harpocration
617 1845 687 1896 41,
721 1845 746 1884 3
779 1843 838 1884 οτι
870 1841 913 1883 δὲ
944 1843 1134 1893 λύσαντες
1171 1843 1245 1896 τὴν
1283 1844 1467 1897 λήκυθον
1499 1844 1665 1898 ἐχρῶντο
1701 1848 1754 1902 τῷ

169 1903 302 1955 ἱμαντι
331 1902 431 1957 πρὸς
461 1903 504 1944 τὸ
536 1908 768 1958 μαστιγοῦν,
801 1901 1047 1957 Μένανδρος
1083 1905 1315 1961 Τροφωνίῳ.

911 2046 1000 2088 465

454 2120 720 2174 χορτασθείς-

287 2203 532 2258 Μένανδρος
564 2204 607 2246 ἐν
642 2206 862 2263 Τροφωνίῳ
894 2205 984 2259 ἔφη.
1018 2207 1251 2247 Athenaeus
1285 2210 1321 2257 3,
1356 2209 1411 2247 99
1427 2208 1453 2247 f.
1517 2208 1565 2247 cf.
1599 2207 1748 2247 Cratin.

170 2267 267 2305 142.
318 2266 525 2318 Aristoph,
558 2268 606 2306 fr.
642 2269 740 2307 154.
790 2267 938 2307 Eubul.
973 2269 1041 2308 30.

880 2407 1026 2441 ΤΔΡΙΑ

105 2514 108 2516 -
286 2483 346 2523 Cf.
383 2496 486 2535 quae
524 2484 576 2523 ad
612 2483 862 2558 A'ntiphanis
895 2484 1095 2533 Hydriam
1133 2484 1388 2524 adnotantur
1452 2484 1583 2522 Schol.
1622 2483 1745 2523 Arist.

166 2542 240 2583 Av.
263 2545 347 2583 602
382 2541 425 2582 ἐν
455 2541 652 2596 ὑδρίαις’
638 2542 786 2584 ε’κειντο
819 2543 862 2584 οἷ
888 2543 1103 2596 θησαυροί.
1148 2543 1384 2590 Quintilian.
1409 2546 1474 2593 11,
1497 2545 1534 2594 3,
1556 2545 1607 2582 91
1644 2545 1748 2582 senis

164 2615 288 2642 sermo
325 2605 368 2643 in
406 2604 621 2653 Hydriae
651 2605 824 2654 proloyo.
883 2604 930 2643 de
969 2604 1159 2655 anonymi
1200 2603 1367 2642 Romani
1400 2604 1454 2641 H
1440 2604 1556 2652 jdrza
1618 2604 1665 2679 cf.
1700 2602 1744 2642 Ο.

165 2662 356 2703 Ribbeck.
390 2658 679 2703 Oom.R.fr.²
713 2666 810 2704 112.

907 2792 995 2835 466

379 2875 438 2925 ὡς
469 2874 557 2930 ἡδὺ
588 2881 647 2932 τῷ
680 2882 886 2931 μισοῦντι
917 2877 1023 2926 τοὺς
1054 2875 1256 2931 φαύλους
1287 2875 1480 2929 τρόπους

380 2945 552 3004 ἐρημία,
582 2945 657 2989 καὶ
687 2953 747 3005 τῷ
780 2951 1016 3003 μελετῶντι
1049 2943 1159 3002 μηδὲ
1191 2946 1240 2988 ἓν
