2014 3334
529 249 940 285 ΑΜΦῙΣΒΗΤΗΣῙΜΑ
966 251 1049 286 m
1075 251 1400 287 ΠΑΡΕΓΓΡΑΦΑ
1665 251 1753 295 613

181 365 254 404 τοῦ
283 359 498 416 τραχήλου.
519 392 526 400 .
549 359 636 401 aad
659 361 782 402 πάλαι
805 358 944 416 (πάλιν
970 358 1119 418 Klein.)
1145 366 1242 404 κτλ..
1264 395 1272 404 .
1294 361 1416 413 ,τινὲς
1441 361 1485 404 δέ
1509 374 1606 415 φασι
1631 363 1753 405 σκύτα

106 459 115 472 ,
178 419 364 475 λῦγεσθαι
387 419 457 462 τὸν
480 424 667 462 νωτιαῖον
691 421 849 474 μυελόν.
899 422 943 463 οἱ
964 420 1007 463 δὲ
1030 421 1074 463 τὸ
1100 422 1223 464 ἰνίον.
1245 454 1254 463 .
1275 421 1397 472 ,τινὲς
1422 421 1465 464 δὲ
1491 423 1614 464 σκύτα
1637 419 1752 465 εἷπον

178 478 222 522 τὸ
251 485 323 534 τῆς
359 483 534 533 κεφαλῆς
572 478 705 533 δέρμα.
767 480 926 522 εἰσιδὼν
956 482 1110 523 Nauck.
1145 483 1252 536 Allg.
1284 483 1450 536 Littztg.
1485 485 1612 537 1847,
1643 483 1750 535 499]

179 539 290 581 ἰδών.
334 541 383 581 cf.
408 541 634 582 Archiloch.
663 542 711 581 fr.
740 544 820 582 121
851 543 997 595 Bergk.
1023 545 1064 583 et
1088 542 1261 595 Hesych.
1288 542 1427 584 σκύτα·
1453 541 1522 583 τὸν
1547 543 1750 596 τράχηλον.

177 600 349 642 Σικελοί.
398 600 580 641 Boisson.
611 601 762 642 Anecd.
787 602 805 641 I
833 604 918 642 239
951 601 1091 642 σκύτα’
1127 599 1154 654 ἡ
1186 602 1351 655 κεφαλή.
1400 604 1442 643 in
1480 603 1592 644 exitu
1628 603 1750 656 σκύτη

176 659 404 710 Nauokius,
445 660 495 700 ad
536 661 782 701 comoediam
820 662 918 702 haec
959 663 1146 704 referens.
1210 663 1279 703 sed
1319 663 1361 703 in
1402 664 1477 703 hac
1518 676 1675 715 semper
1707 663 1750 703 τὸ

177 724 333 771 σκῦτος,
363 733 442 760 non
473 719 625 768 σκύτος.
674 722 844 762 fortasse
876 722 1128 762 choliambus
1160 725 1231 763 est.

907 839 1022 882 1234

461 914 619 965 παχεῖα
650 909 819 965 γαστὴρ
851 910 1012 954 λεπτὸν
1043 910 1098 954 οὐ
1128 912 1265 954 τίκτει
1294 912 1417 954 νόον.

296 982 471 1024 Galenus
497 983 534 1022 V
554 986 639 1025 878
664 985 818 1025 Kuehn.
844 985 1005 1026 πάντων
1025 984 1129 1027 ἐστὶν
1147 985 1417 1039 ἀληθέστατον
1434 990 1512 1028 κτλ.
1553 983 1747 1039 ‘lepidum

173 1043 432 1094 proverbium
462 1057 509 1083 ex
542 1044 678 1096 aliquo
709 1041 888 1085 comico’.
922 1045 1058 1086 Cobet.
1090 1047 1236 1086 Mnem.
1261 1060 1349 1087 nov.
1378 1047 1413 1086 X
1444 1049 1538 1087 192.
1607 1048 1747 1087 dubito

175 1103 362 1155 equidem
393 1106 559 1155 propter
589 1103 700 1155 νόον,
732 1117 975 1157 quamquam
1005 1106 1212 1158 neglectae
1248 1107 1534 1147 contractionis
1566 1108 1750 1159 exempla

174 1175 254 1203 non
284 1163 442 1216 desunt,
471 1176 521 1203 ne
553 1164 595 1203 in
626 1164 760 1204 soluta
789 1165 950 1215 quidem
983 1166 1174 1206 oratione.

904 1281 1018 1325 1235

458 1351 517 1407 μὴ
549 1352 713 1395 σπεῦδε
743 1358 900 1409 γῆμαι,
932 1351 1040 1407 πρὶν
1069 1352 1375 1410 τελευτήσαντ’
1413 1355 1522 1412 ἴδῃς.

292 1425 534 1466 Plutarchus
570 1426 670 1467 Mor.
699 1428 783 1468 184
796 1430 830 1468 b.
883 1429 965 1468 noli
995 1430 1038 1468 in
1074 1431 1366 1469 matrimonium
1405 1430 1543 1469 ducere
1578 1431 1746 1469 alterius

172 1498 359 1539 uxorem²
393 1487 630 1535 priusquam
665 1487 859 1527 maritum
895 1491 1090 1527 mortwum
1126 1486 1282 1529 videris.
1344 1489 1452 1540 apud
1482 1489 1744 1529 Plutarchum

171 1545 371 1585 Eumenes
409 1545 597 1585 Attalum
639 1546 809 1586 fratrem
852 1547 914 1586 his
959 1548 1093 1588 verbis
1131 1548 1319 1599 adpellat.
1381 1561 1484 1600 quae
1520 1551 1659 1588 utrum
1696 1563 1743 1588 ex

143 1598 381 1657 ‘tragoedia
421 1618 472 1644 an
509 1619 557 1645 ex
595 1606 801 1651 comoedia.
838 1611 1025 1659 excerpta
1069 1608 1149 1647 sint
1188 1608 1338 1648 nescio:
1383 1608 1546 1648 videtur
1582 1609 1743 1661 quidem

170 1664 338 1716 parodia
367 1677 454 1705 esse
487 1664 605 1716 Soph.
631 1667 679 1706 fr,
706 1667 806 1718 596,
840 1680 887 1706 ex
918 1668 1124 1708 comoedia
1154 1668 1296 1719 petita.

456 1852 696 1910 δύσμορφα
726 1852 879 1910 μέντοι
900 1783 1075 1898 Ἐίῗκῗῖον
1106 1856 1314 1910 εἰσιδεῖν,
1349 1854 1458 1908 ξένε.

289 1925 531 1967 Plutarchus
575 1928 675 1969 Mor.
707 1930 790 1969 521
804 1942 839 1969 a.
879 1932 992 1969 vetat
1034 1931 1238 1970 curiosum
1280 1930 1373 1979 τοὺς
1410 1929 1650 1984 ὀφθαλμοὺς
1687 1932 1743 1980 εἰς

169 1984 376 2038 ἀλλοτρίαν
413 1986 544 2026 οἰκίαν
579 1985 745 2028 τιθέναι.
808 1986 898 2029 οὔτε
933 1988 1008 2042 γὰρ
1042 1989 1198 2030 δίκαιον
1229 1988 1318 2031 οὔτε
1349 1991 1489 2043 καλόν,
1526 1988 1610 2032 ἀλλ’
1646 1990 1741 2032 οὐδὲ

169 2040 250 2097 ἡδὺ
281 2044 324 2086 τὸ
355 2043 489 2098 θέαμα
514 2049 591 2086 κτλ.
640 2046 688 2087 τὰ
711 2046 786 2101 γὰρ
817 2047 942 2088 πολλὰ
967 2054 1130 2089 τοιαῦτα
1155 2055 1234 2089 τῶν
1264 2049 1307 2090 ἐν
1331 2054 1415 2098 ταῖς
1441 2051 1604 2099 οἰκίαις.
1625 2083 1634 2091 .
1654 2050 1742 2091 ,καὶ

169 2105 393 2146 σπουδαῖον
424 2103 544 2146 οὐδὲν
575 2103 664 2147 οὐδ’
699 2106 910 2161 ἐπιτερπές.
960 2109 1036 2148 Dio
1065 2108 1205 2161 Chrys.
1228 2111 1296 2162 59,
1320 2114 1368 2149 11
1401 2110 1570 2163 δυσχερῆ
1594 2126 1637 2164 γε
1659 2110 1740 2163 μὴν

168 2162 315 2206 τᾶνδον
346 2163 536 2217 ὁράματα,
565 2160 596 2206 ὦ
621 2163 717 2215 ξένε.
768 2171 1014 2220 quapropter
1039 2168 1267 2209 Gatakerus
1298 2182 1455 2209 versum
1483 2171 1533 2210 ad
1558 2172 1741 2211 Philocte·

168 2228 249 2264 tam
279 2225 485 2276 Euripidis
511 2221 580 2278 (fr.
609 2228 692 2267 788
719 2222 788 2280 N.)
814 2228 975 2267 rettulit
998 2229 1198 2279 probabili
1224 2229 1397 2280 quidem,
1430 2231 1499 2269 sed
1524 2243 1603 2270 non
1628 2234 1739 2270 certa

169 2284 407 2326 coniectura.

897 2344 1009 2387 1237

454 2413 537 2457 οὐκ
567 2411 656 2458 ἔστ’
690 2414 739 2458 ἐν
771 2415 950 2471 ἄντροις
981 2417 1156 2471 λευκός,
1189 2413 1223 2459 ὦ
1255 2413 1362 2472 ξέν’,
1395 2418 1599 2473 ἄργυρος.

287 2486 527 2528 Plutarchus
559 2489 659 2529 Mor.
686 2491 770 2530 533
781 2503 814 2529 a.
864 2490 1005 2530 Horat.
1032 2490 1075 2530 C.
1102 2493 1141 2542 2,
1170 2493 1206 2542 2,
1237 2494 1256 2530 1
1291 2493 1423 2531 nullus
1453 2496 1610 2542 amento
1636 2494 1738 2532 color

172 2549 226 2585 est
251 2548 387 2586 avaris
410 2548 539 2588 abdito
564 2551 688 2589 terris.
737 2550 964 2590 comoediae
990 2550 1137 2590 tribuit
1160 2550 1208 2589 A.
1235 2550 1449 2603 Kiessling.
1475 2552 1516 2590 in
1541 2552 1600 2592 ed.
1629 2552 1736 2604 Hor„

169 2604 276 2644 inter
307 2605 500 2657 adespota
529 2609 774 2661 tragicorum
802 2604 927 2663 (320)
954 2610 1106 2660 recepit
1135 2610 1352 2652 NauckiuS.

895 2725 1007 2768 1238

451 2794 669 2850 σκληράν,
701 2796 901 2852 ἄκαρπον
931 2794 1005 2840 καὶ
1036 2797 1311 2852 φυτεύεσθαι
1342 2799 1482 2853 κακήν

285 2879 528 2920 Plutarchus
558 2881 658 2921 Mor.
691 2883 810 2922 602d
841 2882 1043 2937 αἱρήσεται
1071 2881 1137 2922 καὶ
1163 2888 1288 2935 νῆσον
1314 2883 1437 2924 οἰκεῖν
1464 2883 1598 2938 φυγὰς
1621 2885 1734 2939 γενό-

165 2951 296 2990 μενος,
321 2938 483 2992 Γύαρον
506 2935 732 3004 ἢΚίναρον
756 2941 930 2995 σκληρὰν
948 2944 1025 2983 κτλ.
1075 2941 1400 2994 κᾶμφυτεύεσθαι
1418 2945 1564 2984 Naber.
1587 2939 1732 2986 Mnem.
