2014 3334
256 234 337 276 108
804 227 809 230 ’
884 235 1183 269 ΜΕΝΑΝΔΡΟΥ

993 343 1075 384 371

460 423 650 487 Ἐφέσια.
671 431 763 475 τοῖς
794 431 1013 480 γαμοῦσιν
1045 421 1174 476 οὗτος
1204 434 1434 482 περιπατεῖ

465 496 606 550 λέγων
638 494 976 552 ἀλεξιφάρμακα.

372 583 516 622 Suidas
548 580 859 633 ἀλεξιφάρμακα·
893 581 1124 634 ἀλεξητήρια
1155 583 1388 635 φαρμάκων.
1449 582 1690 636 Μένανδρος
1715 585 1818 622 Παι-

251 642 323 698 δίῳ
355 645 432 682 κτλ.
495 642 543 681 cf.
577 642 733 681 Anaxil.
768 644 835 693 18,
871 645 905 681 7.
967 642 1073 681 Plut.
1106 642 1204 681 Mor.
1240 645 1360 683 706e
1393 643 1435 683 οἱ
1462 643 1580 696 μάγοι
1610 642 1702 690 τοὺς
1733 642 1818 694 δαι-

250 699 532 753 μονιζομένους
561 700 765 741 κελεύουσι
795 700 841 740 τὰ
863 698 1025 752 Ἐφέσια
1043 701 1248 754 γράμματα
1278 701 1377 755 πρὸς
1409 700 1553 750 αὐτοὺς
1583 699 1818 755 καταλέγειν.

994 817 1080 859 372

1256 902 1260 909 ·
1320 876 1507 920 ἁλύσιον

463 954 661 1003 χρυσοῦν
692 947 910 1003 ἐπόρισας.
973 951 1067 990 εἴθε
1100 949 1422 1003 λιθοκόλλητον
1453 945 1525 1003 ἦν·

437 1020 599 1061 καλὸν
631 1015 687 1073 ἦν
718 1018 773 1061 ἂν
805 1019 955 1069 οὕτως.

368 1106 511 1144 Pollux
547 1107 734 1153 10,187
781 1103 823 1144 ἐν
868 1107 920 1160 τῷ
958 1102 1204 1156 Μένανδρον
1242 1106 1400 1162 Παιδίῳ
1435 1111 1609 1158 χρυσοῦν
1640 1109 1717 1145 κτλ.
1781 1109 1817 1146 1.

251 1163 414 1204 ἁλύσιον
453 1165 541 1204 add.
573 1165 692 1203 Mein.
726 1177 772 1203 ex
811 1164 990 1214 Aloiphr.
1023 1167 1067 1216 3,
1101 1167 1145 1214 3,
1179 1167 1205 1204 4
1249 1164 1296 1204 τὸ
1342 1170 1552 1217 χρυσοῦν
1595 1164 1817 1217 ἁλύσιον,

250 1224 344 1276 ὅπερ
376 1222 467 1264 ποτὲ
505 1222 687 1275 εὐπορῶν
718 1228 763 1278 τῇ
795 1229 939 1277 γαμετῇ
972 1223 1122 1276 κόσμον
1153 1220 1254 1264 εἶναι
1285 1223 1558 1277 περιαυχένιον
1596 1224 1816 1278 ἐπεπορί-

250 1299 361 1323 κειν.
416 1283 639 1323 meretiicis
676 1284 799 1323 verba
835 1296 980 1323 munus
1018 1285 1199 1323 oblatum
1237 1285 1493 1324 fastidientis.
1555 1286 1663 1324 haud
1699 1286 1817 1338 longe

250 1345 413 1383 aberant
448 1357 471 1383 a
500 1344 548 1383 fr.
582 1345 679 1383 373.
742 1344 790 1382 of.
823 1343 947 1382 etiam
980 1345 1078 1383 957.

991 1460 1079 1502 373

522 1542 752 1599 μάραγδον
785 1539 898 1585 εἶναι
929 1540 1050 1584 ταῦτ
1087 1543 1176 1585 ε”δει
1207 1541 1281 1585 καὶ
1313 1543 1483 1599 σάρδια.

368 1630 601 1668 Ahhenaeus
623 1632 660 1679 3,
683 1630 771 1668 9410
803 1628 1017 1682 μαράγδων
1049 1628 1287 1680 μνημονεύει
1318 1627 1561 1682 Μένανδρος
1593 1629 1635 1669 ἐν
1658 1630 1815 1686 Παιδίῳ

250 1684 390 1744 (πεδίῳ
424 1683 479 1742 A)
511 1691 587 1729 κτλ.
649 1685 745 1728 ἄνευ
779 1686 820 1727 δὲ
858 1693 927 1728 τοῦ
959 1700 982 1728 σ
1013 1686 1167 1728 λεκτέον
1234 1687 1341 1740 παρὰ
1383 1688 1456 1742 γὰρ
1500 1688 1542 1728 τὸ
1583 1690 1816 1742 μαρμαίρειν

250 1746 484 1799 ὠνόμασται.
533 1749 718 1787 Eustabh.
740 1750 838 1798 842,
866 1750 919 1788 53
952 1746 1019 1787 καὶ
1049 1746 1091 1787 τὸ
1124 1748 1347 1801 σμάραγδος
1372 1749 1583 1801 μάραγδος.
1627 1745 1714 1789 οἷον
1739 1752 1816 1789 κτλ.

251 1810 349 1858 853,
370 1810 426 1847 50
452 1806 472 1847 ὁ
492 1806 599 1859 παρὰ
617 1807 848 1863 Μενάνδρῳ
875 1807 963 1860 δίχα
987 1813 1057 1847 τοῦ
1078 1821 1100 1847 σ
1120 1807 1332 1861 μάραγδος.
1369 1808 1521 1860 σάρδια,
1545 1811 1592 1848 uia
1613 1810 1816 1860 Aristoph.

250 1868 297 1906 fr.
331 1870 429 1916 320,
464 1870 529 1907 13.
579 1868 627 1906 cf.
660 1867 905 1907 Philemonis
936 1867 1122 1920 Σάρδιος.

993 1984 1081 2026 374

535 2070 580 2108 εἴ
604 2082 669 2117 τις
701 2067 909 2122 δικαστὴς
940 2066 966 2122 ἢ
1000 2067 1223 2122 διαιτητὴς
1252 2071 1374 2109 θεῶν
1413 2093 1457 2097 -

368 2153 605 2192 Ammonius
625 2156 677 2192 41
714 2151 899 2203 δικαστὴς
929 2151 994 2192 καὶ
1026 2152 1225 2205 διαιτητὴς
1257 2151 1433 2205 διαφέρει
1466 2185 1472 2192 .
1500 2185 1507 2193 .
1535 2183 1544 2192 .
1576 2151 1818 2206 Μένανδρος

251 2211 293 2250 ἐν
330 2212 486 2267 Παιδίῳ
529 2208 676 2268 (παίδῳ
709 2208 811 2265 cod.)
844 2215 922 2253 κτλ.
991 2214 1074 2252 sine
1119 2214 1280 2252 fabulae
1318 2214 1463 2252 indicio
1502 2214 1674 2264 Etymol.
1714 2214 1815 2252 Gud.

255 2273 351 2321 146,
387 2273 451 2310 14.
513 2269 538 2322 ἤ
571 2286 627 2319 τις
659 2271 733 2310 δικ.
767 2273 941 2313 Pierson.
961 2274 1083 2312 Moer.
1108 2275 1191 2313 134
1223 2273 1310 2312 init.
1342 2274 1410 2312 sed
1442 2273 1484 2311 in
1507 2275 1623 2312 tanta
1653 2274 1815 2324 eelogae

250 2331 447 2370 henuitate
479 2331 582 2369 nihil
613 2334 767 2370 certum
799 2334 870 2371 est.

992 2449 1079 2491 375

536 2528 715 2572 ἐνταῦθ’
752 2530 920 2573 ἀπόστα
951 2533 1120 2587 μικρόν.

368 2616 536 2654 Bekker.
556 2616 703 2655 Aneod.
726 2619 822 2666 436,
848 2619 900 2656 14
934 2620 974 2657 et
1006 2618 1150 2657 Suidas
1183 2616 1349 2657 ἀπόστα’
1383 2591 1431 2657 οὐ
1463 2617 1587 2669 μόνον
1618 2616 1816 2669 ἀπόστηθι

251 2704 258 2711 .
292 2706 299 2713 .
334 2706 340 2713 .
374 2672 614 2727 Μένανδρος
645 2676 802 2732 Παιδίῳ
834 2680 910 2716 κτλ.

908 2780 1150 2813 ΠΑΛΛΑΚΗ

252 2912 280 2949 0
370 2852 426 2951 (ἐξ
459 2854 706 2950 (ἓοξῃοῐηίηἰε
737 2855 892 2905 Diphili
923 2856 1062 2895 fabula
1092 2858 1133 2895 et
1164 2857 1304 2895 Paelex
1335 2856 1490 2895 Naevii.
1548 2854 1591 2894 O.
1623 2855 1812 2894 Ribbeck.

263 2926 358 2951 jorn.
428 2942 436 2951 .
485 2926 514 2951 r.
568 2915 634 2952 17.
1456 2941 1460 2944 ⁴
