2014 3334
765 229 932 265 ΔΔΗΛΑ
957 226 1218 264 ΟΠΟΤΕΡΑΣ
1684 220 1773 265 583

855 373 978 417 1043.
1014 371 1128 416 1044

485 436 691 491 Κόδρους

317 523 488 564 Bekker.
517 521 664 562 Anecd.
692 522 760 571 22,
786 522 839 560 31
874 517 916 559 τὸ
948 515 1114 571 ἀρχαῖον
1145 514 1208 557 ἐπὶ
1233 521 1303 556 τοῦ
1335 514 1525 568 εὐήθους.
1565 512 1699 568 ἔλεγον
1730 512 1774 554 δὲ

199 582 292 633 τοὺς
322 581 508 636 ἀρχαίους
539 579 605 621 καὶ
635 578 820 634 Κρόνους
850 576 918 619 καὶ
947 576 1143 630 Κόδρους.
1192 578 1242 617 cf.
1276 578 1374 616 860.
1407 577 1491 616 895
1526 578 1566 615 et
1597 575 1770 627 Hesych.

201 643 397 698 Κόδρους.
445 641 672 694 Etymolog.
699 654 751 679 m.
778 641 876 689 524,
897 640 952 678 38
985 636 1236 689 Κοδρίτης·
1275 634 1353 676 ἀπὸ
1394 640 1464 676 τοῦ
1497 633 1659 689 Κόδρου
1690 635 1774 675 Ko-

202 703 333 756 δρίτης
356 701 520 757 γίνεται·
552 699 735 752 σημαίνει
758 698 799 739 τό
824 703 895 739 τοῦ
920 695 1097 749 Κόδρου,
1128 695 1257 749 ὥσπερ
1287 694 1395 747 παρὰ
1425 694 1467 735 τὸ
1492 694 1649 747 Κρόνος
1673 696 1775 747 Κρο-

200 763 321 814 νίτης.
376 763 424 802 cf.
451 761 626 801 Cramer.
645 759 795 799 Anecd.
816 757 886 798 Ox.
906 758 948 798 II
969 759 1067 807 230,
1089 759 1157 796 20.
1207 757 1304 795 haec
1337 756 1471 796 omnia
1496 769 1544 795 ex
1569 755 1775 795 comoedia

201 823 412 864 fluxerunt.
463 821 582 861 Codri
613 819 778 877 Grom'vc
808 819 998 868 aequales.

771 957 896 1001 1045.
932 957 1057 1000 1046.
1093 957 1203 999 104Ἷ

485 1043 780 1097 κολεάζοντες,
811 1043 1066 1097 κολεασμός,
1100 1039 1351 1102 Κολέαρχος

319 1143 546 1195 Hesychius
588 1141 854 1189 κολεάζοντες·
893 1137 1106 1186 ὠθοῦντες·
1132 1138 1188 1186 εἰς
1225 1136 1376 1188 κολεόν,
1416 1138 1669 1190 περαίνοντες
1706 1134 1773 1193 (ex

200 1203 354 1244 emend.
386 1203 528 1243 Cobeti
554 1203 603 1242 N.
622 1203 646 1241 l.
668 1196 788 1253 428).
831 1198 1064 1250 κολεασμός·
1106 1197 1149 1238 τὸ
1179 1198 1450 1250 περαίνεσθαι.
1490 1197 1699 1250 πεποίηται
1730 1196 1774 1238 δὲ

200 1262 280 1303 ἀπὸ
309 1267 380 1303 τοῦ
411 1261 532 1303 κόλου
571 1257 730 1315 (κολεοῦ
761 1256 899 1311 Mein.)
938 1257 1007 1299 καὶ
1042 1257 1120 1298 ἀπὸ
1161 1263 1231 1306 τοῦ
1262 1255 1448 1298 καθιέναι
1485 1257 1541 1305 εἰς
1581 1256 1623 1297 τὸ
1654 1256 1775 1298 κόλον

201 1318 288 1378 (τὸν
327 1321 466 1363 κολεόν
505 1318 660 1374 Mein.)·
703 1325 816 1360 τοῦτο
858 1316 901 1359 δὲ
941 1317 1138 1366 κολεάζειν
1178 1316 1323 1370 ἔλεγον.
1390 1318 1495 1356 idem
1533 1315 1774 1370 Κολέαρχος·

132 1419 142 1432 ,
199 1381 441 1434 κακόσχολον
472 1379 599 1433 ὄνομα
630 1375 722 1435 (pro
756 1376 968 1432 Ἥλέαρχος
999 1378 1170 1418 similive
1201 1373 1376 1417 nomine'
1408 1371 1559 1432 Mein.).
1615 1378 1663 1417 de
1695 1390 1776 1429 qua

200 1441 463 1494 explicatione
495 1454 567 1480 cur
600 1442 650 1480 M.
682 1439 927 1497 Schmidtiqs
959 1438 1116 1477 dubitet
1146 1450 1227 1477 non
1257 1437 1386 1477 video.
1436 1437 1624 1476 Eustath.
1653 1439 1721 1490 11,
1748 1439 1772 1476 2

200 1499 318 1554 ἀρχὸς
342 1499 409 1541 καὶ
431 1499 605 1555 κρύφιόν
629 1514 665 1539 τι
690 1498 867 1551 σώματος
893 1496 1009 1550 μέρος
1040 1495 1190 1548 ἐκλήθη
1215 1495 1341 1548 παρὰ
1372 1499 1471 1544 τοῖς
1501 1495 1749 1549 ὕστερον..
1765 1529 1773 1537 .

200 1557 273 1612 ἀφ’
307 1555 356 1602 οὗ
386 1560 457 1601 καί
483 1575 540 1608 τις
571 1559 764 1612 χιλίαρχος
795 1554 889 1613 (scr.
914 1552 1156 1611 Κολέαρχος)
1189 1555 1265 1596 οὐκ
1295 1554 1537 1610 ἀγλαφύρως
1567 1555 1774 1597 ἔσκωπται.

200 1622 235 1662 si
264 1619 373 1674 παρὰ
403 1623 485 1669 τοῖς
514 1618 681 1672 ὕστερον
711 1622 819 1658 recte
845 1631 887 1658 se
912 1618 1053 1668 habet,'
1077 1615 1299 1669 Κολέαρχος
1325 1619 1433 1656 certe
1461 1630 1587 1657 novae
1619 1630 1772 1657 comoe-

200 1681 289 1721 diae
321 1680 660 1721 adnumerandum
693 1681 766 1718 est.

930 1782 1044 1825 1048

485 1842 870 1892 κολλοποδιώκτας

320 1931 452 1970 Schol.
470 1929 596 1969 Arist.
615 1929 719 1968 Nub.
741 1929 826 1968 348
859 1925 1021 1981 ἀγρίους
1038 1925 1106 1966 καὶ
1124 1925 1464 1974 κολλοποὸιώκτας
1488 1924 1657 1966 ἐκάλουν
1681 1925 1775 1974 τοὺς

199 1989 470 2043 παιδεραστάς.
532 2002 581 2029 ex
622 1988 850 2028 comoediae
894 1988 1003 2026 fonte
1047 1987 1172 2026 fluxit.
1237 1987 1286 2025 cf.
1319 1986 1423 2026 Plat.
1459 1999 1557 2026 com.
1599 1988 1702 2037 186,
1736 1989 1774 2026 5.

202 2050 347 2090 Eubul.
383 2052 449 2101 12,
481 2050 520 2089 3.
569 2048 718 2099 Diphil.
753 2049 821 2098 43,
854 2049 920 2086 22.

932 2186 1044 2230 1049
1081 2235 1087 2239 ,

485 2247 772 2306 κραδοφάγος

319 2336 547 2387 Hesychius
579 2334 822 2388 συκοφάγος,
853 2332 1133 2386 ἰσχαδοφάγος.
1181 2331 1362 2384 σημαίνει
1387 2329 1430 2371 δὲ
1458 2329 1524 2370 καὶ
1548 2329 1616 2371 τὸν
1641 2328 1774 2383 ἀγροῖ-

200 2409 283 2435 κον.
343 2394 729 2448 κραὸαφάγοςοοᾶ.
776 2415 828 2421 --
874 2394 1019 2433 Pollux
1059 2395 1102 2441 6,
1141 2394 1198 2432 40
1241 2389 1262 2431 ὅ
1306 2390 1576 2445 κραδοφάγος·
1620 2389 1689 2430 τὸν
1732 2387 1774 2430 δὲ

200 2452 388 2508 ἄγροικον
419 2453 544 2502 οὕτως
575 2453 757 2505 ἐκάλουν,
789 2451 873 2493 ἐπεὶ
902 2452 1046 2504 κράδαι
1083 2450 1129 2491 τὰ
1160 2451 1291 2503 φύλλα
1321 2457 1400 2491 τῶν
1432 2456 1577 2490 συκῶν.
1638 2451 1774 2501 Ebym.

203 2514 306 2554 Gud.
333 2515 430 2564 342,
458 2516 512 2554 35
547 2509 614 2568 (ex
638 2514 832 2565 scriptore
857 2507 1015 2566 ignoto)
1049 2510 1126 2551 ἔστι
1156 2509 1285 2564 πατὴρ
1309 2510 1480 2562 κύμινον
1512 2506 1677 2564 (πρίων)
1708 2507 1775 2549 καὶ

201 2572 326 2625 μόνον
357 2572 406 2613 οὐ
437 2573 652 2625 ταριχεύων
682 2572 774 2621 τοὺς
797 2571 974 2619 θαλλοὺς
993 2576 1070 2611 τῶν
1089 2571 1258 2622 κραδῶν.
1306 2570 1546 2610 Eustathius
1570 2571 1695 2620 1409,
1718 2571 1772 2609 63

201 2632 244 2673 oc
269 2630 449 2686 ἄγροικοι
478 2631 544 2672 καὶ
573 2632 822 2686 κραδοφάγοι
853 2629 1030 2685 λέγονται
1060 2629 1126 2670 καὶ
1156 2630 1419 2683 κραδοπῶλαι.

932 2771 1045 2815 1050

485 2832 761 2888 κρανιόλειος

321 2919 491 2959 Bekker.
522 2918 671 2958 Anecd.
705 2919 774 2970 49,
809 2920 862 2958 12
901 2915 923 2958 ὃ
954 2916 995 2957 τὸ
1027 2916 1192 2969 κρανίον
1223 2914 1321 2969 ἔχων
1352 2918 1478 2966 λεῖον,
1509 2912 1530 2954 ὃ
1562 2913 1774 2967 φαλακρός.
