2014 3334
274 244 359 287 150
615 279 618 283 ,
910 242 1208 277 MENANAPOT

276 359 327 396 16
363 356 408 395 αἱ
435 353 602 407 θρεπταὶ
633 357 713 401 τοῖς
745 353 950 401 δεσπόταις
982 353 1121 393 δοῦλαι
1153 384 1161 392 .
1184 383 1193 392 .
1213 382 1223 393 .
1253 352 1372 406 ἅβραι
1402 353 1606 406 λεγόμεναι
1633 383 1642 391 .
1663 383 1671 391 .
1693 383 1701 391 .
1730 351 1843 392 Μέν-

272 417 434 467 ανδρος·
466 412 597 466 τρέφει
628 412 670 453 δὲ
700 416 778 453 κτλ.
840 415 888 452 cf.
922 415 991 453 64.
1023 415 1121 453 438.

1017 528 1100 571 521

485 610 595 669 ὑπὲρ
628 610 709 666 μὲν
741 616 870 654 οἴνου
902 609 1011 667 μηδὲ
1042 617 1143 668 γρῦ,
1174 613 1319 667 τίτθη,
1352 611 1470 666 λέγε·

487 684 543 726 ἄν
573 685 709 726 τᾶλλα
743 680 783 726 δ’
818 678 870 740 ᾗς
901 684 1135 739 ἄμεμπτος,
1168 683 1298 739 ἕκτην
1330 683 1400 726 ἐπὶ
1432 683 1538 727 δέκα

489 756 833 813 Βοηδρομιῶνος
865 754 1101 812 ἐνδελεχῶς
1132 756 1247 808 ἄξεις
1279 755 1358 799 ἀεί.

397 843 633 881 Ammonius
667 844 719 882 67
754 839 998 895 Μένανδρος
1029 841 1072 882 έν
1109 842 1390 894 Ψευδηρακλεῖ
1415 844 1493 881 κτλ.
1569 844 1605 882 2.
1638 839 1754 893 ἕκτην
1786 839 1850 881 ἐπὶ

276 901 370 942 δέκα
401 903 564 941 Person.
599 903 708 941 Mise.
743 900 847 952 253]
880 901 935 949 εἰς
966 900 1039 953 τὴν
1070 900 1200 953 ἕκτην,
1232 903 1379 953 quibus
1411 899 1474 940 ἐπὶ
1501 899 1595 940 δέκα
1627 901 1739 940 addit
1763 901 1848 941 coda

276 963 376 1000 Mus.
403 962 503 1000 Brit.
568 964 605 1001 3.
637 959 740 1009 ἄξεις
779 961 914 1001 Cobet.
949 963 1092 1001 Mnem.
1125 962 1207 1000 IIII
1243 960 1345 1011 109]
1378 958 1485 1009 ἕξεις.
1529 961 1635 1000 Plut.
1668 961 1788 1000 Phoc.
1821 962 1846 1000 6

277 1020 417 1061 ἐνίκων
450 1022 474 1060 δ
524 1017 667 1072 (prope
699 1019 876 1075 Naxum)
920 1020 1102 1074 μεγάλοις
1133 1021 1378 1074 μυστηρίοις,
1409 1019 1474 1060 καὶ
1504 1023 1687 1072 παρεῖχεν
1719 1019 1850 1060 οἰνο-

277 1080 427 1133 χόημα
453 1080 635 1133 Χαβρίας
655 1077 887 1132 Ἀθηναίοις
916 1077 1024 1120 καθ’
1060 1079 1259 1121 ἕκαστον
1290 1079 1515 1120 ἐνιαυτὸν
1545 1085 1596 1135 τῇ
1628 1077 1736 1135 ἕκτῃ
1766 1077 1842 1119 ἐπὶ

279 1138 390 1180 δέκα
420 1146 502 1180 τοῦ
534 1140 918 1192 Βοηδρομιῶνος.

1026 1244 1112 1287 522

564 1326 805 1383 ἀστοργίαν
836 1329 923 1383 ἔχει
954 1323 1039 1369 τιν’
1075 1326 1098 1370 ὁ
1131 1328 1318 1384 σκληρὸς
1349 1329 1456 1382 βίος.

401 1414 598 1453 Stobaeus
630 1414 767 1454 Floril.
803 1417 869 1465 16,
902 1417 957 1454 10
1002 1413 1250 1468 Μενάνδρου
1283 1413 1325 1454 ἐν
1363 1414 1649 1467 Ψευδηρακλεῖ
1666 1414 1715 1453 Α.

1028 1541 1114 1583 523

567 1625 735 1679 χαῦνόν
765 1639 807 1665 τι
838 1624 1014 1679 πλάσμα
1045 1622 1117 1666 καὶ
1150 1624 1356 1667 διάκενον

402 1712 642 1750 Plutarchus
678 1711 775 1750 Mor.
815 1712 868 1750 59
886 1724 906 1749 e
950 1709 993 1749 έν
1035 1710 1223 1766 κωμῳδία
1266 1711 1512 1763 Μενάνδρου
1562 1712 1851 1764 Ψευδηρακλῆς

283 1770 472 1822 πρόσεισι,
504 1769 678 1823 ῥόπαλον
709 1770 878 1826 κομίζων
910 1769 959 1809 οὐ
991 1769 1176 1822 στιβαρὸν
1208 1767 1295 1809 οὐδ’
1331 1770 1505 1823 ἰσχυρόν,
1537 1769 1635 1811 ἀλλὰ
1666 1786 1698 1822 χ.
1723 1785 1759 1810 τι
1788 1773 1850 1810 πλ.

283 1845 319 1869 κ.
353 1830 387 1869 δ.
448 1826 612 1880 ‘potuit’
651 1830 708 1869 eis
744 1830 878 1870 verbis
917 1825 994 1868 ‘uti
1032 1831 1100 1881 qui
1138 1831 1338 1870 refelleret
1382 1825 1500 1882 quae'
1537 1831 1851 1870 Pseudhercules

284 1885 500 1929 ‘iaetaret’.
550 1891 600 1927 M.
631 1890 781 1940 Haupt.
813 1890 896 1928 Indu
929 1889 1062 1929 Berol.
1098 1886 1250 1942 1855]ss
1283 1905 1321 1940 p.
1356 1893 1392 1930 6.
1442 1892 1491 1930 ef.
1522 1890 1726 1929 Herwerd.
1758 1889 1850 1929 Obs.

289 1950 377 1988 erit.
410 1952 475 1988 91.
527 1951 697 1989 fortasse
728 1950 770 1988 in
801 1949 914 1988 exitu
945 1949 1171 1988 addendum
1202 1947 1437 2003 περιφέρων.

574 2147 655 2189 οὐκ
687 2147 835 2204 ἐπείρα
869 2148 1091 2198 Νάννιον;

408 2234 638 2272 Athenaeus
674 2236 745 2285 13,
783 2235 908 2277 5871>
952 2232 1195 2286 Μένανδρος
1226 2233 1269 2273 ἐν
1312 2234 1592 2286 Ψευδηρακλεῖ
1622 2244 1746 2285 φησιν
1776 2236 1853 2272 κτλ.

289 2293 460 2332 Photius
490 2298 630 2346 πειρᾶν
662 2291 703 2331 τὸ
735 2292 930 2346 πειράζειν
962 2291 1025 2331 ἐπὶ
1056 2295 1195 2348 φθορᾷ
1225 2291 1292 2333 καὶ
1317 2293 1509 2349 συνουσία
1540 2290 1794 2345 Μένανδρος.

1033 2408 1120 2451 525

577 2481 806 2535 Καρκίνου
835 2480 1055 2534 ποιήματα

411 2564 653 2618 Μένανδρος
696 2566 987 2619 Ψευδηρακλεῖ,
1028 2565 1308 2618 αἰνιγματώδη.
1370 2563 1390 2604 ὅ
1421 2564 1495 2618 γὰρ
1527 2565 1727 2619 Καρκίνος
1744 2561 1857 2619 ’Ὀρέ-

298 2637 392 2677 στην
431 2658 438 2665 .
472 2655 481 2665 .
519 2623 838 2678 ἀναγκαζόμενον
875 2623 1114 2678 ὁμολογῆσαι
1151 2625 1207 2664 ὅτι
1245 2624 1576 2677 ε’μητροκτόνησεν
1613 2623 1770 2676 ἐποίησε
1802 2621 1854 2664 δι’

295 2685 536 2739 αἰνιγμάτων
568 2683 893 2738 ἀποκρινόμενον.
925 2685 1106 2725 Photius.
1137 2686 1185 2724 ef.
1214 2685 1357 2724 Suidas
1388 2685 1593 2736 Καρκίνου
1618 2698 1660 2724 π.
1679 2705 1734 2711 -
1755 2679 1858 2734 ‘spe-

295 2749 378 2784 ctat
408 2746 483 2784 hoc
515 2745 598 2784 sine
631 2745 750 2784 dubio
782 2745 834 2783 ad
859 2745 973 2784 illum
1002 2757 1128 2784 novae
1154 2745 1384 2796 tragoediae
1415 2758 1576 2795 morem,
1608 2756 1686 2795 quo
1714 2745 1857 2794 poetae

294 2817 373 2843 non
405 2805 577 2855 simplici
614 2806 654 2843 et
690 2805 809 2854 plano
841 2804 997 2843 dicendi
1027 2816 1183 2854 genere,
1225 2805 1293 2842 sed
1324 2804 1501 2843 obscuris
1532 2804 1745 2844 verborum
1776 2816 1857 2841 am-

295 2864 466 2915 bagibus
498 2859 743 2902 utebantur?
804 2864 922 2903 Mein.
954 2863 973 2901 Ι
1006 2865 1102 2902 510.
1138 2865 1203 2902 11.

415 2924 626 2962 Praeterea
657 2923 706 2962 cf.
741 2925 835 2962 722.
