2014 3334
714 246 947 282 ΓΑΛΑΤΗΣ
974 266 1018 273 -
1045 244 1292 281 ΛΟΚΡῙΔΕΣ
1714 242 1800 287 339

333 361 529 403 Stobaeus
561 361 701 402 Floril.
735 364 758 402 7
766 364 805 412 7,
840 364 862 402 7
898 359 1176 401 Ποσειδίππου
1201 355 1526 412 Ἑρμαφροδίτου
1558 358 1606 398 Α.
1689 360 1725 398 2.
1760 354 1797 397 δ’

213 436 289 464 om.
322 423 368 462 B.
407 420 602 474 ἐκτίθησι]
641 420 828 462 ἐκδίδωσι
866 421 1019 461 Nauck.
1089 421 1296 471 Melanges
1335 422 1593 471 greco-rom.
1625 419 1662 456 V
1702 420 1801 470 244,

211 484 311 524 conl.
340 483 566 524 Ana-xandr.
595 484 618 522 7
625 483 662 522 8.
705 482 776 522 sed
809 482 979 523 fortasse
1012 482 1075 521 est
1106 481 1258 521 comica
1289 480 1476 520 veritatis
1510 479 1745 530 superlatio.

912 597 1097 632 ΕΦΕΣΙΑ

332 664 508 714 Ephesia
539 663 619 704 fuit
650 663 774 703 etiam
807 649 1065 714 AntipBanis‚
1097 661 1295 712 Ephesius
1326 661 1549 702 Menandri.

980 780 1036 823 12

431 853 588 912 Φρύνη
619 853 706 911 πρὸ
738 844 866 909 ἡμῶν
897 850 1083 907 γέγονεν
1115 850 1442 909 ἐπιφανεστάτη

426 926 543 968 πολὺ
573 932 664 968 τῶν
695 917 904 982 ἑταιρῶν·
935 922 1010 967 καὶ
1041 925 1127 981 γὰρ
1160 925 1203 967 εἰ
1230 923 1426 980 νεωτέρα

426 1003 517 1040 τῶν
548 997 646 1040 τότε
676 998 854 1055 χρόνων
886 993 939 1052 εἷ,
971 994 1123 1052 τόνγ’
1161 994 1297 1052 ἀγῶν’
1334 996 1536 1052 ἀκήκοας.

426 1069 639 1125 βλάπτειν
672 1069 869 1112 δοκοῦσα
900 1070 1006 1120 τοὺς
1037 1070 1165 1125 βίους
1196 1070 1371 1125 μείζους
1401 1068 1570 1124 βλάβας

387 1153 408 1184 5
427 1141 510 1197 τὴν
540 1141 721 1197 ἡλιαίαν
753 1135 841 1185 εἷλε
873 1140 974 1198 περὶ
1005 1147 1088 1184 τοῦ
1120 1142 1336 1198 σώματος,

426 1212 500 1256 καὶ
531 1221 622 1257 τῶν
654 1214 877 1257 δικαστῶν
908 1210 1016 1256 καθ’
1052 1213 1132 1256 ἕνα
1165 1212 1427 1270 δεξιουμένη

428 1286 536 1342 μετὰ
569 1286 779 1342 δακρύων
813 1284 999 1329 διέσωσε
1029 1286 1112 1341 τὴν
1143 1286 1294 1342 ’ψυχὴν
1325 1287 1462 1342 μόλις.

332 1373 568 1413 Athenaeus
602 1375 670 1426 13,
704 1375 785 1414 591
801 1387 822 1412 e
853 1373 1108 1421 Ποσίδιππος
1135 1369 1211 1427 (sic
1238 1369 1294 1426 A)
1327 1370 1348 1412 ὅ
1373 1371 1547 1424 κωμικὸς
1573 1371 1616 1412 ἐν
1636 1369 1802 1429 Ἐφεσίᾳ

211 1432 304 1472 τάδε
345 1431 470 1485 φησὶν
506 1431 597 1486 περὶ
634 1431 758 1486 αὐτῆς
800 1428 1007 1488 (Φρύνης)
1045 1435 1121 1472 κτλ.
1212 1436 1248 1473 1.
1280 1431 1357 1485 πρὸ
1394 1430 1528 1484 ἡμῶν]
1571 1433 1801 1485 περισήμων

214 1494 367 1533 Iacobs.
398 1493 503 1533 Add.
534 1493 629 1533 Ath.
663 1495 762 1533 318.
811 1490 963 1547 wpoy’
1005 1490 1121 1545 ἡμῶν
1153 1494 1275 1534 Dobr.
1312 1494 1410 1533 Adv.
1442 1494 1483 1532 II
1517 1496 1616 1533 346.
1697 1497 1736 1533 3.
1768 1490 1805 1534 εἶ

216 1552 496 1603 casaubonus]
530 1552 591 1605 εἴη
616 1556 666 1593 Α.
752 1555 791 1593 4.
824 1553 956 1606 βίους]
997 1555 1170 1593 fortasse
1201 1551 1354 1601 νέους.
1402 1567 1495 1593 nam
1526 1567 1607 1594 non
1638 1567 1802 1604 prorsus

214 1613 459 1654 conveniunt
489 1614 646 1653 Alexid.
681 1615 779 1665 116,
813 1615 850 1653 6.
885 1616 953 1653 11.
1003 1614 1187 1654 Menand.
1222 1615 1319 1654 855.
1370 1614 1500 1653 Niool.
1535 1617 1579 1664 1,
1614 1616 1680 1654 13.
1763 1617 1800 1655 5.

213 1668 308 1724 εἷλε]
343 1668 418 1726 εἶχε
451 1673 676 1725 Schweigh.
728 1673 783 1721 εἰς
814 1670 875 1725 ἡλ.
915 1668 1016 1726 ἦλθε
1049 1674 1172 1714 Dobr.
1222 1669 1302 1714 εἶδε
1339 1676 1432 1714 ante
1465 1673 1662 1714 Cobetum
1693 1675 1742 1713 N.
1777 1676 1800 1714 l.

219 1736 301 1774 127
335 1734 520 1773 Bothius.
572 1735 619 1773 cf.
652 1734 778 1773 Arist.
810 1734 910 1773 Ach.
946 1736 1044 1774 613.
1100 1737 1144 1774 at
1182 1735 1279 1786 quid
1316 1736 1378 1773 est
1414 1732 1487 1785 τὴν
1524 1731 1686 1785 ἡλιαίαν
1723 1730 1802 1774 εἶδε

215 1792 304 1846 περὶ
335 1798 406 1833 τοῦ
439 1794 500 1834 of?
533 1794 790 1833 scribendum
821 1796 883 1834 est
913 1789 989 1833 εἷλε
1020 1793 1176 1846 χάριτι
1208 1793 1399 1846 σώματος.

334 1854 382 1893 de
402 1867 525 1893 causa
543 1854 725 1905 Phrynes
745 1856 788 1893 et
805 1854 1034 1894 defensione
1053 1854 1273 1906 Hyperidis
1305 1856 1355 1894 of.
1375 1855 1520 1894 Athen.
1545 1857 1612 1906 13,
1640 1857 1725 1894 590
1735 1856 1799 1894 de.

921 1970 1090 2005 ΚΩΔΩΝ

333 2034 523 2075 Fortasse
555 2033 716 2074 Κύδων.
748 2035 869 2075 Mein.
900 2035 921 2074 I
954 2036 1053 2075 483.
1103 2035 1152 2074 ef.
1185 2047 1287 2085 quae
1321 2035 1372 2074 ad
1403 2035 1580 2086 Ephippi
1607 2034 1801 2085 Cydonem

214 2095 510 2135 adnotavimus.
562 2095 596 2134 si
626 2094 784 2134 Κώδων
822 2095 969 2134 titulus
1002 2095 1098 2147 fuit,
1139 2095 1301 2134 fabulae
1334 2098 1619 2148 argumentum
1652 2109 1699 2134 ex
1729 2096 1800 2135 illo

214 2168 324 2194 more
362 2156 535 2206 petitum
575 2168 662 2195 esse
702 2155 959 2209 crediderim,
1001 2156 1049 2194 de
1089 2168 1167 2207 quo
1206 2156 1255 2195 ef.
1294 2155 1535 2207 interpretes
1568 2156 1693 2195 Arist.
1727 2157 1800 2196 Av.

215 2217 314 2254 842.
350 2217 476 2256 1160.
505 2256 507 2258 .

982 2286 1035 2328 13

429 2357 508 2399 τὸν
538 2355 660 2400 παῖδ’
698 2357 791 2400 ἄνω
824 2357 1076 2400 σπεύδοντα
1107 2358 1218 2415 πρὸς
1247 2358 1297 2400 τὸ
1329 2358 1544 2400 τελώνιον

337 2444 478 2483 Pollux
512 2446 553 2495 9,
587 2446 640 2484 28
675 2444 823 2498 εἴρηται
855 2443 897 2485 τὸ
929 2444 1115 2485 τελώνιον
1148 2443 1190 2484 ἐν
1211 2445 1488 2486 Ποσειδίππου
1516 2444 1688 2485 Κώδωνι
1721 2448 1798 2485 κτλ.

882 2551 1130 2596 ΑΟΚΡΙΔΕΣ

336 2623 396 2663 Cf.
428 2637 531 2675 quae
563 2624 614 2664 ad
645 2624 942 2666 Anaxandridis
974 2626 1164 2666 Locrides
1195 2624 1488 2666 adnotavimus.

980 2743 1036 2786 14

432 2813 526 2870 ὥρα
556 2814 801 2870 περαίνειν·
833 2813 1044 2870 ἐγχέλεια,
1076 2814 1315 2871 καράβους,

431 2886 607 2941 κόγχας,
639 2884 814 2941 ἐχίνους
844 2886 1146 2943 προσφάτους,
1178 2886 1395 2943 μηκώνια,

431 2958 578 3012 πίνας,
609 2959 870 3015 τραχήλους,
903 2959 1029 3015 μύας.

1441 3029 1512 3065 22*
