2014 3334
220 227 306 270 398
622 243 625 247 1
749 213 752 216 ’
881 229 1143 263 ΑΔΕΣΠΟΤΑ

223 341 340 379 Mein.
378 341 398 378 I
432 341 528 379 190.
609 342 646 378 2.
685 335 769 392 μέγ’
816 338 1078 392 ὑπερέβαλλεν
1122 338 1142 380 ὅ
1179 339 1368 392 κεραμεὺς
1401 338 1640 393 ’Τπέρβολος
1662 337 1794 382 νΜοίῐί.

225 422 275 427 -
300 395 603 454 ὑπερέβαλ(λ)εν
635 396 733 439 ‘scil
765 400 938 454 πονηρία
968 401 1033 440 vel
1064 401 1282 456 μοχθηρίᾳ,
1314 402 1419 451 quod
1449 402 1491 439 in
1521 402 1795 451 praecedenti-

225 461 301 499 bus
332 460 465 499 verbis
499 460 669 498 fortasse
700 462 891 510 posuerat
922 460 1065 498 horum
1094 473 1282 500 versuum
1309 457 1475 500 auctor'.
1506 461 1624 500 Mein.
1649 461 1670 499 Ι
1698 462 1794 500 190.

221 519 290 558 ubi
329 519 436 570 quod
477 515 535 557 ‘in
573 521 687 558 tanto
726 520 904 558 omnium
940 519 988 558 de
1029 521 1116 559 arte
1148 533 1268 571 quam
1305 521 1509 560 factitavit
1538 520 1795 571 Hyperbolus

223 573 432 618 consensu'
470 578 575 617 idem
610 578 676 617 hic
713 579 862 630 figulus
903 578 1077 629 dicatur,
1115 579 1157 617 id
1194 579 1310 618 facile
1349 593 1395 619 co
1433 580 1624 630 explicari
1659 581 1796 619 monet

222 638 329 689 quod
367 639 553 677 lucernae
590 638 700 677 haud
736 651 887 688 paucae
924 638 1086 689 figlinae
1125 639 1286 677 fuerint.
1339 640 1387 678 cf.
1420 639 1635 678 Philetaer.
1667 641 1705 677 4.
1738 660 1794 666 --

222 698 389 737 ridicule
423 698 608 736 abutitur
645 698 910 749 originatione
941 698 1113 737 nominis
1145 697 1358 747 Hyperboli
1388 693 1626 751 (ἀποβολήν,
1657 695 1796 749 ὑπερέ-

222 752 356 811 βαλε),
387 758 523 808 itaque
555 771 591 797 v.
625 760 648 796 2
682 758 853 796 fortasse
885 758 943 796 ita
973 757 1324 808 redintegrandus:
1367 755 1606 812 ὑπερβολῇ
1646 754 1792 797 πάνθ’

221 815 514 869 ὑπερέβαλεν
551 813 854 869 Ὑπέρβολος.
913 830 1007 856 nam
1049 817 1218 868 figulum
1261 818 1385 856 fuisse
1430 818 1646 857 scholiasta
1688 817 1796 869 dicit,

221 890 300 916 non
331 879 461 927 poeta.

926 946 963 987 3.
996 946 1036 987 4.
1067 946 1096 989 5

438 1015 532 1059 ἀλλ’
567 1013 848 1071 Ἀλκιβιάδην
878 1017 958 1059 τὸν
990 1016 1144 1073 ἁβρόν,
1177 1014 1211 1059 ὦ
1242 1022 1298 1071 γῆ
1331 1015 1405 1059 καὶ
1434 1018 1551 1071 θεοί,

438 1087 492 1130 ὃν
525 1088 550 1143 ἡ
584 1089 877 1144 Λακεδαίμων
910 1088 1067 1144 μοιχὸν
1099 1087 1311 1144 ἐπιθυμεῖ
1339 1090 1503 1143 λαβεῖν.

347 1176 579 1214 Athenaeus
607 1177 674 1226 13,
707 1169 826 1215 5746
853 1171 1102 1227 Ἀλκιβιάδης
1134 1172 1155 1214 ὅ
1180 1173 1310 1226 καλός,
1343 1171 1407 1225 ἐφ’
1443 1169 1491 1214 οὗ
1522 1188 1578 1222 τις
1608 1179 1687 1214 τῶν
1717 1189 1794 1213 κω-

225 1239 349 1286 μικῶν
382 1233 459 1286 ἔφη
490 1237 569 1274 κτλ.
635 1237 671 1274 1.
703 1231 786 1273 ἀλλ’
823 1235 912 1274 add.
943 1235 1052 1274 Pors.
1089 1256 1137 1262 -
1173 1235 1222 1273 cf.
1254 1235 1361 1274 Plut.
1393 1235 1521 1275 Alcib.
1549 1236 1616 1274 23.

343 1295 394 1333 ad
437 1295 687 1334 Alcibiadem
731 1295 936 1345 pertinent
979 1295 1057 1334 duo
1095 1294 1291 1345 quaedam
1335 1295 1468 1333 frusta
1510 1294 1619 1345 apud
1654 1294 1793 1332 Liban.

223 1354 306 1392 IIII
331 1356 426 1405 194,
449 1356 517 1403 15,
551 1367 598 1393 ex
629 1355 832 1394 comoedia
857 1355 993 1405 aliqua
1016 1356 1064 1392 ut
1087 1354 1276 1394 videntur
1301 1357 1497 1403 excerpta.
1557 1350 1796 1405 κατεαγὼς

224 1409 476 1464 (φαίνεται
513 1414 601 1452 add.
634 1408 701 1467 K.)
742 1414 747 1462 Ι
789 1412 838 1452 έν
881 1417 984 1460 ταῖς
1027 1411 1213 1464 μέθαις·
1252 1403 1552 1466 ἀνδρόγυνος
1596 1410 1670 1451 ἐπὶ
1715 1417 1796 1463 τῆς

223 1468 445 1525 ἑσπέρας,
483 1475 523 1512 et
554 1471 670 1525 ὑπὲρ
701 1472 782 1512 τὸν
813 1471 1008 1525 Πρωτέα
1035 1473 1040 1521 Ι
1068 1470 1156 1523 τὴν
1187 1471 1336 1523 φύσιν
1367 1471 1587 1524 ἀμείβων.

1001 1590 1027 1631 6

437 1661 659 1716 βδελυρὸν
690 1657 771 1716 μὲν
803 1656 886 1703 οὖν
915 1661 965 1702 τὸ
996 1666 1189 1716 πρᾶγμα,
1220 1658 1331 1702 κούκ
1362 1658 1417 1702 ἂν
1448 1658 1697 1714 ἐβουλόμην

439 1735 605 1787 λαχεῖν·
644 1731 794 1786 ἐπειδὴ
828 1727 868 1773 δ’
903 1732 1075 1787 ἔλαχον,
1108 1730 1189 1773 οὐκ
1220 1729 1276 1772 ἂν
1308 1730 1569 1786 ἐβουλόμην.

343 1819 614 1870 Hermogenes
646 1819 771 1857 Walz.
797 1819 912 1857 Rhet.
944 1818 1006 1856 III
1039 1819 1137 1857 440.
1160 1820 1180 1855 1
1218 1811 1279 1870 (II
1311 1818 1407 1856 453.
1442 1819 1468 1856 4
1502 1811 1692 1870 Spengel)
1723 1821 1795 1856 τοῦ

224 1883 404 1929 κωμικῶς
436 1876 562 1931 λέγειν
584 1910 613 1917 ..
633 1909 640 1917 .
660 1880 760 1929 τρεῖς
791 1876 978 1929 μέθοδοι,
1009 1875 1051 1916 τὸ
1084 1875 1181 1916 κατὰ
1206 1876 1411 1931 παρῳδίαν
1443 1881 1584 1928 σχῆμα,
1615 1875 1658 1915 τὸ
1688 1875 1795 1928 παρὰ

224 1938 488 1989 προσδοκίαν,
525 1936 566 1976 τὸ
599 1936 778 1984 ἐναντίας
814 1940 1017 1976 ποιεῖσθαι
1052 1935 1120 1983 τὰς
1157 1935 1312 1983 εἰκόνας
1348 1941 1393 1990 τῇ
1426 1935 1544 1986 φύσει
1580 1941 1658 1975 τῶν
1695 1949 1795 1987 πρα-

226 1997 384 2050 γμάτων
429 2027 438 2036 .
470 2027 479 2036 .
512 2029 519 2036 .
565 1995 606 2036 τὸ
646 1994 688 2036 δὲ
719 1995 826 2048 παρὰ
868 1996 1112 2048 προσδοκίαν
1157 1995 1258 2035 οὕτω
1295 1991 1507 2047 εβδελυρὸν
1542 2017 1591 2022 --
1626 1991 1794 2047 ἔλαχονῖ

224 2057 426 2112 προσδοκᾷ
459 2054 530 2108 μὲν
556 2054 576 2095 ὅ
603 2055 798 2108 ἀκροατὴς
830 2054 998 2095 ἀκοῦσαι
1022 2052 1032 2068 ‘
1048 2051 1265 2106 ὑπομενῶ’,
1291 2053 1391 2105 φησὶ
1423 2052 1465 2093 δέ
1483 2051 1576 2094 τοὐκ
1604 2053 1654 2094 ἂν
1679 2054 1796 2106 ἐβου-

225 2113 378 2167 λόμην’.
430 2113 605 2155 ‘videtur
642 2117 924 2165 Aristophanis
965 2110 1079 2154 esse'
1111 2116 1229 2153 Mein.
1290 2114 1339 2153 cf.
1372 2115 1575 2164 Aristoph.
1617 2115 1664 2153 fr.
1698 2116 1795 2153 620.

226 2177 383 2215 facilius
416 2177 538 2215 etiam
570 2176 827 2227 coniungitur
858 2188 949 2214 cum
969 2175 1069 2213 Plat.
1091 2188 1187 2214 com.
1209 2175 1256 2213 fr.
1280 2175 1375 2212 166.
1398 2176 1435 2213 7.
1467 2174 1536 2212 sed
1566 2174 1664 2212 certi
1694 2173 1793 2211 nihil

226 2237 351 2275 statui
381 2238 526 2286 potest.

1003 2303 1026 2344 7

345 2378 421 2417 Dio
442 2378 644 2429 chrysost.
671 2379 725 2417 33
747 2379 852 2428 p.31
875 2377 923 2416 R.
973 2372 1053 2416 εἶτα
1079 2374 1258 2427 ἐξύρων
1288 2372 1421 2427 μέχρι
1450 2380 1539 2414 τῶν
1570 2379 1796 2426 παρειῶν·

226 2435 320 2477 οὐδὲ
357 2436 471 2477 τοῦτό
508 2451 570 2476 πω
603 2435 752 2476 δεινόν·
790 2432 874 2476 ἀλλ’
918 2435 1022 2488 ὅμως
1053 2434 1074 2475 ὅ
1106 2433 1312 2487 κωμικὸς
1347 2433 1414 2474 καὶ
1450 2439 1589 2474 τοῦτον
1621 2431 1795 2473 ἐκέλευσε

226 2497 482 2537 κατακάειν
513 2495 588 2536 ἐπὶ
619 2495 844 2548 φαλήτων
875 2496 1087 2535 συκίνων
1118 2493 1376 2534 ἑκκαίδεκα.
1411 2495 1476 2534 >ad
1495 2495 1640 2533 Demos
1659 2494 1794 2544 Eupo-

226 2557 318 2596 lidis
349 2558 548 2596 referebat
566 2557 789 2596 Meinekius
811 2557 853 2595 II
871 2558 971 2595 469.
994 2558 1060 2595 70.
1109 2555 1158 2594 cf.
1177 2555 1330 2593 Nauck.
1351 2554 1493 2593 Philol.
1513 2554 1597 2592 IIII
1618 2555 1715 2593 360.
1740 2574 1789 2580 —

226 2617 398 2656 Lobeck.
430 2617 627 2669 Aglaoph.
663 2619 760 2666 703,
790 2629 827 2654 n.
848 2629 876 2667 g
907 2611 1104 2654 ‘Catullus
1133 2614 1192 2654 36·
1208 2614 1365 2653 Volusii
1397 2614 1547 2664 scripta
1576 2614 1794 2661 infelicibus

225 2678 436 2715 ustulanda
468 2678 582 2725 liquis
614 2676 727 2726 dicii-,3
761 2675 926 2726 Epicuri
956 2674 1051 2713 libri
1081 2674 1247 2713 Lucian.
1273 2673 1386 2712 Alex.
1420 2675 1474 2712 47
1509 2673 1795 2712 comburuntur

226 2733 289 2773 ἐπὶ
321 2735 448 2783 ξύλων
486 2735 680 2786 συκίνων,
718 2735 837 2774 sicuti
874 2734 1053 2773 monstra
1089 2731 1324 2784 ὀξυθυμίοις
1361 2732 1545 2771 καίεσθαι
1585 2726 1793 2770 solebant.'

227 2796 274 2833 cf.
308 2795 430 2834 etiam
462 2795 626 2834 Lucian.
658 2795 818 2846 Peregr.
846 2795 914 2833 24.
947 2794 1116 2832 Bekker.
1147 2792 1297 2831 Anecd.
1326 2794 1391 2842 10,
1426 2794 1479 2831 26
1513 2786 1666 2844 (adesp.
1688 2784 1794 2842 659)

225 2852 375 2906 ἀγρίοις
401 2860 644 2894 κατακαῦσαι
670 2853 815 2901 ξύλοις·
847 2852 900 2892 τὰ
931 2851 1166 2904 τερατώδη
1193 2850 1277 2902 τὴν
1302 2851 1454 2902 φύσιν
1485 2848 1635 2903 ἀγρίοις
1660 2847 1794 2887 ἔκαιον

227 2912 367 2961 ξύλοις.
430 2914 599 2965 φάλητες
630 2913 786 2952 σύκινοι
829 2915 922 2952 sunt
951 2912 1085 2951 trunci
1127 2911 1288 2959 ficulnei
1327 2911 1370 2950 in
1414 2911 1584 2962 figuram
1627 2909 1794 2947 membri
