2014 3334
276 228 361 269 144
637 275 640 279 r
912 229 1210 263 ΜΕΝΑΝΔΡΟΤ

267 341 368 379 ide'm
401 341 616 379 Menandri
646 340 823 378 Phdsma
864 352 968 378 nunc
1006 340 1131 388 nupe'r
1169 341 1287 385 dedit,
1331 340 1402 379 ubi
1438 341 1537 379 haee
1575 340 1839 379 adnotantur:

269 400 470 438 Phasma
506 411 646 438 nomen
683 402 738 438 est
767 400 924 448 fabulae
954 400 1187 444 Menandri,
1218 401 1260 439 νη
1295 412 1372 448 qua
1402 412 1577 445 noverca,
1609 400 1842 448 superducta

270 460 519 509 adulescenti,
563 460 751 507 viryinem
801 471 917 507 quam
955 470 999 498 ea·
1042 460 1167 498 vicino
1210 460 1378 508 quodam
1421 463 1659 508 conceperat,
1704 460 1842 507 fmtim

271 520 446 558 eductam
477 530 563 557 cum
592 519 747 557 haberet
770 520 813 557 in
844 519 1001 557 latebris
1031 520 1138 567 apud
1167 520 1337 558 vicinum
1359 521 1603 568 proximum,
1634 519 1702 557 hoc
1730 519 1842 557 modo

271 590 398 616 secum
434 578 596 617 habebat
633 579 805 626 assidue,
841 579 949 616 nullo
987 580 1144 618 conscio,
1198 580 1408 627 parietem,
1449 580 1514 627 qui
1554 579 1703 617 medius
1741 579 1843 617 inter

271 639 426 676 domum
461 639 600 677 matris
643 650 690 676 ac
732 639 850 676 vicini
892 639 1041 686 fuerat,
1083 639 1141 677 ita
1169 639 1357 687 perfodit,
1402 642 1446 677 ut
1480 640 1522 677 in
1559 640 1642 687 ipso
1673 639 1843 676 transitu

271 709 428 736 sacrum
459 698 582 736 locum
613 709 693 736 esse
724 698 936 736 simularet.
992 709 1150 746 cumque
1181 699 1387 737 transitwm
1420 698 1630 736 intenderet
1659 698 1771 736 sertis
1795 708 1842 736 ac

272 757 409 804 fronde
448 757 570 804 felici,
607 769 689 796 rem
726 758 902 796 divinam
938 769 1052 806 saepe
1088 758 1238 806 faciens
1275 758 1456 796 evocabat
1486 758 1539 796 acl
1574 769 1614 796 se
1643 758 1843 805 viryinem.
1914 769 1916 771 ¹

273 817 375 864 quod
405 828 491 854 cum
522 817 857 856 animadvertisset
887 817 1120 867 adulescens,
1144 818 1322 865 primum
1347 817 1528 865 adspectu
1545 817 1736 865 pulchrae
1764 817 1844 855 vir-

269 877 378 924 qinis
396 876 499 914 velut
527 877 701 915 numinis
724 877 812 915 visu
834 877 1042 924 perculsus
1067 877 1280 915 exhorruit.-
1310 877 1412 915 unde
1430 876 1604 914 Phasma
1630 878 1684 914 est
1707 887 1845 914 nomen

272 936 442 983 fabulae.
492 937 628 974 deinde
652 935 865 984 paullatim
894 947 936 974 re
967 937 1117 984 coynita
1148 938 1293 975 exarsit
1322 937 1364 974 in
1395 947 1564 974 amorem
1587 935 1756 983 puellae,
1787 936 1845 974 ita

273 997 316 1033 ut
345 996 555 1034 remedium
592 998 722 1034 tantae
758 996 979 1044 cupiditatis
1008 997 1088 1034 nisi
1119 1007 1163 1034 ex
1192 996 1339 1043 nuptiis
1368 1007 1446 1033 non
1482 996 1726 1043 reperiretur.
1787 995 1845 1033 ita

272 1065 316 1092 cx
348 1055 541 1093 commodo
572 1057 711 1093 matris
743 1058 777 1093 et
794 1056 958 1102 viryinis
990 1057 1024 1093 et
1042 1067 1087 1093 ew
1111 1057 1195 1093 voto
1227 1056 1415 1093 amatoris
1445 1066 1702 1102 consensuque
1713 1054 1845 1102 patris

270 1115 500 1161 nuptiarum
531 1115 779 1154 celebratione
815 1115 932 1162 finem
963 1115 1103 1163 accipit
1132 1115 1282 1162 fabula.
1342 1113 1390 1152 cf.
1423 1113 1573 1152 Fronto
1604 1113 1727 1151 Ant-h.
1758 1112 1844 1152 Pal.

277 1174 342 1223 12,
375 1174 459 1213 233
494 1169 635 1226 (exsor.
668 1174 742 1213 sub
773 1174 837 1212 tit.
872 1167 1094 1226 Thesauri).
1149 1173 1301 1212 Atilius
1327 1173 1643 1212 Fortunatianus
1668 1187 1706 1223 p.
1728 1173 1842 1211 2672

273 1228 456 1284 (Caesius
477 1233 627 1272 Bassus
654 1247 690 1282 p.
715 1234 811 1281 255,
835 1235 890 1272 10
917 1227 1040 1285 Keil.)
1072 1234 1362 1281 ithyphallicum
1385 1236 1548 1271 metrum
1573 1244 1687 1281 saepe
1709 1233 1847 1280 recipit

271 1293 519 1336 tribrachum,
545 1295 589 1330 ut
613 1294 720 1341 apud
738 1293 1006 1332 Menandrum
1030 1294 1072 1331 in
1091 1293 1309 1331 Phasmate.
1335 1313 1381 1319 —
1419 1292 1592 1341 repetita
1620 1293 1682 1330 est
1706 1291 1846 1330 fabula

271 1350 442 1390 Athenis
468 1349 531 1390 ἐπὶ
559 1348 796 1398 Ξενοκλέους
822 1348 921 1404 (non
941 1354 1032 1390 ante
1054 1365 1087 1390 a.
1108 1364 1142 1390 a.
1164 1351 1254 1390 Chr.
1277 1347 1380 1404 168)
1401 1365 1425 1389 a
1443 1351 1618 1390 Monimo
1637 1351 1845 1390 histrione.

272 1409 320 1449 U.
353 1410 528 1449 Koehler
558 1411 589 1449 I.
622 1411 671 1451 A.
701 1425 738 1449 n.
773 1413 857 1450 975
891 1424 936 1448 111
972 1413 1037 1450 15.
1074 1413 1138 1450 16.
1172 1413 1237 1450 20.

1019 1526 1102 1568 501

1058 1592 1406 1652 ἐπισημαίνεσθ’,
1439 1595 1517 1638 ἐὰν

486 1668 513 1723 ἡ
546 1671 757 1711 σκευασία
787 1669 1027 1724 καθάρειος
1057 1662 1084 1726 ᾖ
1115 1667 1189 1710 καὶ
1220 1670 1410 1722 ποικίλη.

390 1755 624 1794 Athenaeus
660 1756 724 1804 14,
759 1756 839 1794 661
855 1756 875 1793 f
910 1753 975 1793 καὶ
1007 1752 1250 1806 Μένανδρος
1283 1752 1324 1793 ἓν
1359 1753 1540 1805 Φάσματι
1570 1756 1647 1792 κτλ.
1709 1751 1841 1804 ἐπιση·

274 1808 479 1865 μαίνεσθ’,
511 1812 581 1853 ἐὰν
613 1812 764 1864 Benffl]
799 1813 1129 1865 ἐπισημαίνεσθαι
1159 1812 1209 1861 ἀν
1242 1808 1336 1868 (sic)
1365 1814 1409 1853 A.
1459 1812 1674 1865 καθάρειος
1705 1812 1842 1852 Cobet.

273 1875 320 1914 N.
354 1875 380 1914 l.
414 1872 488 1923 78]
521 1873 726 1925 καθάριος.
782 1875 971 1922 plaudere
1002 1886 1154 1924 coquus
1185 1874 1298 1912 iubet
1329 1873 1528 1913 convivas.

1019 1989 1105 2031 502

558 2049 748 2104 ἔμβαρος

392 2135 589 2174 Zenobius
621 2135 769 2173 Milleri
804 2137 839 2185 1,
874 2137 897 2173 8
932 2129 1156 2188 (Melanges
1190 2129 1295 2186 350)
1328 2132 1496 2187 ἕμβαρός
1530 2133 1609 2184 εἰμι
1639 2163 1648 2172 .
1674 2162 1684 2172 .
1709 2162 1719 2172 .
1750 2131 1843 2180 τοὺς

270 2191 514 2246 Ἀθηναίους
545 2199 590 2248 τῇ
621 2193 811 2247 παροιμίᾳ
842 2197 1058 2245 κεχρῆσθαι
1089 2192 1152 2232 ἐπὶ
1182 2199 1260 2232 τῶν
1291 2192 1596 2246 παραπαιόντων
1626 2190 1693 2232 καὶ
1723 2206 1841 2243 μεμη-

274 2254 412 2293 νότων.
474 2251 665 2304 μέμνηται
703 2250 745 2291 δὲ
794 2282 804 2291 .
849 2284 857 2292 .
909 2251 1151 2303 Μένανδρος
1188 2251 1231 2291 ἔν
1267 2254 1320 2307 τῷ
1360 2252 1551 2303 Φάσματι.
1618 2251 1842 2302 Hesychius

272 2312 463 2365 ἐ’μβαρος’
506 2310 684 2363 ἠλίθιος,
734 2310 882 2363 μωρός,
919 2309 946 2362 ἢ
984 2311 1185 2363 νουνεχής.
1253 2309 1495 2363 Μένανδρος
1542 2311 1732 2362 Φάσματι.
1793 2311 1841 2351 of.

273 2373 442 2412 Pausan.
477 2372 662 2410 Eustath.
695 2373 793 2423 331,
827 2374 894 2410 26.
942 2372 1119 2422 Append.
1152 2385 1263 2421 prov.
1297 2374 1335 2423 2,
1369 2372 1435 2410 54.
1481 2371 1623 2410 Suidas
1655 2369 1842 2422 ἕμβαρος·

274 2431 485 2484 νουνεχής,
517 2430 730 2483 φρόνιμος,
766 2431 834 2469 ubi
880 2429 1086 2482 ἔμβαρός
1129 2446 1197 2478 τις
1235 2429 1403 2470 οὑτοσί
1431 2426 1518 2469 ε1118.
1555 2426 1652 2469 177’
1685 2430 1842 2480 Bernh.,

274 2505 375 2542 quae
407 2492 577 2531 fortasse
611 2493 706 2530 sunt
737 2490 945 2530 Menandri
976 2491 1110 2530 verba.

903 2593 1213 2634 ΦΙΛΑΔΕΛΦΟῙ

392 2669 580 2707 Fratrum
626 2670 796 2708 duorum
841 2669 1087 2719 duarumque
1132 2656 1314 2707 sororum
1354 2669 1487 2707 mutui
1527 2681 1680 2707 amores
1718 2667 1840 2718 signi-

273 2728 459 2767 ficantur:
492 2742 584 2767 nam
616 2729 787 2767 Stichum
819 2728 953 2767 Plauti
991 2741 1039 2766 ex
1069 2728 1334 2775 Philadelphis
1365 2727 1574 2766 Menandri
1614 2739 1842 2777 expressam

274 2801 361 2827 esse
392 2787 432 2826 O.
466 2788 508 2825 F.
541 2788 814 2827 Hermannum
855 2783 915 2840 (in
945 2787 1053 2838 Allg.
1079 2787 1158 2826 Lit.
1183 2801 1212 2825 z.
1248 2789 1377 2836 1838,
1416 2783 1518 2838 137)
1562 2788 1722 2826 secutus
1754 2786 1840 2824 Rit-

196 2874 204 2883 .
274 2847 446 2886 schelius
479 2847 768 2887 demonstravit
800 2848 961 2898 Parerg.
996 2847 1080 2886 274
1095 2859 1164 2896 sq„
1197 2846 1316 2884 simul
1348 2847 1471 2885 etiam
1495 2846 1702 2885 Menandri
1733 2846 1839 2895 frag-

275 2907 419 2946 mentis
453 2919 570 2945 suum
603 2907 746 2956 cuique
778 2907 819 2945 in
850 2907 989 2945 fabula
1020 2907 1151 2945 locum
1182 2905 1410 2956 adsignans.
