<?xml version="1.0" encoding="UTF-8"?>
<!DOCTYPE html PUBLIC "-//W3C//DTD XHTML 1.0 Transitional//EN"
    "http://www.w3.org/TR/xhtml1/DTD/xhtml1-transitional.dtd">
<html xmlns="http://www.w3.org/1999/xhtml" xml:lang="en" lang="en">
 <head>
  <title>
</title>
<meta http-equiv="Content-Type" content="text/html;charset=utf-8" />
  <meta name='ocr-system' content='tesseract 3.04.00' />
  <meta name='ocr-capabilities' content='ocr_page ocr_carea ocr_par ocr_line ocrx_word'/>
</head>
<body>
  <div class='ocr_page' id='page_1' title='image "./comicorumatticor03kockuoft_0602.png"; bbox 0 0 2014 3334; ppageno 0'>
   <div class='ocr_carea' id='block_1_1' title="bbox 259 237 1168 289">
    <p class='ocr_par' dir='ltr' id='par_1_1' title="bbox 259 237 1168 289">
     <span class='ocr_line' id='line_1_1' title="bbox 259 237 1168 289; baseline -0.003 -9"><span class='ocrx_word' id='word_1_1' title='bbox 259 245 348 289; x_wconf 77' lang='lat'><strong><em>582</em></strong></span> <span class='ocrx_word' id='word_1_2' title='bbox 622 237 625 242; x_wconf 80' lang='grc'><em>’</em></span> <span class='ocrx_word' id='word_1_3' title='bbox 904 244 1168 278; x_wconf 79' lang='grc' dir='ltr'><strong><em>ΑΔΕΣΠοΤΑ</em></strong></span> 
     </span>
    </p>
   </div>
   <div class='ocr_carea' id='block_1_2' title="bbox 986 352 1100 395">
    <p class='ocr_par' dir='ltr' id='par_1_2' title="bbox 986 352 1100 395">
     <span class='ocr_line' id='line_1_2' title="bbox 986 352 1100 395; baseline -0.009 0"><span class='ocrx_word' id='word_1_4' title='bbox 986 352 1100 395; x_wconf 86' lang='grc'>1036</span> 
     </span>
    </p>
   </div>
   <div class='ocr_carea' id='block_1_3' title="bbox 543 406 824 469">
    <p class='ocr_par' dir='ltr' id='par_1_3' title="bbox 543 406 824 469">
     <span class='ocr_line' id='line_1_3' title="bbox 543 406 824 469; baseline -0.004 -14"><span class='ocrx_word' id='word_1_5' title='bbox 543 406 824 469; x_wconf 80' lang='grc' dir='ltr'><strong><em>κερκωπίζειν</em></strong></span> 
     </span>
    </p>
   </div>
   <div class='ocr_carea' id='block_1_4' title="bbox 260 493 1826 611">
    <p class='ocr_par' dir='ltr' id='par_1_4' title="bbox 260 493 1826 611">
     <span class='ocr_line' id='line_1_4' title="bbox 380 493 1826 551; baseline -0.003 -13"><span class='ocrx_word' id='word_1_6' title='bbox 380 499 575 538; x_wconf 86' lang='lat' dir='ltr'>Zenobius</span> <span class='ocrx_word' id='word_1_7' title='bbox 603 501 641 551; x_wconf 89' lang='lat'><strong><em>4,</em></strong></span> <span class='ocrx_word' id='word_1_8' title='bbox 674 500 750 538; x_wconf 89' lang='grc'><strong><em>50</em></strong></span> <span class='ocrx_word' id='word_1_9' title='bbox 801 496 899 537; x_wconf 78' lang='grc' dir='ltr'><strong><em>,ἀπὸ</em></strong></span> <span class='ocrx_word' id='word_1_10' title='bbox 930 503 1007 537; x_wconf 86' lang='grc' dir='ltr'><strong><em>τῶν</em></strong></span> <span class='ocrx_word' id='word_1_11' title='bbox 1037 496 1277 548; x_wconf 84' lang='grc' dir='ltr'><strong><em>Κερκώπων,</em></strong></span> <span class='ocrx_word' id='word_1_12' title='bbox 1310 494 1429 544; x_wconf 75' lang='grc' dir='ltr'><strong><em>οὓς..</em></strong></span> <span class='ocrx_word' id='word_1_13' title='bbox 1451 496 1694 548; x_wconf 76' lang='grc' dir='ltr'><em>,ἱστοροῦσιν</em></span> <span class='ocrx_word' id='word_1_14' title='bbox 1724 493 1826 535; x_wconf 82' lang='grc' dir='ltr'><strong><em>ἀπα-</em></strong></span> 
     </span>
     <span class='ocr_line' id='line_1_5' title="bbox 260 529 1484 611; baseline -0.002 -13"><span class='ocrx_word' id='word_1_15' title='bbox 260 558 401 610; x_wconf 82' lang='grc' dir='ltr'><strong><em>τηλοὺς</em></strong></span> <span class='ocrx_word' id='word_1_16' title='bbox 433 558 607 611; x_wconf 81' lang='grc' dir='ltr'><strong><em>σφόδρα.</em></strong></span> <span class='ocrx_word' id='word_1_17' title='bbox 629 529 845 611; x_wconf 66' lang='grc' dir='ltr'><strong><em>,γενέσθαι</em></strong></span> <span class='ocrx_word' id='word_1_18' title='bbox 896 558 943 596; x_wconf 85' lang='lat' dir='ltr'><strong><em>cf.</em></strong></span> <span class='ocrx_word' id='word_1_19' title='bbox 976 557 1163 597; x_wconf 87' lang='lat' dir='ltr'>Leutsch.</span> <span class='ocrx_word' id='word_1_20' title='bbox 1196 557 1339 596; x_wconf 84' lang='lat' dir='ltr'>Zenob.</span> <span class='ocrx_word' id='word_1_21' title='bbox 1375 559 1412 607; x_wconf 88' lang='lat'>1,</span> <span class='ocrx_word' id='word_1_22' title='bbox 1445 557 1484 595; x_wconf 87' lang='lat'><strong><em>5.</em></strong></span> 
     </span>
    </p>
   </div>
   <div class='ocr_carea' id='block_1_5' title="bbox 545 673 1100 789">
    <p class='ocr_par' dir='ltr' id='par_1_5' title="bbox 545 673 1100 789">
     <span class='ocr_line' id='line_1_6' title="bbox 987 673 1100 715; baseline -0.009 0"><span class='ocrx_word' id='word_1_23' title='bbox 987 673 1100 715; x_wconf 88' lang='lat'>1037</span> 
     </span>
     <span class='ocr_line' id='line_1_7' title="bbox 545 740 740 789; baseline 0 -14"><span class='ocrx_word' id='word_1_24' title='bbox 545 740 740 789; x_wconf 77' lang='grc' dir='ltr'><strong><em>κεστρεῖς</em></strong></span> 
     </span>
    </p>
   </div>
   <div class='ocr_carea' id='block_1_6' title="bbox 380 814 1829 871">
    <p class='ocr_par' dir='ltr' id='par_1_6' title="bbox 380 814 1829 871">
     <span class='ocr_line' id='line_1_8' title="bbox 380 814 1829 871; baseline -0.001 -13"><span class='ocrx_word' id='word_1_25' title='bbox 380 820 606 870; x_wconf 83' lang='lat' dir='ltr'>Hesychius</span> <span class='ocrx_word' id='word_1_26' title='bbox 637 818 728 867; x_wconf 80' lang='grc' dir='ltr'><strong><em>τοὺς</em></strong></span> <span class='ocrx_word' id='word_1_27' title='bbox 759 818 968 871; x_wconf 78' lang='grc' dir='ltr'><strong><em>κεχηνότας</em></strong></span> <span class='ocrx_word' id='word_1_28' title='bbox 999 816 1066 857; x_wconf 85' lang='grc' dir='ltr'><strong><em>καὶ</em></strong></span> <span class='ocrx_word' id='word_1_29' title='bbox 1095 822 1311 864; x_wconf 78' lang='grc' dir='ltr'><strong><em>πεινῶντας</em></strong></span> <span class='ocrx_word' id='word_1_30' title='bbox 1343 820 1510 868; x_wconf 79' lang='grc' dir='ltr'><strong><em>κεστρεῖς</em></strong></span> <span class='ocrx_word' id='word_1_31' title='bbox 1541 814 1707 869; x_wconf 80' lang='grc' dir='ltr'><strong><em>λέγουσι.</em></strong></span> <span class='ocrx_word' id='word_1_32' title='bbox 1763 815 1829 856; x_wconf 81' lang='grc' dir='ltr'><strong><em>καὶ</em></strong></span> 
     </span>
    </p>
   </div>
   <div class='ocr_carea' id='block_1_7' title="bbox 262 875 1858 932">
    <p class='ocr_par' dir='ltr' id='par_1_7' title="bbox 262 875 1858 932">
     <span class='ocr_line' id='line_1_9' title="bbox 262 875 1858 932; baseline -0.001 -15"><span class='ocrx_word' id='word_1_33' title='bbox 262 878 354 925; x_wconf 84' lang='grc' dir='ltr'><strong><em>τοὺς</em></strong></span> <span class='ocrx_word' id='word_1_34' title='bbox 380 875 623 929; x_wconf 82' lang='grc' dir='ltr'><strong><em>Ἀθηναίους</em></strong></span> <span class='ocrx_word' id='word_1_35' title='bbox 655 878 779 926; x_wconf 73' lang='grc' dir='ltr'><strong><em>οὕτως</em></strong></span> <span class='ocrx_word' id='word_1_36' title='bbox 804 877 938 931; x_wconf 74' lang='grc' dir='ltr'><strong><em>ἔλεγον</em></strong></span> <span class='ocrx_word' id='word_1_37' title='bbox 968 875 1035 917; x_wconf 84' lang='grc' dir='ltr'><strong><em>καὶ</em></strong></span> <span class='ocrx_word' id='word_1_38' title='bbox 1064 876 1371 930; x_wconf 80' lang='grc' dir='ltr'><strong><em>προσηγόρευον.</em></strong></span> <span class='ocrx_word' id='word_1_39' title='bbox 1422 875 1464 915; x_wconf 88' lang='grc' dir='ltr'><strong><em>τὸ</em></strong></span> <span class='ocrx_word' id='word_1_40' title='bbox 1495 875 1568 929; x_wconf 80' lang='grc' dir='ltr'><strong><em>γὰρ</em></strong></span> <span class='ocrx_word' id='word_1_41' title='bbox 1600 877 1701 932; x_wconf 80' lang='grc' dir='ltr'><strong><em>ζῷον</em></strong></span> <span class='ocrx_word' id='word_1_42' title='bbox 1732 875 1827 916; x_wconf 78' lang='grc' dir='ltr'><strong><em>αὐτὸ</em></strong></span> <span class='ocrx_word' id='word_1_43' title='bbox 1854 886 1858 889; x_wconf 79' lang='grc'><em>’</em></span> 
     </span>
    </p>
   </div>
   <div class='ocr_carea' id='block_1_8' title="bbox 262 935 1827 1037">
    <p class='ocr_par' dir='ltr' id='par_1_8' title="bbox 262 935 1827 1037">
     <span class='ocr_line' id='line_1_10' title="bbox 262 935 1827 990; baseline -0.002 -13"><span class='ocrx_word' id='word_1_44' title='bbox 262 938 478 990; x_wconf 86' lang='grc' dir='ltr'><strong><em>λαίμαργόν</em></strong></span> <span class='ocrx_word' id='word_1_45' title='bbox 515 936 555 977; x_wconf 86' lang='grc' dir='ltr'><strong><em>τέ</em></strong></span> <span class='ocrx_word' id='word_1_46' title='bbox 593 937 671 977; x_wconf 82' lang='grc' dir='ltr'><strong><em>ἐστι</em></strong></span> <span class='ocrx_word' id='word_1_47' title='bbox 707 937 771 978; x_wconf 82' lang='grc' dir='ltr'><strong><em>καὶ</em></strong></span> <span class='ocrx_word' id='word_1_48' title='bbox 810 935 1020 989; x_wconf 75' lang='grc' dir='ltr'><strong><em>ἄπληστον.</em></strong></span> <span class='ocrx_word' id='word_1_49' title='bbox 1074 936 1320 988; x_wconf 82' lang='grc' dir='ltr'><strong><em>Κεχηναίους</em></strong></span> <span class='ocrx_word' id='word_1_50' title='bbox 1351 936 1633 986; x_wconf 77' lang='lat' dir='ltr'><strong>Aristophanis</strong></span> <span class='ocrx_word' id='word_1_51' title='bbox 1671 949 1827 987; x_wconf 84' lang='lat' dir='ltr'>compa.-</span> 
     </span>
     <span class='ocr_line' id='line_1_11' title="bbox 263 998 476 1037; baseline 0.005 -1"><span class='ocrx_word' id='word_1_52' title='bbox 263 1000 327 1036; x_wconf 81' lang='lat' dir='ltr'><strong><em>rat</em></strong></span> <span class='ocrx_word' id='word_1_53' title='bbox 357 998 476 1037; x_wconf 89' lang='lat' dir='ltr'>Mein.</span> 
     </span>
    </p>
   </div>
   <div class='ocr_carea' id='block_1_9' title="bbox 992 1077 1103 1120">
    <p class='ocr_par' dir='ltr' id='par_1_9' title="bbox 992 1077 1103 1120">
     <span class='ocr_line' id='line_1_12' title="bbox 992 1077 1103 1120; baseline 0.009 -2"><span class='ocrx_word' id='word_1_54' title='bbox 992 1077 1103 1120; x_wconf 88' lang='lat'>1038</span> 
     </span>
    </p>
   </div>
   <div class='ocr_carea' id='block_1_10' title="bbox 548 1137 770 1192">
    <p class='ocr_par' dir='ltr' id='par_1_10' title="bbox 548 1137 770 1192">
     <span class='ocr_line' id='line_1_13' title="bbox 548 1137 770 1192; baseline 0 -13"><span class='ocrx_word' id='word_1_55' title='bbox 548 1137 770 1192; x_wconf 82' lang='grc' dir='ltr'><strong><em>κιχλιὸιᾶν</em></strong></span> 
     </span>
    </p>
   </div>
   <div class='ocr_carea' id='block_1_11' title="bbox 266 1216 1834 1511">
    <p class='ocr_par' dir='ltr' id='par_1_11' title="bbox 266 1216 1834 1511">
     <span class='ocr_line' id='line_1_14' title="bbox 386 1216 1829 1276; baseline -0.001 -14"><span class='ocrx_word' id='word_1_56' title='bbox 386 1224 526 1262; x_wconf 82' lang='lat' dir='ltr'>Pollux</span> <span class='ocrx_word' id='word_1_57' title='bbox 551 1226 587 1271; x_wconf 85' lang='lat'><strong><em>6,</em></strong></span> <span class='ocrx_word' id='word_1_58' title='bbox 612 1226 693 1262; x_wconf 85' lang='lat'>185</span> <span class='ocrx_word' id='word_1_59' title='bbox 739 1221 780 1262; x_wconf 90' lang='grc' dir='ltr'><strong><em>τὸ</em></strong></span> <span class='ocrx_word' id='word_1_60' title='bbox 806 1222 1125 1275; x_wconf 78' lang='grc' dir='ltr'><strong><em>θερμερύνεσθαι</em></strong></span> <span class='ocrx_word' id='word_1_61' title='bbox 1145 1216 1299 1274; x_wconf 79' lang='lat'>(1017)</span> <span class='ocrx_word' id='word_1_62' title='bbox 1331 1219 1430 1274; x_wconf 83' lang='grc' dir='ltr'><strong><em>λέγει</em></strong></span> <span class='ocrx_word' id='word_1_63' title='bbox 1461 1219 1486 1271; x_wconf 77' lang='grc' dir='ltr'>ἡ</span> <span class='ocrx_word' id='word_1_64' title='bbox 1518 1221 1705 1276; x_wconf 83' lang='grc' dir='ltr'><em>κωμῳδία</em></span> <span class='ocrx_word' id='word_1_65' title='bbox 1735 1224 1829 1261; x_wconf 81' lang='grc' dir='ltr'><strong><em>πολ-</em></strong></span> 
     </span>
     <span class='ocr_line' id='line_1_15' title="bbox 266 1279 1829 1334; baseline -0.002 -12"><span class='ocrx_word' id='word_1_66' title='bbox 266 1282 420 1334; x_wconf 83' lang='grc' dir='ltr'><strong><em>λαχόθι.</em></strong></span> <span class='ocrx_word' id='word_1_67' title='bbox 469 1286 559 1332; x_wconf 85' lang='lat' dir='ltr'>post</span> <span class='ocrx_word' id='word_1_68' title='bbox 589 1282 884 1334; x_wconf 79' lang='grc' dir='ltr'><strong><em>θεμερύνεσθαι</em></strong></span> <span class='ocrx_word' id='word_1_69' title='bbox 909 1282 937 1320; x_wconf 85' lang='lat' dir='ltr'>C</span> <span class='ocrx_word' id='word_1_70' title='bbox 971 1282 1083 1320; x_wconf 76' lang='lat' dir='ltr'>addit</span> <span class='ocrx_word' id='word_1_71' title='bbox 1113 1279 1178 1320; x_wconf 88' lang='grc' dir='ltr'><strong><em>καὶ</em></strong></span> <span class='ocrx_word' id='word_1_72' title='bbox 1209 1281 1449 1333; x_wconf 81' lang='grc' dir='ltr'><strong><em>κυχλοιὸιᾶν,</em></strong></span> <span class='ocrx_word' id='word_1_73' title='bbox 1481 1282 1596 1331; x_wconf 69' lang='grc' dir='ltr'><strong><em>(ῃιοά</em></strong></span> <span class='ocrx_word' id='word_1_74' title='bbox 1615 1279 1682 1319; x_wconf 86' lang='grc' dir='ltr'><strong><em>καὶ</em></strong></span> <span class='ocrx_word' id='word_1_75' title='bbox 1711 1284 1829 1332; x_wconf 79' lang='grc' dir='ltr'><strong><em>κιχλι-</em></strong></span> 
     </span>
     <span class='ocr_line' id='line_1_16' title="bbox 267 1340 1832 1393; baseline -0.001 -12"><span class='ocrx_word' id='word_1_76' title='bbox 267 1343 358 1381; x_wconf 78' lang='grc' dir='ltr'><strong><em>διᾶν</em></strong></span> <span class='ocrx_word' id='word_1_77' title='bbox 392 1344 649 1392; x_wconf 85' lang='lat' dir='ltr'>scripserunt.</span> <span class='ocrx_word' id='word_1_78' title='bbox 699 1355 826 1393; x_wconf 85' lang='lat' dir='ltr'>neque</span> <span class='ocrx_word' id='word_1_79' title='bbox 852 1355 947 1381; x_wconf 86' lang='lat' dir='ltr'>vero</span> <span class='ocrx_word' id='word_1_80' title='bbox 979 1341 1020 1379; x_wconf 86' lang='lat' dir='ltr'>id</span> <span class='ocrx_word' id='word_1_81' title='bbox 1051 1342 1229 1392; x_wconf 87' lang='lat' dir='ltr'>verbum,</span> <span class='ocrx_word' id='word_1_82' title='bbox 1261 1341 1446 1392; x_wconf 83' lang='lat' dir='ltr'>ignotum</span> <span class='ocrx_word' id='word_1_83' title='bbox 1471 1340 1731 1390; x_wconf 74' lang='lat' dir='ltr'>scriptoribus</span> <span class='ocrx_word' id='word_1_84' title='bbox 1764 1342 1832 1392; x_wconf 90' lang='lat' dir='ltr'>qui</span> 
     </span>
     <span class='ocr_line' id='line_1_17' title="bbox 266 1400 1834 1452; baseline -0.001 -12"><span class='ocrx_word' id='word_1_85' title='bbox 266 1402 384 1441; x_wconf 84' lang='lat' dir='ltr'>hodie</span> <span class='ocrx_word' id='word_1_86' title='bbox 417 1404 578 1441; x_wconf 82' lang='lat' dir='ltr'>exstant</span> <span class='ocrx_word' id='word_1_87' title='bbox 609 1405 649 1441; x_wconf 88' lang='lat' dir='ltr'><strong><em>et</em></strong></span> <span class='ocrx_word' id='word_1_88' title='bbox 679 1402 827 1452; x_wconf 80' lang='lat' dir='ltr'>lexicis,</span> <span class='ocrx_word' id='word_1_89' title='bbox 859 1403 1009 1440; x_wconf 83' lang='lat' dir='ltr'>temere</span> <span class='ocrx_word' id='word_1_90' title='bbox 1041 1413 1065 1439; x_wconf 83' lang='lat' dir='ltr'>a</span> <span class='ocrx_word' id='word_1_91' title='bbox 1089 1401 1253 1440; x_wconf 84' lang='lat' dir='ltr'>librario</span> <span class='ocrx_word' id='word_1_92' title='bbox 1285 1400 1422 1439; x_wconf 89' lang='lat' dir='ltr'>fictum</span> <span class='ocrx_word' id='word_1_93' title='bbox 1456 1400 1524 1444; x_wconf 80' lang='lat' dir='ltr'><strong><em>sed</em></strong></span> <span class='ocrx_word' id='word_1_94' title='bbox 1553 1401 1746 1450; x_wconf 84' lang='lat' dir='ltr'>scriptum</span> <span class='ocrx_word' id='word_1_95' title='bbox 1772 1402 1834 1439; x_wconf 85' lang='lat' dir='ltr'><strong><em>est</em></strong></span> 
     </span>
     <span class='ocr_line' id='line_1_18' title="bbox 268 1461 1267 1511; baseline -0.001 -12"><span class='ocrx_word' id='word_1_96' title='bbox 268 1474 291 1499; x_wconf 82' lang='lat' dir='ltr'>a</span> <span class='ocrx_word' id='word_1_97' title='bbox 322 1461 496 1511; x_wconf 82' lang='lat' dir='ltr'>Polluce,</span> <span class='ocrx_word' id='word_1_98' title='bbox 529 1461 683 1500; x_wconf 83' lang='lat' dir='ltr'>scilicet</span> <span class='ocrx_word' id='word_1_99' title='bbox 714 1475 759 1500; x_wconf 85' lang='lat' dir='ltr'><strong><em>ex</em></strong></span> <span class='ocrx_word' id='word_1_100' title='bbox 792 1461 994 1500; x_wconf 83' lang='lat' dir='ltr'>comoedia</span> <span class='ocrx_word' id='word_1_101' title='bbox 1025 1462 1267 1510; x_wconf 83' lang='lat' dir='ltr'>excerptum.</span> 
     </span>
    </p>
   </div>
   <div class='ocr_carea' id='block_1_12' title="bbox 388 1587 1774 1788">
    <p class='ocr_par' dir='ltr' id='par_1_12' title="bbox 388 1587 1774 1788">
     <span class='ocr_line' id='line_1_19' title="bbox 996 1587 1108 1628; baseline 0 0"><span class='ocrx_word' id='word_1_102' title='bbox 996 1587 1108 1628; x_wconf 83' lang='lat'>1039</span> 
     </span>
     <span class='ocr_line' id='line_1_20' title="bbox 484 1645 825 1704; baseline -0.003 -15"><span class='ocrx_word' id='word_1_103' title='bbox 484 1668 491 1670; x_wconf 38' lang='lat' dir='ltr'><em>f</em></span> <span class='ocrx_word' id='word_1_104' title='bbox 552 1645 825 1704; x_wconf 79' lang='grc' dir='ltr'><strong><em>κλῳομάστιξ</em></strong></span> 
     </span>
     <span class='ocr_line' id='line_1_21' title="bbox 388 1730 1774 1788; baseline -0.001 -16"><span class='ocrx_word' id='word_1_105' title='bbox 388 1734 559 1773; x_wconf 84' lang='lat' dir='ltr'>Bekker.</span> <span class='ocrx_word' id='word_1_106' title='bbox 585 1734 733 1772; x_wconf 89' lang='lat' dir='ltr'>Anecd.</span> <span class='ocrx_word' id='word_1_107' title='bbox 761 1735 829 1784; x_wconf 85' lang='lat'><strong><em>49,</em></strong></span> <span class='ocrx_word' id='word_1_108' title='bbox 863 1736 887 1772; x_wconf 87' lang='lat'>5</span> <span class='ocrx_word' id='word_1_109' title='bbox 921 1730 941 1771; x_wconf 85' lang='grc' dir='ltr'><em>ὅ</em></span> <span class='ocrx_word' id='word_1_110' title='bbox 974 1735 1093 1788; x_wconf 81' lang='grc' dir='ltr'><strong><em>κλοιῷ</em></strong></span> <span class='ocrx_word' id='word_1_111' title='bbox 1126 1730 1331 1783; x_wconf 81' lang='grc' dir='ltr'><strong><em>δεδεμένος</em></strong></span> <span class='ocrx_word' id='word_1_112' title='bbox 1362 1730 1428 1770; x_wconf 84' lang='grc' dir='ltr'><strong><em>καὶ</em></strong></span> <span class='ocrx_word' id='word_1_113' title='bbox 1459 1731 1774 1784; x_wconf 82' lang='grc' dir='ltr'><strong><em>μαστιγούμενος.</em></strong></span> 
     </span>
    </p>
   </div>
   <div class='ocr_carea' id='block_1_13' title="bbox 997 1849 1112 1892">
    <p class='ocr_par' dir='ltr' id='par_1_13' title="bbox 997 1849 1112 1892">
     <span class='ocr_line' id='line_1_22' title="bbox 997 1849 1112 1892; baseline -0.017 0"><span class='ocrx_word' id='word_1_114' title='bbox 997 1849 1112 1892; x_wconf 84' lang='grc'>1040</span> 
     </span>
    </p>
   </div>
   <div class='ocr_carea' id='block_1_14' title="bbox 553 1907 750 1964">
    <p class='ocr_par' dir='ltr' id='par_1_14' title="bbox 553 1907 750 1964">
     <span class='ocr_line' id='line_1_23' title="bbox 553 1907 750 1964; baseline -0.005 -13"><span class='ocrx_word' id='word_1_115' title='bbox 553 1907 750 1964; x_wconf 79' lang='grc' dir='ltr'><strong><em>κνέωρον</em></strong></span> 
     </span>
    </p>
   </div>
   <div class='ocr_carea' id='block_1_15' title="bbox 388 1985 1869 2063">
    <p class='ocr_par' dir='ltr' id='par_1_15' title="bbox 388 1985 1869 2063">
     <span class='ocr_line' id='line_1_24' title="bbox 388 1985 1869 2063; baseline -0.002 -30"><span class='ocrx_word' id='word_1_116' title='bbox 388 1995 612 2046; x_wconf 84' lang='lat' dir='ltr'>Hesychius</span> <span class='ocrx_word' id='word_1_117' title='bbox 655 1994 783 2044; x_wconf 86' lang='grc' dir='ltr'><strong><em>φυτόν</em></strong></span> <span class='ocrx_word' id='word_1_118' title='bbox 820 2010 855 2033; x_wconf 88' lang='grc' dir='ltr'><strong><em>τι</em></strong></span> <span class='ocrx_word' id='word_1_119' title='bbox 885 1991 907 2033; x_wconf 76' lang='grc' dir='ltr'><em>ὃ</em></span> <span class='ocrx_word' id='word_1_120' title='bbox 938 1998 1019 2041; x_wconf 84' lang='grc' dir='ltr'><strong><em>τοῖς</em></strong></span> <span class='ocrx_word' id='word_1_121' title='bbox 1053 1993 1340 2063; x_wconf 84' lang='grc' dir='ltr'><strong><em>Θεσμοφορίοις</em></strong></span> <span class='ocrx_word' id='word_1_122' title='bbox 1370 1991 1671 2044; x_wconf 80' lang='grc' dir='ltr'><strong><em>ὖποστόρνυται,</em></strong></span> <span class='ocrx_word' id='word_1_123' title='bbox 1706 1990 1772 2031; x_wconf 84' lang='grc' dir='ltr'><strong><em>καὶ</em></strong></span> <span class='ocrx_word' id='word_1_124' title='bbox 1803 1985 1834 2047; x_wconf 77' lang='grc' dir='ltr'>ᾧ</span> <span class='ocrx_word' id='word_1_125' title='bbox 1856 2015 1869 2020; x_wconf 58' lang='grc'><strong>»</strong></span> 
     </span>
    </p>
   </div>
   <div class='ocr_carea' id='block_1_16' title="bbox 270 2050 1836 2273">
    <p class='ocr_par' dir='ltr' id='par_1_16' title="bbox 270 2050 1836 2273">
     <span class='ocr_line' id='line_1_25' title="bbox 270 2050 1836 2112; baseline -0.002 -19"><span class='ocrx_word' id='word_1_126' title='bbox 270 2055 324 2102; x_wconf 84' lang='grc' dir='ltr'><strong><em>εἰς</em></strong></span> <span class='ocrx_word' id='word_1_127' title='bbox 361 2054 559 2106; x_wconf 82' lang='grc' dir='ltr'><strong><em>κάθαρσιν</em></strong></span> <span class='ocrx_word' id='word_1_128' title='bbox 598 2060 774 2106; x_wconf 83' lang='grc' dir='ltr'><strong><em>χρῶνται.</em></strong></span> <span class='ocrx_word' id='word_1_129' title='bbox 836 2052 902 2092; x_wconf 84' lang='grc' dir='ltr'><strong><em>καὶ</em></strong></span> <span class='ocrx_word' id='word_1_130' title='bbox 940 2057 1168 2112; x_wconf 86' lang='grc' dir='ltr'><strong><em>γυναικεῖον</em></strong></span> <span class='ocrx_word' id='word_1_131' title='bbox 1207 2051 1358 2104; x_wconf 88' lang='grc' dir='ltr'><strong><em>μόριον.</em></strong></span> <span class='ocrx_word' id='word_1_132' title='bbox 1406 2052 1574 2091; x_wconf 88' lang='lat' dir='ltr'>Photius</span> <span class='ocrx_word' id='word_1_133' title='bbox 1612 2066 1671 2090; x_wconf 89' lang='grc' dir='ltr'><strong><em>κν.</em></strong></span> <span class='ocrx_word' id='word_1_134' title='bbox 1710 2050 1836 2101; x_wconf 82' lang='grc' dir='ltr'><strong><em>φυτὸν</em></strong></span> 
     </span>
     <span class='ocr_line' id='line_1_26' title="bbox 270 2108 1836 2168; baseline -0.003 -15"><span class='ocrx_word' id='word_1_135' title='bbox 270 2114 480 2166; x_wconf 76' lang='grc' dir='ltr'><strong><em>θαμνῶδες</em></strong></span> <span class='ocrx_word' id='word_1_136' title='bbox 513 2113 732 2164; x_wconf 80' lang='grc' dir='ltr'><strong><em>ἐπιτήδειον</em></strong></span> <span class='ocrx_word' id='word_1_137' title='bbox 764 2113 818 2160; x_wconf 86' lang='grc' dir='ltr'><strong><em>εἰς</em></strong></span> <span class='ocrx_word' id='word_1_138' title='bbox 844 2113 1056 2166; x_wconf 77' lang='grc' dir='ltr'><strong><em>κάθαρσιν,</em></strong></span> <span class='ocrx_word' id='word_1_139' title='bbox 1088 2112 1118 2168; x_wconf 75' lang='grc' dir='ltr'><em>ᾧ</em></span> <span class='ocrx_word' id='word_1_140' title='bbox 1144 2111 1210 2151; x_wconf 84' lang='grc' dir='ltr'><strong><em>καὶ</em></strong></span> <span class='ocrx_word' id='word_1_141' title='bbox 1240 2110 1372 2163; x_wconf 55' lang='grc' dir='ltr'><strong><em>ἰατροὶ</em></strong></span> <span class='ocrx_word' id='word_1_142' title='bbox 1397 2116 1572 2163; x_wconf 85' lang='grc' dir='ltr'><strong><em>χρῶνται.</em></strong></span> <span class='ocrx_word' id='word_1_143' title='bbox 1629 2108 1694 2150; x_wconf 81' lang='grc' dir='ltr'><strong><em>ὁτὲ</em></strong></span> <span class='ocrx_word' id='word_1_144' title='bbox 1722 2108 1764 2150; x_wconf 82' lang='grc' dir='ltr'><strong><em>δὲ</em></strong></span> <span class='ocrx_word' id='word_1_145' title='bbox 1794 2109 1836 2149; x_wconf 93' lang='grc' dir='ltr'><strong><em>τὸ</em></strong></span> 
     </span>
     <span class='ocr_line' id='line_1_27' title="bbox 270 2171 1836 2227; baseline -0.003 -14"><span class='ocrx_word' id='word_1_146' title='bbox 270 2175 496 2227; x_wconf 83' lang='grc' dir='ltr'><strong><em>γυναικεῖον</em></strong></span> <span class='ocrx_word' id='word_1_147' title='bbox 528 2173 695 2212; x_wconf 79' lang='grc' dir='ltr'><strong><em>αἰδοῖον.</em></strong></span> <span class='ocrx_word' id='word_1_148' title='bbox 745 2174 846 2212; x_wconf 84' lang='lat' dir='ltr'>hanc</span> <span class='ocrx_word' id='word_1_149' title='bbox 878 2173 1208 2223; x_wconf 84' lang='lat' dir='ltr'>significationem</span> <span class='ocrx_word' id='word_1_150' title='bbox 1242 2185 1288 2210; x_wconf 86' lang='lat' dir='ltr'><strong><em>ex</em></strong></span> <span class='ocrx_word' id='word_1_151' title='bbox 1320 2171 1467 2210; x_wconf 86' lang='lat' dir='ltr'>comico</span> <span class='ocrx_word' id='word_1_152' title='bbox 1500 2171 1723 2210; x_wconf 75' lang='lat' dir='ltr'>delivatam</span> <span class='ocrx_word' id='word_1_153' title='bbox 1750 2183 1836 2209; x_wconf 86' lang='lat' dir='ltr'>esse</span> 
     </span>
     <span class='ocr_line' id='line_1_28' title="bbox 271 2233 745 2273; baseline -0.004 -1"><span class='ocrx_word' id='word_1_154' title='bbox 271 2234 480 2273; x_wconf 73' lang='lat' dir='ltr'>adnotavit</span> <span class='ocrx_word' id='word_1_155' title='bbox 512 2233 745 2271; x_wconf 80' lang='lat' dir='ltr'>Meinekius.</span> 
     </span>
    </p>
   </div>
   <div class='ocr_carea' id='block_1_17' title="bbox 1001 2312 1111 2354">
    <p class='ocr_par' dir='ltr' id='par_1_17' title="bbox 1001 2312 1111 2354">
     <span class='ocr_line' id='line_1_29' title="bbox 1001 2312 1111 2354; baseline 0 0"><span class='ocrx_word' id='word_1_156' title='bbox 1001 2312 1111 2354; x_wconf 87' lang='grc'>1041</span> 
     </span>
    </p>
   </div>
   <div class='ocr_carea' id='block_1_18' title="bbox 557 2371 817 2423">
    <p class='ocr_par' dir='ltr' id='par_1_18' title="bbox 557 2371 817 2423">
     <span class='ocr_line' id='line_1_30' title="bbox 557 2371 817 2423; baseline 0 -9"><span class='ocrx_word' id='word_1_157' title='bbox 557 2371 817 2423; x_wconf 80' lang='grc' dir='ltr'><strong><em>κνισοκόλαξ</em></strong></span> 
     </span>
    </p>
   </div>
   <div class='ocr_carea' id='block_1_19' title="bbox 391 2454 1909 2508">
    <p class='ocr_par' dir='ltr' id='par_1_19' title="bbox 391 2454 1909 2508">
     <span class='ocr_line' id='line_1_31' title="bbox 391 2454 1909 2508; baseline -0.003 -11"><span class='ocrx_word' id='word_1_158' title='bbox 391 2460 560 2498; x_wconf 86' lang='lat' dir='ltr'>Bekker.</span> <span class='ocrx_word' id='word_1_159' title='bbox 587 2459 732 2497; x_wconf 89' lang='lat' dir='ltr'>Anecd.</span> <span class='ocrx_word' id='word_1_160' title='bbox 761 2461 827 2507; x_wconf 87' lang='lat'><strong><em>47,</em></strong></span> <span class='ocrx_word' id='word_1_161' title='bbox 864 2460 918 2496; x_wconf 93' lang='grc'><strong><em>10</em></strong></span> <span class='ocrx_word' id='word_1_162' title='bbox 961 2456 1028 2497; x_wconf 90' lang='grc' dir='ltr'><strong><em>τὸν</em></strong></span> <span class='ocrx_word' id='word_1_163' title='bbox 1060 2455 1223 2503; x_wconf 83' lang='grc' dir='ltr'><strong><em>οὐδενὸς</em></strong></span> <span class='ocrx_word' id='word_1_164' title='bbox 1259 2454 1418 2508; x_wconf 83' lang='grc' dir='ltr'><strong><em>ἀγαθοῦ</em></strong></span> <span class='ocrx_word' id='word_1_165' title='bbox 1456 2454 1621 2506; x_wconf 85' lang='grc' dir='ltr'><strong><em>κόλακα,</em></strong></span> <span class='ocrx_word' id='word_1_166' title='bbox 1663 2459 1734 2494; x_wconf 85' lang='grc' dir='ltr'><strong><em>τοῦ</em></strong></span> <span class='ocrx_word' id='word_1_167' title='bbox 1777 2454 1837 2493; x_wconf 85' lang='grc' dir='ltr'><strong><em>αἰ-</em></strong></span> <span class='ocrx_word' id='word_1_168' title='bbox 1894 2469 1909 2484; x_wconf 82' lang='grc'><em>·</em></span> 
     </span>
    </p>
   </div>
   <div class='ocr_carea' id='block_1_20' title="bbox 272 2515 1837 2676">
    <p class='ocr_par' dir='ltr' id='par_1_20' title="bbox 272 2515 1837 2676">
     <span class='ocr_line' id='line_1_32' title="bbox 274 2515 1837 2570; baseline -0.003 -13"><span class='ocrx_word' id='word_1_169' title='bbox 274 2518 428 2570; x_wconf 86' lang='grc' dir='ltr'><strong><em>σχίστου</em></strong></span> <span class='ocrx_word' id='word_1_170' title='bbox 449 2515 490 2557; x_wconf 79' lang='grc' dir='ltr'><strong><em>δὲ</em></strong></span> <span class='ocrx_word' id='word_1_171' title='bbox 511 2518 682 2557; x_wconf 83' lang='grc' dir='ltr'><strong><em>πάντων.</em></strong></span> <span class='ocrx_word' id='word_1_172' title='bbox 733 2531 973 2569; x_wconf 84' lang='lat' dir='ltr'>quamquam</span> <span class='ocrx_word' id='word_1_173' title='bbox 991 2517 1144 2567; x_wconf 88' lang='lat' dir='ltr'>primus</span> <span class='ocrx_word' id='word_1_174' title='bbox 1165 2529 1211 2555; x_wconf 78' lang='lat' dir='ltr'><strong><em>ea</em></strong></span> <span class='ocrx_word' id='word_1_175' title='bbox 1229 2529 1324 2555; x_wconf 81' lang='lat' dir='ltr'>voce</span> <span class='ocrx_word' id='word_1_176' title='bbox 1344 2528 1440 2554; x_wconf 87' lang='lat' dir='ltr'>usus</span> <span class='ocrx_word' id='word_1_177' title='bbox 1461 2518 1522 2554; x_wconf 88' lang='lat' dir='ltr'><strong><em>est</em></strong></span> <span class='ocrx_word' id='word_1_178' title='bbox 1540 2515 1662 2554; x_wconf 86' lang='lat' dir='ltr'>Asius</span> <span class='ocrx_word' id='word_1_179' title='bbox 1682 2515 1837 2553; x_wconf 71' lang='lat' dir='ltr'>Samius</span> 
     </span>
     <span class='ocr_line' id='line_1_33' title="bbox 273 2575 1836 2631; baseline -0.003 -15"><span class='ocrx_word' id='word_1_180' title='bbox 273 2576 436 2629; x_wconf 77' lang='lat' dir='ltr'>(Athen.</span> <span class='ocrx_word' id='word_1_181' title='bbox 472 2580 509 2628; x_wconf 88' lang='lat'><strong><em>3,</em></strong></span> <span class='ocrx_word' id='word_1_182' title='bbox 545 2579 625 2617; x_wconf 82' lang='lat'><strong><em>125</em></strong></span> <span class='ocrx_word' id='word_1_183' title='bbox 638 2575 692 2631; x_wconf 85' lang='lat' dir='ltr'><strong><em>d),</em></strong></span> <span class='ocrx_word' id='word_1_184' title='bbox 725 2590 749 2615; x_wconf 88' lang='lat' dir='ltr'>a</span> <span class='ocrx_word' id='word_1_185' title='bbox 782 2577 1007 2628; x_wconf 83' lang='lat' dir='ltr'>Phrynicho</span> <span class='ocrx_word' id='word_1_186' title='bbox 1046 2576 1239 2615; x_wconf 88' lang='lat' dir='ltr'>comicum</span> <span class='ocrx_word' id='word_1_187' title='bbox 1276 2575 1449 2626; x_wconf 83' lang='lat' dir='ltr'>aliquem</span> <span class='ocrx_word' id='word_1_188' title='bbox 1489 2576 1719 2624; x_wconf 74' lang='lat' dir='ltr'>excerptum</span> <span class='ocrx_word' id='word_1_189' title='bbox 1750 2586 1836 2613; x_wconf 82' lang='lat' dir='ltr'>esse</span> 
     </span>
     <span class='ocr_line' id='line_1_34' title="bbox 272 2637 457 2676; baseline 0.005 -1"><span class='ocrx_word' id='word_1_190' title='bbox 272 2637 457 2676; x_wconf 82' lang='lat' dir='ltr'>arbitror.</span> 
     </span>
    </p>
   </div>
   <div class='ocr_carea' id='block_1_21' title="bbox 556 2716 1112 2832">
    <p class='ocr_par' dir='ltr' id='par_1_21' title="bbox 556 2716 1112 2832">
     <span class='ocr_line' id='line_1_35' title="bbox 1000 2716 1112 2757; baseline 0 0"><span class='ocrx_word' id='word_1_191' title='bbox 1000 2716 1112 2757; x_wconf 83' lang='lat'>1042</span> 
     </span>
     <span class='ocr_line' id='line_1_36' title="bbox 556 2777 873 2832; baseline -0.003 -13"><span class='ocrx_word' id='word_1_192' title='bbox 556 2777 873 2832; x_wconf 84' lang='grc' dir='ltr'><strong><em>κνισοτηρητής</em></strong></span> 
     </span>
    </p>
   </div>
   <div class='ocr_carea' id='block_1_22' title="bbox 276 2853 1835 2974">
    <p class='ocr_par' dir='ltr' id='par_1_22' title="bbox 276 2853 1835 2974">
     <span class='ocr_line' id='line_1_37' title="bbox 391 2853 1835 2912; baseline -0.003 -11"><span class='ocrx_word' id='word_1_193' title='bbox 391 2863 562 2901; x_wconf 84' lang='lat' dir='ltr'>Bekker.</span> <span class='ocrx_word' id='word_1_194' title='bbox 587 2863 735 2901; x_wconf 86' lang='lat' dir='ltr'>Anecd.</span> <span class='ocrx_word' id='word_1_195' title='bbox 767 2864 836 2912; x_wconf 88' lang='lat'><strong><em>49,</em></strong></span> <span class='ocrx_word' id='word_1_196' title='bbox 871 2863 923 2901; x_wconf 89' lang='lat'>13</span> <span class='ocrx_word' id='word_1_197' title='bbox 969 2859 990 2900; x_wconf 85' lang='grc' dir='ltr'>ὁ</span> <span class='ocrx_word' id='word_1_198' title='bbox 1021 2863 1161 2900; x_wconf 86' lang='grc' dir='ltr'><strong><em>κνῖσαν</em></strong></span> <span class='ocrx_word' id='word_1_199' title='bbox 1194 2855 1327 2912; x_wconf 88' lang='grc' dir='ltr'><strong><em>(κνίσα</em></strong></span> <span class='ocrx_word' id='word_1_200' title='bbox 1351 2853 1455 2911; x_wconf 80' lang='lat' dir='ltr'>cod.)</span> <span class='ocrx_word' id='word_1_201' title='bbox 1487 2856 1552 2897; x_wconf 86' lang='grc' dir='ltr'><strong><em>καὶ</em></strong></span> <span class='ocrx_word' id='word_1_202' title='bbox 1584 2858 1723 2897; x_wconf 83' lang='grc' dir='ltr'><strong><em>δεῖπνα</em></strong></span> <span class='ocrx_word' id='word_1_203' title='bbox 1754 2855 1835 2897; x_wconf 80' lang='grc' dir='ltr'><strong><em>ἔπι-</em></strong></span> 
     </span>
     <span class='ocr_line' id='line_1_38' title="bbox 276 2920 1295 2974; baseline -0.003 -14"><span class='ocrx_word' id='word_1_204' title='bbox 276 2927 415 2974; x_wconf 83' lang='grc' dir='ltr'><strong><em>τηρῶν.</em></strong></span> <span class='ocrx_word' id='word_1_205' title='bbox 467 2923 513 2961; x_wconf 87' lang='lat' dir='ltr'><strong><em>cf.</em></strong></span> <span class='ocrx_word' id='word_1_206' title='bbox 550 2923 674 2961; x_wconf 86' lang='lat'>1025.</span> <span class='ocrx_word' id='word_1_207' title='bbox 723 2922 864 2971; x_wconf 84' lang='lat' dir='ltr'>Eupol.</span> <span class='ocrx_word' id='word_1_208' title='bbox 900 2923 994 2960; x_wconf 86' lang='lat'>173.</span> <span class='ocrx_word' id='word_1_209' title='bbox 1044 2920 1192 2970; x_wconf 82' lang='lat' dir='ltr'>Diphil.</span> <span class='ocrx_word' id='word_1_210' title='bbox 1229 2921 1295 2958; x_wconf 86' lang='lat'>61.</span> 
     </span>
    </p>
   </div>
  </div>
 </body>
</html>
