2014 3334
221 248 312 290 454
620 234 623 238 ’
872 246 1134 281 ΑΔΕΣΠΟΤΑ

965 355 1048 397 247

511 438 534 481 ὁ
565 439 704 488 πολὺς
735 439 894 493 χρόνος
925 433 1052 481 πάντ’
1089 436 1312 495 ἐξελέγχει,
1343 440 1574 494 Νικοφῶν.

343 526 539 565 Sssobaeus
570 525 655 564 Ecl.
690 527 709 563 1
727 555 736 575 ,
769 519 889 578 8(9),
922 525 975 564 35
1009 524 1211 575 Wachsm.
1256 522 1448 577 o’cvaye'ovg·
1479 525 1511 562 P
1525 537 1624 575 mrg.
1666 518 1726 577 (in
1757 537 1793 563 v.

227 580 428 639 praeced.)
462 582 674 637 ναγενέους
694 586 840 635 quarta
858 584 966 623 linea
983 586 1075 634 post
1099 584 1131 622 F
1145 597 1245 635 mrg.
1277 579 1433 637 (littera
1451 584 1538 622 init.
1558 597 1629 634 pro
1649 583 1794 622 rubrio.

228 640 399 699 relicta),
426 641 604 695 Ἀθηνᾶς
623 647 759 697 γοναῖς
777 643 944 682 Heeren.
970 643 1131 683 videtur
1148 643 1281 694 potius
1302 644 1476 683 auctoris
1495 655 1638 683 nomen
1656 643 1793 682 latere.

972 759 1059 802 248

516 846 664 900 ληρεῖς
695 842 743 886 ἐν
776 842 830 885 οὐ
863 841 1009 885 δέοντι
1040 846 1178 900 καιρῷ
1212 845 1488 898 φιλοσοφῶν.

349 931 545 970 Stobaeus
578 930 714 970 Floril.
749 931 816 980 36,
850 931 873 969 5
909 929 992 968 sine
1024 930 1222 968 lemmasse.

975 1044 1061 1087 249

515 1130 676 1186 ἔρημός
707 1127 793 1171 ἐστ’
832 1129 1071 1185 ἄνθρωπος
1101 1127 1389 1184 ἠπορημένος.

350 1218 544 1256 Stobaeus
583 1215 720 1255 Floril.
760 1216 833 1265 96,
875 1217 899 1254 8
949 1211 1156 1254 ‘cohaereb
1199 1210 1550 1265 praecedenizibus'
1613 1212 1798 1265 (Philem.

233 1272 338 1331 157)
371 1273 428 1315 ‘in
452 1272 517 1316 A'.
552 1275 749 1315 Gaisford.
800 1275 869 1315 sed
901 1275 1144 1326 separandus
1177 1276 1251 1325 est,
1283 1288 1525 1326 quamquam
1556 1273 1800 1313 Philemonis

231 1350 319 1376 esse
351 1338 496 1387 potest.

977 1414 1064 1457 250

517 1485 542 1541 ἢ
575 1487 624 1528 τὸ
656 1486 775 1542 παρὰ
805 1485 985 1527 πάντων
1017 1491 1106 1527 τῶν
1139 1491 1366 1539 σοφιστῶν
1397 1485 1583 1541 χρυσίον

351 1572 573 1623 Alciphron
596 1575 632 1621 1,
653 1574 721 1623 34,
742 1575 766 1611 3
801 1569 842 1610 σὲ
866 1570 940 1624 γὰρ
965 1571 1254 1623 περιβάλλουσα
1279 1574 1497 1623 κοιμᾶσθαι
1521 1573 1669 1623 μᾶλλον
1689 1569 1800 1623 ἐβου-

234 1632 359 1684 λόμην
391 1629 417 1683 ἢ
449 1634 526 1671 κτλ.
589 1632 715 1684 περιβ.
747 1646 849 1683 κοιμ.
882 1631 956 1670 del.
990 1631 1104 1670 Mein.

909 1747 1007 1788 251.
1038 1746 1126 1789 252

519 1827 575 1886 ἦν
607 1828 680 1873 καὶ
716 1831 885 1873 Φίλωνι
917 1830 1075 1884 συκίνη
1108 1831 1332 1886 βακτηρία.

520 1901 749 1958 ὀργίζομαι
780 1901 864 1957 γὰρ
896 1899 970 1943 ναὶ
1002 1901 1062 1956 μὰ
1091 1901 1173 1955 τὴν
1205 1901 1400 1956 μεγάλην
1430 1903 1552 1944 θεόν.

356 1989 577 2039 Alciphron
611 1990 647 2036 1,
681 1990 749 2038 39,
783 1989 820 2026 2.
915 1989 952 2025 1.
982 1981 1034 2038 ἦν
1066 1986 1201 2038 Mein]
1234 1985 1393 2039 ὑπῆρξε.
1486 1990 1524 2027 2.
1556 1986 1622 2026 ναὶ
1652 1985 1706 2038 μὰ
1737 1986 1802 2037 Κ.]

238 2047 299 2099 νὴ.
350 2062 429 2088 non
461 2048 683 2087 cohaesisse
714 2048 811 2086 haee
837 2046 1083 2087 crediderim.
1160 2050 1196 2086 1.
1228 2047 1419 2099 βακτηρία
1450 2046 1590 2098 συκίνη
1622 2049 1685 2086 est
1714 2060 1804 2097 pro-

237 2109 419 2148 verbium
459 2121 507 2146 ex
538 2120 675 2146 eorum
706 2120 869 2145 numero
902 2119 1002 2156 quae
1035 2120 1059 2145 a
1089 2107 1345 2157 syeophantis
1376 2107 1548 2157 repetita
1579 2108 1703 2146 eranb.
1735 2120 1802 2144 κα-

236 2166 336 2215 πνὸς
367 2167 488 2215 ξύλου
520 2166 685 2205 συκίνου
717 2167 779 2205 est
809 2165 933 2204 Arist.
953 2165 1072 2215 Vesp.
1102 2167 1203 2214 145,
1241 2164 1364 2221 κλῳὸς
1402 2165 1562 2213 σύκινος
1591 2165 1685 2205 ibid.
1706 2167 1804 2205 897.

240 2226 407 2280 σύζυγος
440 2225 599 2272 σύκινος
631 2226 735 2264 Plut.
771 2226 869 2264 945.
892 2227 928 2264 6.
978 2225 1027 2264 ef.
1059 2225 1191 2275 adesp.
1227 2228 1262 2265 7.
1296 2226 1391 2265 905.

978 2340 1064 2383 253

524 2412 550 2467 ἢ
584 2419 677 2463 τοῖς
709 2413 991 2467 Πτολεμαίου
1022 2412 1240 2467 βούλομαι
1271 2411 1539 2466 διαδήμασιν

360 2499 579 2550 Alciphron
614 2500 651 2548 2,
685 2501 724 2549 3,
759 2501 812 2538 10
856 2497 910 2549 μὰ
941 2527 950 2537 .
982 2528 992 2538 .
1024 2527 1034 2537 .
1065 2496 1156 2545 τοὺς
1186 2495 1602 2549 βακχικοὺςκισσούς,
1633 2493 1692 2545 οἷς
1724 2509 1805 2537 στε-

241 2562 486 2610 φανωθῆναι
517 2560 665 2609 μᾶλλον
690 2555 716 2610 ἢ
741 2560 818 2598 κτλ.
880 2560 941 2598 est
973 2558 1146 2608 episssula
1170 2557 1395 2608 Menandri,
1427 2557 1605 2596 eiusdem
1635 2558 1805 2596 fortasse

242 2618 363 2657 etiam
393 2630 543 2657 versus.

984 2697 1072 2740 254

527 2779 804 2836 ἐψυχαγώγει
836 2782 1069 2837 διαφόροις
1098 2781 1319 2836 θεωρίαις.

362 2867 582 2917 Alciphron
614 2869 652 2917 3,
679 2869 747 2917 20,
783 2869 802 2906 1
839 2865 924 2919 ἄγει
954 2864 1000 2918 με’
1030 2881 1085 2914 τις
1116 2864 1251 2918 λαβὼν
1282 2866 1337 2914 εἰς
1368 2865 1409 2906 τὸ
1441 2865 1610 2918 θέατρον
1641 2863 1706 2904 καὶ
1736 2880 1805 2904 κα-

245 2925 363 2973 θίσας
394 2924 436 2964 ἐν
467 2928 573 2982 καλῷ
606 2926 714 2976 διαφ.
747 2924 811 2976 ε’ψ.
842 2930 885 2965 θ.
