2014 3334
738 221 945 255 ΑΔΗΛῼΝ
969 220 1231 255 ΔΡΑΜΑΤῼΝ
1691 217 1775 260 231

937 331 1024 373 870

551 451 558 459 .
621 414 781 473 ἀπῄειν
811 422 903 458 τῶν
933 416 1078 457 τόκων
1109 415 1224 470 ἔχων
1255 416 1427 465 τόκους.

309 505 480 545 Bekker.
514 503 663 544 Anecd.
699 505 813 543 1294
847 498 918 556 (ad
953 505 1082 548 1047,
1118 498 1193 557 13)
1234 504 1276 542 et
1312 502 1487 542 Cramer.
1522 501 1671 541 Anecd.
1705 501 1776 541 Ox.

187 566 274 606 IIII
306 567 405 616 368,
438 567 492 606 27
526 562 591 604 καὶ
623 562 667 604 ἐν
699 561 887 603 συνθέσει
923 559 1094 619 παρῄειν
1131 560 1199 602 καὶ
1238 559 1386 619 ἐξῄειν,
1425 558 1483 610 ὡς
1513 560 1622 615 παρὰ
1661 564 1776 601 Μεν-

188 625 324 682 άνδρῳ
355 628 433 665 κτλ.
495 622 614 681 ἀπῄει
645 624 820 664 Cramer.

941 705 1025 747 871

471 786 679 848 Ἀράβιον
712 789 926 848 ἐξεύρηκα
958 789 1217 845 σύμβουλον
1280 824 1287 832 .
1351 823 1360 831 .

307 879 529 919 Proverbia
560 878 680 918 Goisl.
712 880 782 918 40²
803 892 840 929 p.
876 879 961 917 124
1006 874 1086 916 ἀπὸ
1129 875 1272 916 τούτου
1318 874 1478 927 ἐλήφθη
1517 872 1543 926 ἡ
1584 875 1776 927 παροιμία

187 934 634 1039 ξξρὲξιοςοᾶαέἐέθτέᾗςζ,
671 936 724 990 ’ἣν
755 937 994 990 μεταλλάξας
1026 934 1272 989 Μένανδρος
1298 932 1507 989 Ἀράβιον,
1539 934 1667 988 φησίν
1698 939 1775 975 κτλ.

933 1079 1020 1122 872

530 1198 540 1208 .
589 1164 709 1222 φορὰ
740 1164 826 1220 γὰρ
859 1161 1015 1219 γέγονε
1047 1168 1135 1206 νῦν
1165 1162 1330 1205 τούτου
1361 1162 1485 1217 καλή.

306 1254 361 1293 Ιο.
382 1253 538 1304 Philop.
559 1252 730 1299 Aristot,
749 1252 916 1292 Meteor.
935 1266 974 1302 p.
995 1251 1085 1291 98b
1113 1252 1165 1290 31
1201 1248 1244 1289 τὸ
1263 1248 1437 1297 πολλοὺς
1454 1247 1659 1303 γεγονέναι
1680 1265 1774 1301 καρ-

184 1312 288 1361 ποὺς
331 1309 481 1366 ’φορὰν
523 1308 704 1365 καρπῶν’
749 1310 932 1365 λέγομεν,
975 1309 1042 1351 καὶ
1086 1308 1150 1350 ἐπὶ
1193 1315 1273 1350 τῶν
1315 1308 1507 1365 χειρόνων
1551 1304 1619 1362 (de
1660 1312 1775 1349 rebus

184 1368 457 1428 deterioribus)
490 1370 649 1425 ὁμοίως.
699 1370 945 1425 Μένανδρος
975 1374 1053 1411 κτλ.
1105 1369 1366 1422 διοτιδήποτε.
1417 1371 1474 1410 sic
1506 1370 1611 1410 enim
1637 1370 1772 1409 Philo-

183 1446 326 1486 ponus,
358 1436 405 1473 ub
435 1447 508 1486 per
538 1434 697 1473 litteras
736 1446 799 1472 me
832 1432 1045 1472 cerfiiorem
1084 1431 1181 1471 fecit
1212 1431 1402 1470 Dilesius.
1464 1430 1562 1482 quid
1594 1432 1774 1469 extrema

185 1494 262 1535 sibi
293 1494 421 1545 velint
450 1495 596 1534 nescio.
657 1491 738 1547 γέγ.
771 1508 804 1534 ν.
828 1506 867 1532 τ.
900 1491 966 1543 Κ.]
1000 1507 1035 1531 ν.
1068 1506 1099 1531 τ.
1130 1489 1209 1545 γέγ.
1259 1496 1338 1531 νῦν
1367 1488 1448 1544 γέγ.
1479 1489 1623 1531 τούτου
1655 1491 1773 1531 Mein.

938 1610 1025 1654 873

542 1670 554 1738 ..
617 1684 846 1755 τραγῳδὸς
877 1692 934 1749 ἦν
965 1694 1086 1750 ἀγὼν
1117 1693 1354 1737 Διονύσια.

306 1784 440 1824 Schol.
471 1784 680 1835 Arisfioph.
711 1783 888 1823 Acharn.
922 1785 1006 1823 202
1054 1780 1075 1822 ὁ
1113 1780 1341 1833 ἐπιλήναιος
1378 1779 1488 1834 ἀγὼν
1525 1783 1686 1820 τελεῖται
1717 1784 1771 1837 τῷ

185 1843 373 1900 Διονύσῳ
393 1874 402 1883 .
423 1874 432 1883 .
453 1874 462 1884 .
487 1841 727 1897 Μένανδρος
746 1846 822 1882 κτλ.
867 1842 1082 1899 τραγῳδῶν
1108 1842 1244 1881 Dindf.
1289 1843 1462 1881 fort-‚asse
1494 1841 1771 1898 τραγῳδοῖς.

931 1960 1018 2002 874

471 2046 633 2102 πικρόν
664 2043 756 2087 ἐστι
787 2039 951 2101 θρέμμ’
986 2042 1036 2086 ἐν
1067 2043 1186 2100 οἰκίᾳ
1216 2041 1372 2099 γέρων.

305 2133 502 2172 Stobaeus
533 2132 674 2172 Floril.
709 2133 805 2183 116,
839 2133 895 2171 20
927 2130 1178 2183 Μενάνδρου
1204 2130 1253 2169 A.
1303 2125 1471 2182 θρέμμ’]
1504 2127 1632 2182 γέρων
1652 2130 1769 2168 Voss,

184 2194 307 2233 Hens.
355 2190 493 2246 γέρων
509 2191 561 2244 Α]
589 2190 717 2246 γέρων
743 2206 834 2232 cum
861 2192 1018 2232 duobus
1044 2190 1206 2242 punctis
1231 2192 1273 2230 eb
1297 2191 1339 2230 in
1364 2203 1464 2242 mrg.
1497 2187 1629 2241 μένων
1651 2189 1769 2228 Voss.

183 2253 306 2294 Hens.
357 2251 501 2308 πικρὸν
531 2252 606 2306 γάρ
638 2251 718 2292 ἐστι
747 2253 866 2292 Mein.

929 2356 1017 2400 875

472 2476 482 2485 .
545 2440 641 2486 ἀλλ’
679 2442 851 2494 ἀλαζὼν
883 2440 956 2485 καὶ
986 2446 1166 2484 θεοῖσιν
1197 2440 1360 2498 ἐχθρός

305 2530 436 2570 Sohol.
456 2530 666 2581 Aristoph.
699 2531 797 2570 Rau.
826 2532 912 2570 280
943 2528 1201 2582 ἧλαζονεύετο
1234 2526 1320 2567 ἀντὶ
1351 2532 1422 2567 τοῦ
1449 2525 1650 2578 ἐψεύδετο.
1700 2525 1768 2566 καὶ

186 2587 431 2643 Μένανδρος
462 2593 540 2630 κτλ.
601 2587 686 2630 ἀλλ’
722 2604 799 2630 om.
819 2591 866 2631 R.
927 2591 1100 2630 forhasse
1132 2587 1187 2641 μὰ
1219 2584 1283 2627 Δί’
1319 2584 1403 2627 ἀλλ’
1444 2608 1494 2615 -
1528 2585 1672 2639 ἐχθρὸς
1702 2581 1766 2639 ἦν.

927 2707 1015 2750 876

471 2791 691 2848 νεώτερόν
721 2806 764 2833 τι
796 2788 1051 2847 συμβέβηκέ
1078 2801 1168 2841 σοι;

305 2876 435 2917 Schol.
457 2877 597 2929 Eurip.
615 2878 713 2918 Hec.
734 2873 815 2931 (M)
843 2879 926 2918 217
961 2875 1073 2917 νέον·
1105 2873 1191 2927 ἢτοι
1223 2873 1363 2915 καινὸν
1394 2872 1421 2927 ἢ
1454 2873 1598 2914 δεινόν.
1648 2873 1764 2916 Μὲν·

185 2937 349 2991 ανδρος·
380 2936 570 2990 νεώτερόν
601 2938 640 2977 τί
662 2949 725 2978 σοι
749 2938 867 2990 συμβ.
919 2940 990 2977 aut
1015 2938 1057 2976 in
1082 2937 1192 2976 exitu
1218 2938 1290 2975 aut
1314 2935 1430 2975 initio
1456 2935 1614 2975 iambus
1640 2935 1763 2976 deesss.
