2014 3334
264 250 351 292 354
643 246 646 250 ’
773 237 777 239 ’
935 250 1114 284 ΚΡΙΤΩΝ
1141 270 1184 275 -

837 358 1259 406 ΚΡΙΤΩΝ

872 453 1042 492 Meinek.
1073 452 1092 490 I
1125 453 1222 492 484.

940 531 1156 565 ΑΙΤΩΛΟΣ

381 595 430 634 U.
450 595 636 635 Koehler.
655 596 684 635 I.
707 595 752 635 A.
773 610 810 635 11.
833 597 915 635 975
944 609 990 634 111
1021 598 1071 635 19
1113 593 1175 634 ἐπὶ
1200 593 1437 643 Ξενοκλέους
1468 595 1624 649 Κρίτων
1656 595 1831 652 Αἰτωλῷ.

263 653 337 693 ὑπε
348 649 537 709 (κρίνετο)
582 654 780 706 Μόνιμος.
838 651 939 695 non
983 657 1075 694 ante
1120 668 1267 694 annum
1313 652 1632 695 168’K0eh1er
1663 670 1698 706 p.
1732 638 1831 696 4033.

263 714 437 754 Αἰτωλοί
466 715 619 754 Pollux.

1036 796 1058 838 1

549 865 640 908 ἐκεῖ
665 867 749 923 γὰρ
780 866 886 922 ἡμῖν
918 865 1038 908 ἐστιν
1069 866 1096 921 ἡ
1128 867 1396 923 παρεμβολή.

383 953 525 991 Pollux
546 955 583 1003 9,
607 954 659 991 15
700 952 877 1000 παίζοντι
903 951 944 992 τὸ
971 952 1231 1006 στρατόπεδον
1263 951 1381 1000 ἔξεστι
1405 951 1502 991 κατὰ
1533 951 1605 1003 τὴν
1635 958 1714 991 τῶν
1738 955 1829 991 πολ-

263 1014 342 1050 λῶν
372 1017 510 1063 χρῆσιν
547 1010 614 1050 καὶ
643 1010 898 1064 παρεμβολὴν
929 1010 1123 1063 ὀνομάσαι
1152 1043 1159 1051 .
1193 1044 1200 1051 .
1234 1012 1427 1067 [Κρίτων
1459 1011 1502 1051 ἐν
1533 1011 1724 1058 Αἰτωλοῖς
1755 1014 1832 1050 κτλ.

262 1072 321 1110 ita
353 1072 521 1110 Bekker.
553 1068 654 1118 τινὲς
686 1069 727 1110 δὲ
758 1069 824 1110 καὶ
854 1076 932 1111 τῶν
964 1069 1163 1124 νεωτέρων
1194 1077 1370 1122 ποιητῶν
1401 1070 1612 1124 ἐχρήσαντο
1643 1075 1688 1125 τῇ
1719 1068 1830 1122 λέξει,

262 1129 391 1184 ὥσπερ
423 1131 591 1182 Δίφιλος
621 1129 688 1170 καὶ
719 1131 875 1183 Κρίτων
907 1131 1023 1170 ABO.
1072 1144 1152 1170 non
1189 1132 1392 1171 consentio
1431 1144 1522 1170 cum
1559 1130 1738 1170 Fielitzio
1771 1130 1832 1170 De

261 1190 387 1229 Atssic.
419 1203 517 1231 com.
549 1191 695 1241 bipart.
729 1192 796 1230 59.
830 1213 885 1218 —-
919 1192 966 1230 of.
1000 1191 1209 1241 Theophil.
1242 1193 1279 1230 9.
1330 1191 1479 1241 Diphil.
1512 1192 1580 1230 57.

947 1307 1152 1340 ΕΦΕΣῙΟῙ

381 1381 430 1420 U.
456 1381 640 1421 Koehler.
667 1382 695 1420 Ι.
720 1382 769 1421 A.
792 1395 829 1420 n.
853 1383 935 1421 975
963 1395 1009 1420 111
1036 1384 1060 1421 3
1093 1381 1250 1434 Κρίτων
1276 1378 1484 1432 Ἐφεσίοις.
1525 1376 1830 1435 [ὑ]πε(κρίνετο)

262 1440 460 1492 Σώφιλος.
510 1443 598 1480 tota
628 1442 759 1491 periit.

921 1521 1175 1554 ΜΕΣΣΗΝῙΑ

550 1651 796 1708 κράββατος

384 1727 528 1766 Pollux
562 1728 628 1778 10,
661 1728 716 1766 35
763 1725 955 1778 σκίμπους
992 1731 1070 1765 τῶν
1108 1724 1226 1765 ἔνδον
1257 1731 1429 1777 σκευῶν,
1469 1723 1513 1773 ὃς
1542 1724 1609 1765 καὶ
1638 1724 1834 1776 ἀσκάντης

265 1785 368 1826 ε’στὶν
400 1783 624 1838 εἰρημένος,
661 1783 725 1825 καὶ
759 1785 1007 1837 σκιμπόδιον.
1058 1783 1101 1824 ἐν
1133 1783 1175 1824 δὲ
1213 1790 1257 1840 τῇ
1289 1785 1493 1839 Κρίτωνος
1526 1785 1739 1841 Μεσσηνία
1768 1800 1835 1824 και

264 1849 316 1902 τῷ
339 1843 557 1893 Ρίνθωνος
592 1843 756 1902 Τηλέφῳ
786 1844 854 1885 καὶ
884 1845 1109 1898 κράββατον
1141 1845 1326 1897 ειρῆσθαι
1357 1843 1548 1898 λέγουσιν.
1594 1843 1667 1898 ἐγὼ
1694 1842 1731 1884 δ’
1760 1843 1835 1884 ουκ

265 1905 497 1957 ἐντετύχηκα
521 1908 602 1952 τοῖς
628 1905 834 1957 δράμασιν.
883 1910 973 1944 τῶν
1003 1903 1089 1958 γὰρ
1122 1901 1415 1958 ἀδοξοτέρων
1442 1900 1591 1959 (εἰσίν).
1642 1905 1697 1944 sie
1728 1904 1833 1943 enim

265 1967 360 2005 haec
385 1966 707 2016 interpungenda
733 1968 835 2004 suni-1.
886 1965 1099 2016 Phrynich.
1126 1966 1208 2004 Ecl.
1237 1967 1290 2004 62
1322 1964 1515 2016 σκίμπους
1540 1962 1638 2017 λέγε,
1657 1962 1756 2003 ἀλλὰ
1777 1961 1831 2014 μὴ

263 2024 498 2078 κράββατος,
528 2024 600 2064 ubi
630 2026 678 2065 of.
711 2025 881 2064 Lobeck.

868 2139 1230 2174 QLAOHPAPMQN

1041 2212 1067 2254 3

481 2284 683 2338 Φοίνικα,
716 2283 910 2339 μεγάλου
941 2283 1099 2340 κύριον
1130 2283 1413 2339 βαλλαντίου,

477 2354 738 2412 ναύκληρον
764 2354 812 2398 ἐν
843 2360 902 2412 τῷ
937 2354 1082 2410 λιμένι
1112 2355 1299 2410 ποιήσας
1331 2355 1516 2408 ἄπλουν,

477 2425 551 2469 καὶ
582 2433 834 2482 φορμιῶσαι
866 2431 977 2477 ναῦς
1008 2426 1259 2481 ἀναγκάσας
1290 2426 1387 2480 δύο,

479 2499 542 2548 εἰς
574 2500 728 2553 Δῆλον
760 2498 910 2541 ἐλθεῖν
941 2494 1124 2553 ἠθέλησ’
1161 2497 1208 2540 ἐκ
1240 2501 1473 2554 Πειραιῶς,

439 2580 459 2612 5
479 2569 659 2612 πάντων
691 2568 868 2612 ἀκούων
900 2570 1014 2612 διότι
1043 2571 1269 2628 παρασίτῳ
1300 2570 1434 2619 τόπος

481 2637 611 2692 οὗτος
642 2642 778 2696 μόνος
807 2636 892 2698 τρί’
928 2640 1077 2695 ἀγαθὰ
1107 2645 1348 2695 κεκτῆσθαι
1380 2641 1515 2694 δοκεῖ,

480 2713 648 2764 εὔοψον
680 2712 861 2770 ἀγοράν,
893 2713 1177 2755 παντοδαπὸν
1209 2716 1362 2755 θυτῶν
1399 2712 1546 2767 ὄχλον,

480 2783 642 2834 αὐτοὺς
672 2785 942 2840 παρασίτους
971 2789 1052 2826 τοῦ
1082 2787 1195 2826 θεοῦ
1227 2784 1331 2833 τοὺς
1361 2784 1570 2838 Δηλίους.

386 2869 618 2910 Athenaeus
650 2872 694 2919 4,
730 2871 847 2911 17310
891 2855 1046 2922 Κρίτων
1078 2867 1098 2908 ὁ
1130 2857 1427 2925 κωμῳδιοποιὸς
1457 2868 1501 2909 ἐν
1536 2867 1831 2920 Φιλοπράγμονι

267 2929 506 2982 παρασίτους
531 2934 602 2969 τοῦ
626 2933 728 2969 θεοῦ
753 2932 867 2969 καλεῖ
884 2929 976 2977 τοὺς
995 2925 1168 2981 Δηλίους
1188 2927 1254 2968 διὰ
1272 2929 1422 2969 τούτων
1441 2931 1517 2969 κτλ.
1583 2930 1618 2966 1.
1649 2926 1831 2979 βάλλοντι
