<?xml version="1.0" encoding="UTF-8"?>
<!DOCTYPE html PUBLIC "-//W3C//DTD XHTML 1.0 Transitional//EN"
    "http://www.w3.org/TR/xhtml1/DTD/xhtml1-transitional.dtd">
<html xmlns="http://www.w3.org/1999/xhtml" xml:lang="en" lang="en">
 <head>
  <title>
</title>
<meta http-equiv="Content-Type" content="text/html;charset=utf-8" />
  <meta name='ocr-system' content='tesseract 3.04.00' />
  <meta name='ocr-capabilities' content='ocr_page ocr_carea ocr_par ocr_line ocrx_word'/>
</head>
<body>
  <div class='ocr_page' id='page_1' title='image "./comicorumatticor03kockuoft_0189.png"; bbox 0 0 2014 3334; ppageno 0'>
   <div class='ocr_carea' id='block_1_1' title="bbox 0 2786 57 3334">
    <p class='ocr_par' dir='ltr' id='par_1_1' title="bbox 0 2786 57 3334">
     <span class='ocr_line' id='line_1_1' title="bbox 0 2786 57 3334; baseline 0 0"><span class='ocrx_word' id='word_1_1' title='bbox 0 2786 57 3334; x_wconf 95' lang='lat' dir='ltr'><em> </em></span> 
     </span>
    </p>
   </div>
   <div class='ocr_carea' id='block_1_2' title="bbox 713 255 1747 297">
    <p class='ocr_par' dir='ltr' id='par_1_2' title="bbox 713 255 1747 297">
     <span class='ocr_line' id='line_1_2' title="bbox 713 255 1747 297; baseline 0.007 -7"><span class='ocrx_word' id='word_1_2' title='bbox 713 255 918 290; x_wconf 74' lang='grc' dir='ltr'><strong>ΑΔΗΛΩΝ</strong></span> <span class='ocrx_word' id='word_1_3' title='bbox 941 255 1203 290; x_wconf 69' lang='grc' dir='ltr'><strong>ΔΡΑΜΑΤΩΝ</strong></span> <span class='ocrx_word' id='word_1_4' title='bbox 1665 255 1747 297; x_wconf 87' lang='grc'><em>169</em></span> 
     </span>
    </p>
   </div>
   <div class='ocr_carea' id='block_1_3' title="bbox 0 0 430 340">
    <p class='ocr_par' dir='ltr' id='par_1_3' title="bbox 0 0 430 340">
     <span class='ocr_line' id='line_1_3' title="bbox 0 0 430 340; baseline 0 2994"><span class='ocrx_word' id='word_1_5' title='bbox 0 0 430 340; x_wconf 95' lang='lat' dir='ltr'><em> </em></span> 
     </span>
    </p>
   </div>
   <div class='ocr_carea' id='block_1_4' title="bbox 167 364 1749 782">
    <p class='ocr_par' dir='ltr' id='par_1_4' title="bbox 167 364 1749 782">
     <span class='ocr_line' id='line_1_4' title="bbox 290 364 1748 421; baseline -0.001 -13"><span class='ocrx_word' id='word_1_6' title='bbox 290 367 474 420; x_wconf 80' lang='lat' dir='ltr'><strong>Compar.</strong></span> <span class='ocrx_word' id='word_1_7' title='bbox 505 368 607 408; x_wconf 85' lang='lat' dir='ltr'><em>Men.</em></span> <span class='ocrx_word' id='word_1_8' title='bbox 640 370 682 408; x_wconf 75' lang='lat' dir='ltr'><em>et</em></span> <span class='ocrx_word' id='word_1_9' title='bbox 711 367 814 407; x_wconf 91' lang='lat' dir='ltr'>Phil.</span> <span class='ocrx_word' id='word_1_10' title='bbox 847 368 931 408; x_wconf 84' lang='lat'><em>361</em></span> <span class='ocrx_word' id='word_1_11' title='bbox 967 365 1210 419; x_wconf 85' lang='grc' dir='ltr'><em>Μένανδρος</em></span> <span class='ocrx_word' id='word_1_12' title='bbox 1240 366 1330 420; x_wconf 83' lang='grc' dir='ltr'><em>περὶ</em></span> <span class='ocrx_word' id='word_1_13' title='bbox 1359 367 1552 421; x_wconf 80' lang='grc' dir='ltr'><em>γειτονίας</em></span> <span class='ocrx_word' id='word_1_14' title='bbox 1583 364 1748 419; x_wconf 81' lang='lat' dir='ltr'>(Stude-</span> 
     </span>
     <span class='ocr_line' id='line_1_5' title="bbox 169 422 1749 482; baseline 0 -14"><span class='ocrx_word' id='word_1_15' title='bbox 169 429 305 469; x_wconf 86' lang='lat' dir='ltr'><strong>mund.</strong></span> <span class='ocrx_word' id='word_1_16' title='bbox 337 428 441 468; x_wconf 84' lang='lat' dir='ltr'><em>Men.</em></span> <span class='ocrx_word' id='word_1_17' title='bbox 473 429 515 468; x_wconf 72' lang='lat' dir='ltr'><em>ef.</em></span> <span class='ocrx_word' id='word_1_18' title='bbox 545 427 649 468; x_wconf 87' lang='lat' dir='ltr'>Phil.</span> <span class='ocrx_word' id='word_1_19' title='bbox 681 440 808 479; x_wconf 87' lang='lat' dir='ltr'>comp.</span> <span class='ocrx_word' id='word_1_20' title='bbox 831 429 914 468; x_wconf 89' lang='lat'><em>133</em></span> <span class='ocrx_word' id='word_1_21' title='bbox 931 440 987 479; x_wconf 81' lang='lat' dir='ltr'><em>sq.</em></span> <span class='ocrx_word' id='word_1_22' title='bbox 1020 441 1059 479; x_wconf 87' lang='lat' dir='ltr'><em>p.</em></span> <span class='ocrx_word' id='word_1_23' title='bbox 1081 422 1171 482; x_wconf 84' lang='lat'><strong>28).</strong></span> <span class='ocrx_word' id='word_1_24' title='bbox 1220 428 1401 468; x_wconf 87' lang='lat' dir='ltr'>Boisson.</span> <span class='ocrx_word' id='word_1_25' title='bbox 1426 427 1576 468; x_wconf 80' lang='lat' dir='ltr'><strong>Anecd.</strong></span> <span class='ocrx_word' id='word_1_26' title='bbox 1603 428 1622 467; x_wconf 96' lang='lat' dir='ltr'>I</span> <span class='ocrx_word' id='word_1_27' title='bbox 1651 429 1749 480; x_wconf 87' lang='lat'>151,</span> 
     </span>
     <span class='ocr_line' id='line_1_6' title="bbox 168 485 1749 544; baseline -0.001 -15"><span class='ocrx_word' id='word_1_28' title='bbox 168 488 240 529; x_wconf 81' lang='lat' dir='ltr'><em>uhi</em></span> <span class='ocrx_word' id='word_1_29' title='bbox 265 501 300 528; x_wconf 84' lang='lat' dir='ltr'><em>v.</em></span> <span class='ocrx_word' id='word_1_30' title='bbox 327 490 354 528; x_wconf 87' lang='lat'>4</span> <span class='ocrx_word' id='word_1_31' title='bbox 385 500 551 540; x_wconf 80' lang='lat' dir='ltr'>prorsus</span> <span class='ocrx_word' id='word_1_32' title='bbox 583 490 807 539; x_wconf 77' lang='lat' dir='ltr'><strong>corruptus.</strong></span> <span class='ocrx_word' id='word_1_33' title='bbox 849 490 886 528; x_wconf 94' lang='lat'><em>1.</em></span> <span class='ocrx_word' id='word_1_34' title='bbox 919 490 959 529; x_wconf 87' lang='lat'><em>3.</em></span> <span class='ocrx_word' id='word_1_35' title='bbox 996 486 1084 544; x_wconf 74' lang='grc' dir='ltr'><em>ἔσῃ]</em></span> <span class='ocrx_word' id='word_1_36' title='bbox 1123 485 1219 544; x_wconf 78' lang='grc' dir='ltr'><em>γένῃ</em></span> <span class='ocrx_word' id='word_1_37' title='bbox 1252 488 1370 529; x_wconf 86' lang='lat' dir='ltr'>Mein.</span> <span class='ocrx_word' id='word_1_38' title='bbox 1390 488 1450 528; x_wconf 89' lang='lat' dir='ltr'><em>ed.</em></span> <span class='ocrx_word' id='word_1_39' title='bbox 1470 488 1562 528; x_wconf 78' lang='lat' dir='ltr'><strong>mai.</strong></span> <span class='ocrx_word' id='word_1_40' title='bbox 1644 490 1681 528; x_wconf 85' lang='lat'><em>2.</em></span> <span class='ocrx_word' id='word_1_41' title='bbox 1713 502 1749 527; x_wconf 88' lang='grc' dir='ltr'><em>τι</em></span> 
     </span>
     <span class='ocr_line' id='line_1_7' title="bbox 167 545 1747 600; baseline -0.001 -11"><span class='ocrx_word' id='word_1_42' title='bbox 167 551 318 589; x_wconf 78' lang='grc' dir='ltr'><em>παθεῖν</em></span> <span class='ocrx_word' id='word_1_43' title='bbox 347 548 471 589; x_wconf 88' lang='lat' dir='ltr'>Dobr.</span> <span class='ocrx_word' id='word_1_44' title='bbox 501 547 606 588; x_wconf 85' lang='lat' dir='ltr'><strong>Adv.</strong></span> <span class='ocrx_word' id='word_1_45' title='bbox 637 547 679 587; x_wconf 94' lang='lat' dir='ltr'><em>II</em></span> <span class='ocrx_word' id='word_1_46' title='bbox 711 549 809 588; x_wconf 88' lang='grc'><strong>285.</strong></span> <span class='ocrx_word' id='word_1_47' title='bbox 858 551 1020 589; x_wconf 81' lang='grc' dir='ltr'><strong><em>ποιεῖν</em></strong></span> <span class='ocrx_word' id='word_1_48' title='bbox 1050 546 1230 600; x_wconf 88' lang='grc' dir='ltr'><em>πονηρὸν</em></span> <span class='ocrx_word' id='word_1_49' title='bbox 1260 545 1287 600; x_wconf 74' lang='grc' dir='ltr'>ἢ</span> <span class='ocrx_word' id='word_1_50' title='bbox 1318 551 1498 588; x_wconf 80' lang='grc' dir='ltr'><em>παθεῖν</em></span> <span class='ocrx_word' id='word_1_51' title='bbox 1535 562 1577 587; x_wconf 91' lang='grc' dir='ltr'><em>τι</em></span> <span class='ocrx_word' id='word_1_52' title='bbox 1609 547 1674 588; x_wconf 85' lang='grc' dir='ltr'><em>δεῖ</em></span> <span class='ocrx_word' id='word_1_53' title='bbox 1699 547 1747 588; x_wconf 92' lang='grc' dir='ltr'><em>Κ.</em></span> 
     </span>
     <span class='ocr_line' id='line_1_8' title="bbox 170 603 1748 662; baseline -0.001 -13"><span class='ocrx_word' id='word_1_54' title='bbox 170 610 209 650; x_wconf 84' lang='grc'><em>3.</em></span> <span class='ocrx_word' id='word_1_55' title='bbox 241 606 311 648; x_wconf 78' lang='grc' dir='ltr'><em>ἐὰν</em></span> <span class='ocrx_word' id='word_1_56' title='bbox 337 603 374 648; x_wconf 89' lang='grc' dir='ltr'><em>δ’</em></span> <span class='ocrx_word' id='word_1_57' title='bbox 409 604 471 661; x_wconf 74' lang='grc' dir='ltr'><em>ἄρ’</em></span> <span class='ocrx_word' id='word_1_58' title='bbox 508 607 620 648; x_wconf 79' lang='lat' dir='ltr'>Grot.</span> <span class='ocrx_word' id='word_1_59' title='bbox 652 605 723 648; x_wconf 76' lang='grc' dir='ltr'><em>ἐὰν</em></span> <span class='ocrx_word' id='word_1_60' title='bbox 754 605 815 662; x_wconf 85' lang='grc' dir='ltr'><em>ἀγ.</em></span> <span class='ocrx_word' id='word_1_61' title='bbox 849 605 892 648; x_wconf 82' lang='grc' dir='ltr'><em>δὲ</em></span> <span class='ocrx_word' id='word_1_62' title='bbox 922 609 1111 662; x_wconf 76' lang='lat' dir='ltr'><em>Rutgers.</em></span> <span class='ocrx_word' id='word_1_63' title='bbox 1151 606 1222 648; x_wconf 79' lang='grc' dir='ltr'><em>ἐὰν</em></span> <span class='ocrx_word' id='word_1_64' title='bbox 1254 608 1412 648; x_wconf 80' lang='grc' dir='ltr'><em>δικαίου</em></span> <span class='ocrx_word' id='word_1_65' title='bbox 1445 608 1646 648; x_wconf 83' lang='lat' dir='ltr'>Heinsius.</span> <span class='ocrx_word' id='word_1_66' title='bbox 1709 610 1748 648; x_wconf 90' lang='lat'><em>4.</em></span> 
     </span>
     <span class='ocr_line' id='line_1_9' title="bbox 170 665 1747 722; baseline -0.001 -14"><span class='ocrx_word' id='word_1_67' title='bbox 170 665 243 720; x_wconf 81' lang='grc' dir='ltr'><em>ὡς]</em></span> <span class='ocrx_word' id='word_1_68' title='bbox 281 666 348 708; x_wconf 83' lang='grc' dir='ltr'><em>καὶ</em></span> <span class='ocrx_word' id='word_1_69' title='bbox 385 668 507 709; x_wconf 87' lang='lat' dir='ltr'>Dobr.</span> <span class='ocrx_word' id='word_1_70' title='bbox 545 673 636 716; x_wconf 85' lang='grc' dir='ltr'><em>σῶς</em></span> <span class='ocrx_word' id='word_1_71' title='bbox 671 667 720 708; x_wconf 89' lang='grc' dir='ltr'><em>Κ.</em></span> <span class='ocrx_word' id='word_1_72' title='bbox 769 666 906 722; x_wconf 82' lang='grc' dir='ltr'><em>ἀγαθὰ</em></span> <span class='ocrx_word' id='word_1_73' title='bbox 943 667 1075 720; x_wconf 65' lang='lat' dir='ltr'>Grot]</span> <span class='ocrx_word' id='word_1_74' title='bbox 1119 667 1167 708; x_wconf 84' lang='grc' dir='ltr'><em>τὰ</em></span> <span class='ocrx_word' id='word_1_75' title='bbox 1205 666 1354 722; x_wconf 83' lang='grc' dir='ltr'><em>ἀγαθὰ.</em></span> <span class='ocrx_word' id='word_1_76' title='bbox 1402 666 1747 720; x_wconf 83' lang='grc' dir='ltr'><em>προσμανθάνεις]</em></span> 
     </span>
     <span class='ocr_line' id='line_1_10' title="bbox 170 727 1077 782; baseline 0.001 -14"><span class='ocrx_word' id='word_1_77' title='bbox 170 729 342 769; x_wconf 75' lang='lat' dir='ltr'>fortasse</span> <span class='ocrx_word' id='word_1_78' title='bbox 372 727 774 782; x_wconf 84' lang='grc' dir='ltr'><em>προσλαμβάνεις.</em></span> <span class='ocrx_word' id='word_1_79' title='bbox 824 730 873 771; x_wconf 83' lang='lat' dir='ltr'><em>ef.</em></span> <span class='ocrx_word' id='word_1_80' title='bbox 907 730 1006 779; x_wconf 86' lang='lat'><em>564,</em></span> <span class='ocrx_word' id='word_1_81' title='bbox 1039 730 1077 769; x_wconf 87' lang='lat'><em>3.</em></span> 
     </span>
    </p>
   </div>
   <div class='ocr_carea' id='block_1_5' title="bbox 917 870 1006 913">
    <p class='ocr_par' dir='ltr' id='par_1_5' title="bbox 917 870 1006 913">
     <span class='ocr_line' id='line_1_11' title="bbox 917 870 1006 913; baseline -0.011 0"><span class='ocrx_word' id='word_1_82' title='bbox 917 870 1006 913; x_wconf 75' lang='lat'><em>554</em></span> 
     </span>
    </p>
   </div>
   <div class='ocr_carea' id='block_1_6' title="bbox 170 950 1752 1492">
    <p class='ocr_par' dir='ltr' id='par_1_6' title="bbox 383 950 1498 1228">
     <span class='ocr_line' id='line_1_12' title="bbox 384 950 1498 1011; baseline -0.001 -14"><span class='ocrx_word' id='word_1_83' title='bbox 384 953 466 997; x_wconf 81' lang='grc' dir='ltr'><em>οὐκ</em></span> <span class='ocrx_word' id='word_1_84' title='bbox 499 953 546 997; x_wconf 85' lang='grc' dir='ltr'><em>ἐκ</em></span> <span class='ocrx_word' id='word_1_85' title='bbox 576 955 726 997; x_wconf 85' lang='grc' dir='ltr'><em>πότων</em></span> <span class='ocrx_word' id='word_1_86' title='bbox 758 952 832 996; x_wconf 77' lang='grc' dir='ltr'><em>καὶ</em></span> <span class='ocrx_word' id='word_1_87' title='bbox 863 959 939 1009; x_wconf 83' lang='grc' dir='ltr'><em>τῆς</em></span> <span class='ocrx_word' id='word_1_88' title='bbox 970 950 1091 997; x_wconf 21' lang='grc' dir='ltr'><em>καθ’.</em></span> <span class='ocrx_word' id='word_1_89' title='bbox 1111 953 1282 1010; x_wconf 80' lang='grc' dir='ltr'><em>ἡμέραν</em></span> <span class='ocrx_word' id='word_1_90' title='bbox 1313 959 1498 1011; x_wconf 43' lang='grc' dir='ltr'><em>τρυφῆς,</em></span> 
     </span>
     <span class='ocr_line' id='line_1_13' title="bbox 385 1020 1340 1086; baseline -0.001 -17"><span class='ocrx_word' id='word_1_91' title='bbox 385 1028 600 1083; x_wconf 76' lang='grc' dir='ltr'><em>ζητοῦμεν</em></span> <span class='ocrx_word' id='word_1_92' title='bbox 630 1020 666 1086; x_wconf 75' lang='grc' dir='ltr'><em>ᾦ</em></span> <span class='ocrx_word' id='word_1_93' title='bbox 697 1027 995 1083; x_wconf 80' lang='grc' dir='ltr'><em>πιστεύσομεν</em></span> <span class='ocrx_word' id='word_1_94' title='bbox 1026 1027 1079 1069; x_wconf 82' lang='grc' dir='ltr'><em>τὰ</em></span> <span class='ocrx_word' id='word_1_95' title='bbox 1110 1032 1191 1069; x_wconf 86' lang='grc' dir='ltr'><em>τοῦ</em></span> <span class='ocrx_word' id='word_1_96' title='bbox 1222 1028 1340 1081; x_wconf 87' lang='grc' dir='ltr'><em>βίου,</em></span> 
     </span>
     <span class='ocr_line' id='line_1_14' title="bbox 383 1097 1321 1156; baseline -0.001 -14"><span class='ocrx_word' id='word_1_97' title='bbox 383 1098 539 1156; x_wconf 83' lang='grc' dir='ltr'><em>πάτερ;</em></span> <span class='ocrx_word' id='word_1_98' title='bbox 574 1098 628 1142; x_wconf 89' lang='grc' dir='ltr'><em>οὐ</em></span> <span class='ocrx_word' id='word_1_99' title='bbox 659 1099 866 1155; x_wconf 86' lang='grc' dir='ltr'><em>περιττὸν</em></span> <span class='ocrx_word' id='word_1_100' title='bbox 897 1097 1001 1142; x_wconf 73' lang='grc' dir='ltr'><em>οἴετ’</em></span> <span class='ocrx_word' id='word_1_101' title='bbox 1040 1097 1321 1155; x_wconf 80' lang='grc' dir='ltr'><em>ἐξευρηκέναι</em></span> 
     </span>
     <span class='ocr_line' id='line_1_15' title="bbox 385 1170 1335 1228; baseline -0.001 -14"><span class='ocrx_word' id='word_1_102' title='bbox 385 1170 561 1227; x_wconf 79' lang='grc' dir='ltr'><em>ἀγαθὸν</em></span> <span class='ocrx_word' id='word_1_103' title='bbox 592 1170 787 1226; x_wconf 77' lang='grc' dir='ltr'><em>ἕκαστος,</em></span> <span class='ocrx_word' id='word_1_104' title='bbox 820 1170 876 1214; x_wconf 74' lang='grc' dir='ltr'><em>ἂν</em></span> <span class='ocrx_word' id='word_1_105' title='bbox 908 1173 983 1228; x_wconf 82' lang='grc' dir='ltr'><em>ἔχῃ</em></span> <span class='ocrx_word' id='word_1_106' title='bbox 1017 1173 1155 1227; x_wconf 81' lang='grc' dir='ltr'><em>φίλου</em></span> <span class='ocrx_word' id='word_1_107' title='bbox 1188 1170 1335 1222; x_wconf 86' lang='grc' dir='ltr'><em>σκιάν;</em></span> 
     </span>
    </p>

    <p class='ocr_par' dir='ltr' id='par_1_7' title="bbox 170 1255 1752 1492">
     <span class='ocr_line' id='line_1_16' title="bbox 290 1255 1752 1311; baseline -0.001 -14"><span class='ocrx_word' id='word_1_108' title='bbox 290 1258 534 1298; x_wconf 74' lang='lat' dir='ltr'><strong>Plutarchus</strong></span> <span class='ocrx_word' id='word_1_109' title='bbox 569 1259 666 1298; x_wconf 87' lang='lat' dir='ltr'><em>Mor.</em></span> <span class='ocrx_word' id='word_1_110' title='bbox 700 1260 819 1299; x_wconf 77' lang='lat'>4790</span> <span class='ocrx_word' id='word_1_111' title='bbox 858 1256 878 1298; x_wconf 89' lang='grc' dir='ltr'>ὁ</span> <span class='ocrx_word' id='word_1_112' title='bbox 911 1257 1155 1309; x_wconf 84' lang='grc' dir='ltr'><em>Μένανδρος</em></span> <span class='ocrx_word' id='word_1_113' title='bbox 1194 1255 1328 1311; x_wconf 81' lang='grc' dir='ltr'><em>ὀρθῶς</em></span> <span class='ocrx_word' id='word_1_114' title='bbox 1359 1260 1437 1297; x_wconf 82' lang='grc' dir='ltr'><em>κτλ.</em></span> <span class='ocrx_word' id='word_1_115' title='bbox 1518 1272 1554 1296; x_wconf 84' lang='grc' dir='ltr'><em>ν.</em></span> <span class='ocrx_word' id='word_1_116' title='bbox 1587 1259 1612 1296; x_wconf 89' lang='grc'>4</span> <span class='ocrx_word' id='word_1_117' title='bbox 1646 1258 1752 1296; x_wconf 83' lang='lat' dir='ltr'>idem</span> 
     </span>
     <span class='ocr_line' id='line_1_17' title="bbox 170 1316 1752 1376; baseline -0.001 -18"><span class='ocrx_word' id='word_1_118' title='bbox 170 1319 269 1359; x_wconf 86' lang='lat' dir='ltr'><em>Mor.</em></span> <span class='ocrx_word' id='word_1_119' title='bbox 299 1320 386 1359; x_wconf 77' lang='lat'><em>930</em></span> <span class='ocrx_word' id='word_1_120' title='bbox 418 1316 486 1358; x_wconf 88' lang='grc' dir='ltr'><em>τὸν</em></span> <span class='ocrx_word' id='word_1_121' title='bbox 511 1317 620 1371; x_wconf 83' lang='grc' dir='ltr'><em>παρὰ</em></span> <span class='ocrx_word' id='word_1_122' title='bbox 645 1321 698 1375; x_wconf 79' lang='grc' dir='ltr'><em>τῷ</em></span> <span class='ocrx_word' id='word_1_123' title='bbox 717 1317 950 1376; x_wconf 81' lang='grc' dir='ltr'><em>Μενάνδρῳ</em></span> <span class='ocrx_word' id='word_1_124' title='bbox 976 1318 1236 1358; x_wconf 84' lang='grc' dir='ltr'><em>νεανίσκον</em></span> <span class='ocrx_word' id='word_1_125' title='bbox 1267 1316 1485 1371; x_wconf 81' lang='grc' dir='ltr'><em>ὑπερφυῶς</em></span> <span class='ocrx_word' id='word_1_126' title='bbox 1510 1316 1752 1369; x_wconf 79' lang='grc' dir='ltr'><em>ἐπαινοῦμεν</em></span> 
     </span>
     <span class='ocr_line' id='line_1_18' title="bbox 170 1374 1752 1433; baseline -0.001 -14"><span class='ocrx_word' id='word_1_127' title='bbox 170 1377 331 1419; x_wconf 82' lang='grc' dir='ltr'><em>εἰπόντα</em></span> <span class='ocrx_word' id='word_1_128' title='bbox 366 1377 604 1430; x_wconf 83' lang='grc' dir='ltr'><em>θαυμαστὸν</em></span> <span class='ocrx_word' id='word_1_129' title='bbox 642 1374 738 1419; x_wconf 80' lang='grc' dir='ltr'><em>ὅσον</em></span> <span class='ocrx_word' id='word_1_130' title='bbox 775 1378 949 1431; x_wconf 83' lang='grc' dir='ltr'><em>νομίζειν</em></span> <span class='ocrx_word' id='word_1_131' title='bbox 987 1376 1146 1433; x_wconf 80' lang='grc' dir='ltr'><em>ἀγαθὸν</em></span> <span class='ocrx_word' id='word_1_132' title='bbox 1184 1375 1368 1429; x_wconf 74' lang='grc' dir='ltr'><em>ἕκαστον,</em></span> <span class='ocrx_word' id='word_1_133' title='bbox 1408 1376 1459 1418; x_wconf 74' lang='grc' dir='ltr'><em>ἂν</em></span> <span class='ocrx_word' id='word_1_134' title='bbox 1490 1380 1569 1417; x_wconf 84' lang='grc' dir='ltr'><em>κτλ.</em></span> <span class='ocrx_word' id='word_1_135' title='bbox 1633 1380 1669 1417; x_wconf 91' lang='grc'><em>3.</em></span> <span class='ocrx_word' id='word_1_136' title='bbox 1703 1375 1752 1417; x_wconf 82' lang='grc' dir='ltr'><em>οὐ</em></span> 
     </span>
     <span class='ocr_line' id='line_1_19' title="bbox 171 1432 1752 1492; baseline -0.001 -14"><span class='ocrx_word' id='word_1_137' title='bbox 171 1436 303 1489; x_wconf 44' lang='lat' dir='ltr'>Greia]</span> <span class='ocrx_word' id='word_1_138' title='bbox 337 1432 398 1478; x_wconf 78' lang='grc' dir='ltr'><em>οὗ.</em></span> <span class='ocrx_word' id='word_1_139' title='bbox 429 1439 536 1478; x_wconf 86' lang='lat' dir='ltr'>idem</span> <span class='ocrx_word' id='word_1_140' title='bbox 553 1452 626 1491; x_wconf 86' lang='lat' dir='ltr'><em>per</em></span> <span class='ocrx_word' id='word_1_141' title='bbox 644 1439 1005 1492; x_wconf 72' lang='lat' dir='ltr'>interrogationem</span> <span class='ocrx_word' id='word_1_142' title='bbox 1034 1439 1135 1479; x_wconf 74' lang='lat' dir='ltr'>haee</span> <span class='ocrx_word' id='word_1_143' title='bbox 1166 1439 1299 1478; x_wconf 86' lang='lat' dir='ltr'>efferri</span> <span class='ocrx_word' id='word_1_144' title='bbox 1330 1438 1463 1478; x_wconf 70' lang='lat' dir='ltr'><strong>iussit.</strong></span> <span class='ocrx_word' id='word_1_145' title='bbox 1507 1438 1555 1478; x_wconf 82' lang='lat' dir='ltr'><em>cf.</em></span> <span class='ocrx_word' id='word_1_146' title='bbox 1577 1438 1752 1490; x_wconf 85' lang='lat' dir='ltr'>Madvig.</span> 
     </span>
    </p>
   </div>
   <div class='ocr_carea' id='block_1_7' title="bbox 169 1494 1752 1610">
    <p class='ocr_par' dir='ltr' id='par_1_8' title="bbox 169 1494 1752 1610">
     <span class='ocr_line' id='line_1_20' title="bbox 174 1494 1752 1549; baseline 0 -11"><span class='ocrx_word' id='word_1_147' title='bbox 174 1498 340 1549; x_wconf 70' lang='lat' dir='ltr'><em>Advers.</em></span> <span class='ocrx_word' id='word_1_148' title='bbox 371 1498 460 1539; x_wconf 73' lang='lat' dir='ltr'><strong>crit.</strong></span> <span class='ocrx_word' id='word_1_149' title='bbox 492 1499 512 1538; x_wconf 95' lang='lat' dir='ltr'>I</span> <span class='ocrx_word' id='word_1_150' title='bbox 553 1500 651 1539; x_wconf 85' lang='lat'><strong>642.</strong></span> <span class='ocrx_word' id='word_1_151' title='bbox 714 1498 853 1539; x_wconf 81' lang='lat' dir='ltr'>Cobet.</span> <span class='ocrx_word' id='word_1_152' title='bbox 885 1499 934 1539; x_wconf 87' lang='lat' dir='ltr'><em>V.</em></span> <span class='ocrx_word' id='word_1_153' title='bbox 965 1494 1010 1539; x_wconf 76' lang='lat' dir='ltr'><em>l.2</em></span> <span class='ocrx_word' id='word_1_154' title='bbox 1051 1500 1147 1540; x_wconf 87' lang='grc'><strong>380.</strong></span> <span class='ocrx_word' id='word_1_155' title='bbox 1180 1499 1229 1538; x_wconf 89' lang='lat' dir='ltr'><em>N.</em></span> <span class='ocrx_word' id='word_1_156' title='bbox 1262 1500 1288 1539; x_wconf 94' lang='grc'><em>1.</em></span> <span class='ocrx_word' id='word_1_157' title='bbox 1322 1500 1389 1539; x_wconf 89' lang='lat'><em>90.</em></span> <span class='ocrx_word' id='word_1_158' title='bbox 1453 1495 1596 1538; x_wconf 74' lang='lat' dir='ltr'><em>‘nonne</em></span> <span class='ocrx_word' id='word_1_159' title='bbox 1638 1510 1752 1548; x_wconf 80' lang='lat' dir='ltr'>quae-</span> 
     </span>
     <span class='ocr_line' id='line_1_21' title="bbox 169 1556 912 1610; baseline 0.001 -11"><span class='ocrx_word' id='word_1_160' title='bbox 169 1556 322 1599; x_wconf 63' lang='lat' dir='ltr'><em>rimus?</em></span> <span class='ocrx_word' id='word_1_161' title='bbox 361 1571 488 1599; x_wconf 72' lang='lat' dir='ltr'>nonme</span> <span class='ocrx_word' id='word_1_162' title='bbox 518 1561 677 1610; x_wconf 77' lang='lat' dir='ltr'><em>quisque</em></span> <span class='ocrx_word' id='word_1_163' title='bbox 698 1561 848 1610; x_wconf 72' lang='lat' dir='ltr'><em>putat?</em></span> <span class='ocrx_word' id='word_1_164' title='bbox 905 1586 912 1594; x_wconf 84' lang='lat'>-</span> 
     </span>
    </p>
   </div>
   <div class='ocr_carea' id='block_1_8' title="bbox 295 1711 1751 2153">
    <p class='ocr_par' dir='ltr' id='par_1_9' title="bbox 295 1711 1751 2153">
     <span class='ocr_line' id='line_1_22' title="bbox 920 1711 1008 1756; baseline 0 -1"><span class='ocrx_word' id='word_1_165' title='bbox 920 1711 1008 1756; x_wconf 89' lang='lat'><em>555</em></span> 
     </span>
     <span class='ocr_line' id='line_1_23' title="bbox 387 1793 1497 1854; baseline -0.001 -14"><span class='ocrx_word' id='word_1_166' title='bbox 387 1796 580 1854; x_wconf 83' lang='grc' dir='ltr'><em>ὀχληρὸν</em></span> <span class='ocrx_word' id='word_1_167' title='bbox 611 1796 635 1841; x_wconf 88' lang='grc' dir='ltr'>ὁ</span> <span class='ocrx_word' id='word_1_168' title='bbox 667 1798 828 1854; x_wconf 87' lang='grc' dir='ltr'><em>χρόνος</em></span> <span class='ocrx_word' id='word_1_169' title='bbox 860 1796 883 1840; x_wconf 90' lang='grc' dir='ltr'>ὁ</span> <span class='ocrx_word' id='word_1_170' title='bbox 914 1796 1066 1847; x_wconf 86' lang='grc' dir='ltr'><em>πολύς.</em></span> <span class='ocrx_word' id='word_1_171' title='bbox 1129 1793 1164 1839; x_wconf 79' lang='grc' dir='ltr'><em>ὦ</em></span> <span class='ocrx_word' id='word_1_172' title='bbox 1195 1802 1334 1854; x_wconf 84' lang='grc' dir='ltr'><em>γῆρας</em></span> <span class='ocrx_word' id='word_1_173' title='bbox 1366 1797 1497 1853; x_wconf 87' lang='grc' dir='ltr'><em>βαρύ,</em></span> 
     </span>
     <span class='ocr_line' id='line_1_24' title="bbox 387 1865 1454 1926; baseline -0.001 -14"><span class='ocrx_word' id='word_1_174' title='bbox 387 1869 447 1920; x_wconf 82' lang='grc' dir='ltr'><em>ὡς</em></span> <span class='ocrx_word' id='word_1_175' title='bbox 478 1866 614 1912; x_wconf 72' lang='grc' dir='ltr'><em>οὐδὲν</em></span> <span class='ocrx_word' id='word_1_176' title='bbox 645 1868 838 1924; x_wconf 86' lang='grc' dir='ltr'><em>ἀγαθόν,</em></span> <span class='ocrx_word' id='word_1_177' title='bbox 871 1869 1064 1926; x_wconf 83' lang='grc' dir='ltr'><em>δυσχερῆ</em></span> <span class='ocrx_word' id='word_1_178' title='bbox 1099 1865 1147 1911; x_wconf 74' lang='grc' dir='ltr'><em>δὲ</em></span> <span class='ocrx_word' id='word_1_179' title='bbox 1178 1867 1303 1912; x_wconf 89' lang='grc' dir='ltr'><em>πόλλ’</em></span> <span class='ocrx_word' id='word_1_180' title='bbox 1342 1870 1454 1925; x_wconf 81' lang='grc' dir='ltr'><em>ἔχεις</em></span> 
     </span>
     <span class='ocr_line' id='line_1_25' title="bbox 386 1938 1419 1999; baseline 0 -15"><span class='ocrx_word' id='word_1_181' title='bbox 386 1948 480 1992; x_wconf 76' lang='grc' dir='ltr'><em>τοῖς</em></span> <span class='ocrx_word' id='word_1_182' title='bbox 513 1943 615 1993; x_wconf 83' lang='grc' dir='ltr'><em>ζῶσι</em></span> <span class='ocrx_word' id='word_1_183' title='bbox 645 1939 720 1984; x_wconf 84' lang='grc' dir='ltr'><em>καὶ</em></span> <span class='ocrx_word' id='word_1_184' title='bbox 751 1941 939 1999; x_wconf 91' lang='grc' dir='ltr'><em>λυπηρά.</em></span> <span class='ocrx_word' id='word_1_185' title='bbox 1000 1941 1161 1992; x_wconf 87' lang='grc' dir='ltr'><em>πάντες</em></span> <span class='ocrx_word' id='word_1_186' title='bbox 1193 1942 1256 1992; x_wconf 81' lang='grc' dir='ltr'><em>εἰς</em></span> <span class='ocrx_word' id='word_1_187' title='bbox 1288 1938 1336 1984; x_wconf 75' lang='grc' dir='ltr'><em>σὲ</em></span> <span class='ocrx_word' id='word_1_188' title='bbox 1369 1938 1419 1984; x_wconf 76' lang='grc' dir='ltr'><em>δὲ</em></span> 
     </span>
     <span class='ocr_line' id='line_1_26' title="bbox 387 2011 1403 2074; baseline 0 -18"><span class='ocrx_word' id='word_1_189' title='bbox 387 2012 540 2056; x_wconf 76' lang='grc' dir='ltr'><em>ἐλθεῖν</em></span> <span class='ocrx_word' id='word_1_190' title='bbox 571 2013 690 2070; x_wconf 82' lang='grc' dir='ltr'><em>ὅμως</em></span> <span class='ocrx_word' id='word_1_191' title='bbox 721 2012 944 2070; x_wconf 83' lang='grc' dir='ltr'><em>εὐχόμεθα</em></span> <span class='ocrx_word' id='word_1_192' title='bbox 975 2011 1050 2056; x_wconf 85' lang='grc' dir='ltr'><em>καὶ</em></span> <span class='ocrx_word' id='word_1_193' title='bbox 1081 2013 1403 2074; x_wconf 79' lang='grc' dir='ltr'><em>σπουδάζομεν.</em></span> 
     </span>
     <span class='ocr_line' id='line_1_27' title="bbox 295 2095 1751 2153; baseline -0.001 -13"><span class='ocrx_word' id='word_1_194' title='bbox 295 2101 494 2141; x_wconf 73' lang='lat' dir='ltr'>Stobaeus</span> <span class='ocrx_word' id='word_1_195' title='bbox 526 2101 665 2141; x_wconf 75' lang='lat' dir='ltr'><strong>Floril.</strong></span> <span class='ocrx_word' id='word_1_196' title='bbox 698 2103 796 2151; x_wconf 88' lang='grc'>116,</span> <span class='ocrx_word' id='word_1_197' title='bbox 829 2103 854 2141; x_wconf 90' lang='grc'>8</span> <span class='ocrx_word' id='word_1_198' title='bbox 899 2100 1149 2153; x_wconf 79' lang='grc' dir='ltr'><em>Μενάνδρου</em></span> <span class='ocrx_word' id='word_1_199' title='bbox 1176 2102 1223 2141; x_wconf 90' lang='lat' dir='ltr'><em>A.</em></span> <span class='ocrx_word' id='word_1_200' title='bbox 1302 2103 1337 2141; x_wconf 93' lang='lat'><em>1.</em></span> <span class='ocrx_word' id='word_1_201' title='bbox 1377 2095 1407 2140; x_wconf 83' lang='grc' dir='ltr'><em>ὦ</em></span> <span class='ocrx_word' id='word_1_202' title='bbox 1441 2098 1492 2151; x_wconf 94' lang='grc' dir='ltr'><em>Β]</em></span> <span class='ocrx_word' id='word_1_203' title='bbox 1531 2098 1585 2139; x_wconf 91' lang='grc' dir='ltr'><em>τὸ.</em></span> <span class='ocrx_word' id='word_1_204' title='bbox 1629 2097 1751 2151; x_wconf 84' lang='grc' dir='ltr'><em>βαρύ]</em></span> 
     </span>
    </p>
   </div>
   <div class='ocr_carea' id='block_1_9' title="bbox 174 2158 1758 2271">
    <p class='ocr_par' dir='ltr' id='par_1_10' title="bbox 174 2158 1758 2271">
     <span class='ocr_line' id='line_1_28' title="bbox 174 2158 1758 2214; baseline -0.001 -14"><span class='ocrx_word' id='word_1_205' title='bbox 174 2159 286 2213; x_wconf 80' lang='grc' dir='ltr'><em>βαθύ</em></span> <span class='ocrx_word' id='word_1_206' title='bbox 325 2161 444 2201; x_wconf 86' lang='lat' dir='ltr'>Mein.</span> <span class='ocrx_word' id='word_1_207' title='bbox 524 2163 557 2202; x_wconf 91' lang='lat'><em>3.</em></span> <span class='ocrx_word' id='word_1_208' title='bbox 599 2164 681 2209; x_wconf 89' lang='grc' dir='ltr'><em>τοῖς</em></span> <span class='ocrx_word' id='word_1_209' title='bbox 718 2159 827 2212; x_wconf 82' lang='grc' dir='ltr'><em>ζῶσι]</em></span> <span class='ocrx_word' id='word_1_210' title='bbox 868 2161 1085 2214; x_wconf 84' lang='grc' dir='ltr'><em>βροτοῖσι</em></span> <span class='ocrx_word' id='word_1_211' title='bbox 1116 2161 1164 2200; x_wconf 86' lang='grc' dir='ltr'><em>Κ.</em></span> <span class='ocrx_word' id='word_1_212' title='bbox 1226 2174 1320 2200; x_wconf 84' lang='lat' dir='ltr'><em>nam</em></span> <span class='ocrx_word' id='word_1_213' title='bbox 1357 2173 1520 2212; x_wconf 84' lang='lat' dir='ltr'>prorsus</span> <span class='ocrx_word' id='word_1_214' title='bbox 1559 2159 1678 2199; x_wconf 72' lang='lat' dir='ltr'>aliter</span> <span class='ocrx_word' id='word_1_215' title='bbox 1716 2158 1758 2198; x_wconf 81' lang='grc' dir='ltr'><em>οἱ</em></span> 
     </span>
     <span class='ocr_line' id='line_1_29' title="bbox 175 2219 1251 2271; baseline 0.001 -11"><span class='ocrx_word' id='word_1_216' title='bbox 175 2221 314 2270; x_wconf 81' lang='grc' dir='ltr'><em>ζῶντες</em></span> <span class='ocrx_word' id='word_1_217' title='bbox 345 2222 387 2260; x_wconf 75' lang='lat' dir='ltr'><em>et</em></span> <span class='ocrx_word' id='word_1_218' title='bbox 416 2219 485 2261; x_wconf 87' lang='grc' dir='ltr'><em>τὸν</em></span> <span class='ocrx_word' id='word_1_219' title='bbox 517 2221 642 2269; x_wconf 80' lang='grc' dir='ltr'><em>ζῶντα</em></span> <span class='ocrx_word' id='word_1_220' title='bbox 673 2221 844 2261; x_wconf 88' lang='lat' dir='ltr'><strong>Philem.</strong></span> <span class='ocrx_word' id='word_1_221' title='bbox 879 2224 945 2271; x_wconf 82' lang='lat'><em>71,</em></span> <span class='ocrx_word' id='word_1_222' title='bbox 982 2223 1047 2261; x_wconf 83' lang='lat'><em>12.</em></span> <span class='ocrx_word' id='word_1_223' title='bbox 1082 2223 1179 2271; x_wconf 87' lang='grc'><em>133,</em></span> <span class='ocrx_word' id='word_1_224' title='bbox 1213 2224 1251 2261; x_wconf 89' lang='lat'><em>3.</em></span> 
     </span>
    </p>
   </div>
   <div class='ocr_carea' id='block_1_10' title="bbox 179 2399 1756 2898">
    <p class='ocr_par' dir='ltr' id='par_1_11' title="bbox 179 2399 1756 2898">
     <span class='ocr_line' id='line_1_30' title="bbox 924 2399 1010 2442; baseline 0 0"><span class='ocrx_word' id='word_1_225' title='bbox 924 2399 1010 2442; x_wconf 79' lang='lat'><em>556</em></span> 
     </span>
     <span class='ocr_line' id='line_1_31' title="bbox 392 2480 1391 2541; baseline -0.002 -16"><span class='ocrx_word' id='word_1_226' title='bbox 392 2480 534 2537; x_wconf 81' lang='grc' dir='ltr'><em>ἔνεγκ’</em></span> <span class='ocrx_word' id='word_1_227' title='bbox 571 2482 757 2541; x_wconf 84' lang='grc' dir='ltr'><em>ἀτυχίαν</em></span> <span class='ocrx_word' id='word_1_228' title='bbox 787 2481 861 2526; x_wconf 85' lang='grc' dir='ltr'><em>καὶ</em></span> <span class='ocrx_word' id='word_1_229' title='bbox 892 2483 1065 2538; x_wconf 86' lang='grc' dir='ltr'><em>βλάβην</em></span> <span class='ocrx_word' id='word_1_230' title='bbox 1096 2482 1391 2538; x_wconf 84' lang='grc' dir='ltr'><em>εὐσχημόνως.</em></span> 
     </span>
     <span class='ocr_line' id='line_1_32' title="bbox 391 2552 1455 2612; baseline -0.002 -15"><span class='ocrx_word' id='word_1_231' title='bbox 391 2552 511 2597; x_wconf 86' lang='grc' dir='ltr'><em>τοῦτ’</em></span> <span class='ocrx_word' id='word_1_232' title='bbox 548 2556 669 2597; x_wconf 85' lang='grc' dir='ltr'><em>ἔστιν</em></span> <span class='ocrx_word' id='word_1_233' title='bbox 701 2554 865 2612; x_wconf 82' lang='grc' dir='ltr'><em>ἀνδρὸς</em></span> <span class='ocrx_word' id='word_1_234' title='bbox 894 2560 1008 2597; x_wconf 86' lang='grc' dir='ltr'><em>νοῦν</em></span> <span class='ocrx_word' id='word_1_235' title='bbox 1039 2556 1231 2610; x_wconf 82' lang='grc' dir='ltr'><em>ἔχοντος,</em></span> <span class='ocrx_word' id='word_1_236' title='bbox 1264 2553 1347 2596; x_wconf 88' lang='grc' dir='ltr'><em>οὐκ</em></span> <span class='ocrx_word' id='word_1_237' title='bbox 1378 2552 1455 2595; x_wconf 84' lang='grc' dir='ltr'><em>ἐὰν</em></span> 
     </span>
     <span class='ocr_line' id='line_1_33' title="bbox 393 2626 1335 2683; baseline -0.002 -14"><span class='ocrx_word' id='word_1_238' title='bbox 393 2626 651 2677; x_wconf 81' lang='grc' dir='ltr'><em>ἀνασπάσας</em></span> <span class='ocrx_word' id='word_1_239' title='bbox 679 2642 747 2678; x_wconf 80' lang='grc' dir='ltr'><em>τις</em></span> <span class='ocrx_word' id='word_1_240' title='bbox 777 2627 854 2678; x_wconf 81' lang='grc' dir='ltr'><em>τὰς</em></span> <span class='ocrx_word' id='word_1_241' title='bbox 885 2626 1029 2683; x_wconf 89' lang='grc' dir='ltr'><em>ὀφρῦς</em></span> <span class='ocrx_word' id='word_1_242' title='bbox 1061 2630 1181 2681; x_wconf 75' lang='grc' dir='ltr'><em>οἴμοι</em></span> <span class='ocrx_word' id='word_1_243' title='bbox 1213 2628 1335 2681; x_wconf 78' lang='grc' dir='ltr'><em>λαλῇ,</em></span> 
     </span>
     <span class='ocr_line' id='line_1_34' title="bbox 393 2694 1578 2754; baseline -0.003 -13"><span class='ocrx_word' id='word_1_244' title='bbox 393 2696 487 2741; x_wconf 86' lang='grc' dir='ltr'><em>ἀλλ’</em></span> <span class='ocrx_word' id='word_1_245' title='bbox 525 2697 573 2750; x_wconf 80' lang='grc' dir='ltr'><em>ὃς</em></span> <span class='ocrx_word' id='word_1_246' title='bbox 603 2698 656 2741; x_wconf 87' lang='grc' dir='ltr'><em>τά</em></span> <span class='ocrx_word' id='word_1_247' title='bbox 687 2697 728 2754; x_wconf 91' lang='grc' dir='ltr'><em>γ’</em></span> <span class='ocrx_word' id='word_1_248' title='bbox 765 2698 905 2742; x_wconf 86' lang='grc' dir='ltr'><em>αὑτοῦ</em></span> <span class='ocrx_word' id='word_1_249' title='bbox 936 2694 1152 2754; x_wconf 78' lang='grc' dir='ltr'><em>πράγματ’</em></span> <span class='ocrx_word' id='word_1_250' title='bbox 1189 2697 1408 2753; x_wconf 80' lang='grc' dir='ltr'><em>ἐγκρατῶς</em></span> <span class='ocrx_word' id='word_1_251' title='bbox 1439 2694 1578 2752; x_wconf 80' lang='grc' dir='ltr'><em>φέρει.</em></span> 
     </span>
     <span class='ocr_line' id='line_1_35' title="bbox 299 2781 1753 2838; baseline -0.003 -13"><span class='ocrx_word' id='word_1_252' title='bbox 299 2785 497 2826; x_wconf 74' lang='lat' dir='ltr'>Stobaeus</span> <span class='ocrx_word' id='word_1_253' title='bbox 529 2786 666 2826; x_wconf 87' lang='lat' dir='ltr'><strong>Floril.</strong></span> <span class='ocrx_word' id='word_1_254' title='bbox 701 2787 798 2838; x_wconf 88' lang='lat'>108,</span> <span class='ocrx_word' id='word_1_255' title='bbox 830 2788 883 2826; x_wconf 89' lang='lat'><em>31</em></span> <span class='ocrx_word' id='word_1_256' title='bbox 926 2785 1174 2838; x_wconf 88' lang='grc' dir='ltr'><em>Μενάνδρου</em></span> <span class='ocrx_word' id='word_1_257' title='bbox 1207 2784 1255 2822; x_wconf 88' lang='grc' dir='ltr'><em>Α.</em></span> <span class='ocrx_word' id='word_1_258' title='bbox 1315 2786 1352 2823; x_wconf 90' lang='grc'><em>2.</em></span> <span class='ocrx_word' id='word_1_259' title='bbox 1385 2781 1460 2823; x_wconf 79' lang='grc' dir='ltr'><em>οὐκ</em></span> <span class='ocrx_word' id='word_1_260' title='bbox 1492 2781 1561 2822; x_wconf 79' lang='grc' dir='ltr'><em>ἐὰν</em></span> <span class='ocrx_word' id='word_1_261' title='bbox 1585 2805 1635 2810; x_wconf 92' lang='grc'><strong>-</strong></span> <span class='ocrx_word' id='word_1_262' title='bbox 1658 2785 1753 2838; x_wconf 78' lang='grc' dir='ltr'><em>λαλῇ</em></span> 
     </span>
     <span class='ocr_line' id='line_1_36' title="bbox 179 2841 1756 2898; baseline -0.003 -13"><span class='ocrx_word' id='word_1_263' title='bbox 179 2844 317 2897; x_wconf 69' lang='lat' dir='ltr'>Mein]</span> <span class='ocrx_word' id='word_1_264' title='bbox 352 2843 428 2885; x_wconf 76' lang='grc' dir='ltr'><em>οὐκ</em></span> <span class='ocrx_word' id='word_1_265' title='bbox 454 2842 538 2885; x_wconf 74' lang='grc' dir='ltr'><em>ἅνω</em></span> <span class='ocrx_word' id='word_1_266' title='bbox 562 2866 613 2873; x_wconf 91' lang='grc'>-</span> <span class='ocrx_word' id='word_1_267' title='bbox 636 2847 754 2886; x_wconf 88' lang='grc' dir='ltr'><em>λαλεῖ.</em></span> <span class='ocrx_word' id='word_1_268' title='bbox 792 2844 866 2898; x_wconf 83' lang='grc' dir='ltr'><em>οὐχ</em></span> <span class='ocrx_word' id='word_1_269' title='bbox 896 2842 941 2893; x_wconf 82' lang='grc' dir='ltr'><em>ὃς</em></span> <span class='ocrx_word' id='word_1_270' title='bbox 972 2843 1023 2884; x_wconf 74' lang='grc' dir='ltr'><em>ἂν</em></span> <span class='ocrx_word' id='word_1_271' title='bbox 1048 2845 1093 2885; x_wconf 91' lang='grc' dir='ltr'><em>Β.</em></span> <span class='ocrx_word' id='word_1_272' title='bbox 1163 2846 1199 2884; x_wconf 90' lang='lat'><em>3.</em></span> <span class='ocrx_word' id='word_1_273' title='bbox 1233 2841 1517 2883; x_wconf 85' lang='grc' dir='ltr'><em>ἀνασπάσαντα</em></span> <span class='ocrx_word' id='word_1_274' title='bbox 1543 2864 1597 2870; x_wconf 87' lang='lat'><em>-</em></span> <span class='ocrx_word' id='word_1_275' title='bbox 1625 2845 1756 2882; x_wconf 85' lang='grc' dir='ltr'><em>λαλεῖν</em></span> 
     </span>
    </p>
   </div>
   <div class='ocr_carea' id='block_1_11' title="bbox 179 2898 1753 3006">
    <p class='ocr_par' dir='ltr' id='par_1_12' title="bbox 179 2898 1753 3006">
     <span class='ocr_line' id='line_1_37' title="bbox 180 2898 1753 2957; baseline -0.001 -13"><span class='ocrx_word' id='word_1_276' title='bbox 180 2905 230 2946; x_wconf 90' lang='lat' dir='ltr'><em>H.</em></span> <span class='ocrx_word' id='word_1_277' title='bbox 262 2905 503 2956; x_wconf 76' lang='lat' dir='ltr'><strong>Stephanus.</strong></span> <span class='ocrx_word' id='word_1_278' title='bbox 553 2904 660 2957; x_wconf 82' lang='grc' dir='ltr'><em>οἴμοι</em></span> <span class='ocrx_word' id='word_1_279' title='bbox 691 2904 826 2957; x_wconf 69' lang='lat' dir='ltr'>Gesn]</span> <span class='ocrx_word' id='word_1_280' title='bbox 860 2905 896 2945; x_wconf 86' lang='grc' dir='ltr'><em>εἰ</em></span> <span class='ocrx_word' id='word_1_281' title='bbox 925 2903 991 2957; x_wconf 78' lang='grc' dir='ltr'><em>μὴ.</em></span> <span class='ocrx_word' id='word_1_282' title='bbox 1027 2902 1113 2956; x_wconf 81' lang='grc' dir='ltr'><em>ἐμοὶ</em></span> <span class='ocrx_word' id='word_1_283' title='bbox 1143 2905 1188 2943; x_wconf 93' lang='grc' dir='ltr'><em>Β.</em></span> <span class='ocrx_word' id='word_1_284' title='bbox 1252 2906 1290 2943; x_wconf 88' lang='grc'><em>4.</em></span> <span class='ocrx_word' id='word_1_285' title='bbox 1322 2902 1369 2942; x_wconf 89' lang='grc' dir='ltr'><em>τά</em></span> <span class='ocrx_word' id='word_1_286' title='bbox 1399 2898 1436 2957; x_wconf 90' lang='grc' dir='ltr'><em>γ’</em></span> <span class='ocrx_word' id='word_1_287' title='bbox 1473 2900 1597 2943; x_wconf 81' lang='grc' dir='ltr'><em>αὑτοῦ</em></span> <span class='ocrx_word' id='word_1_288' title='bbox 1616 2901 1753 2954; x_wconf 72' lang='lat' dir='ltr'>Mein]</span> 
     </span>
     <span class='ocr_line' id='line_1_38' title="bbox 179 2963 393 3006; baseline 0.005 -2"><span class='ocrx_word' id='word_1_289' title='bbox 179 2963 226 3004; x_wconf 78' lang='grc' dir='ltr'><em>τὰ</em></span> <span class='ocrx_word' id='word_1_290' title='bbox 257 2963 393 3006; x_wconf 78' lang='grc' dir='ltr'><em>αὐτοῦ.</em></span> 
     </span>
    </p>
   </div>
  </div>
 </body>
</html>
