2014 3334
275 243 363 285 256
613 265 616 269 ,
918 243 1217 279 MENANAPOT

280 358 375 406 191,
410 356 475 394 25.
533 355 705 406 Hesych.
741 355 952 407 Κυρράνη·
995 353 1122 406 ὄνομα
1158 355 1385 408 γυναικείας
1421 358 1533 394 θεοῦ.
1591 355 1640 394 ef.
1676 355 1846 394 Lobeok.

274 415 474 466 Aglaoph.
509 416 594 454 630
625 428 662 453 n.
693 415 733 453 k.

1008 507 1120 549 1027

565 567 771 621 λεβήτιον

397 652 570 691 Cramer.
602 652 751 691 Anecd.
783 650 853 690 Ox.
887 652 968 690 IIII
1005 654 1103 703 273,
1137 655 1160 691 9
1200 652 1346 704 γίνεται
1383 650 1428 690 τὰ
1464 650 1757 703 ὑποκορίσματα

277 709 329 751 δι’
377 710 682 765 ἀναγκαιότητα,
717 709 779 758 ὡς
822 709 891 750 ἐὰν
929 708 950 749 ὃ
991 711 1076 766 αἰτῇ
1114 726 1170 758 τις
1209 711 1423 766 σμικρύνῃ,
1468 710 1533 749 ἳνα
1577 709 1630 762 μὴ
1675 710 1846 763 μεγάλην

275 771 423 826 ποιήσῃ
460 770 534 822 τὴν
572 771 702 823 χάριν·
742 770 772 826 ᾡ
810 768 1015 822 κέχρηνται
1047 770 1089 810 οἰ
1115 771 1293 822 κωμικοί,
1331 769 1384 818 ὡς
1415 769 1490 822 ἔχει
1521 769 1562 809 τὸ
1594 769 1699 822 παρὰ
1732 772 1847 809 Μει-

277 831 410 886 άνὸρῳ
442 830 634 883 λεβήτιον.
696 832 746 869 ad
779 829 987 870 Δύσκολον
1019 832 1144 869 refert
1175 831 1423 870 Duebnerus.

1011 959 1122 1002 1028

565 1016 724 1074 λῄδιον

395 1103 437 1143 τὸ
469 1103 692 1157 τριβώνιον.
733 1102 987 1156 Μένανδρος.
1031 1104 1205 1154 Etymol.
1237 1118 1288 1142 m.
1316 1106 1398 1143 949
1433 1105 1517 1143 cod.
1549 1104 1678 1143 Havn.
1711 1105 1848 1143 Bloch.

276 1165 448 1215 Hesych.
481 1159 621 1219 λῄδιον
659 1167 699 1203 ot
733 1164 899 1215 λήίὸιον.
950 1164 1136 1202 Eustath.
1172 1166 1283 1202 1147
1326 1164 1413 1202 init.
1444 1163 1658 1202 Herodian.
1692 1165 1789 1215 542,
1826 1167 1844 1202 1

278 1238 366 1263 cum
393 1225 450 1262 eis
478 1237 578 1275 quae
599 1224 787 1263 Lentzius
818 1224 1038 1263 adnotavit.
1088 1222 1278 1278 λῃδάριον
1311 1225 1372 1262 ost
1391 1223 1514 1262 Arist.
1537 1223 1609 1262 Av.
1634 1225 1730 1263 715.
1752 1225 1848 1262 915.

1010 1351 1121 1394 1029

563 1412 791 1467 λήθαργος

397 1496 499 1536 οὕτω
521 1495 772 1549 Μένανδρος.
824 1497 866 1536 οἱ
894 1494 930 1535 δ’
966 1496 1118 1549 ἀρχαῖοι
1139 1493 1348 1548 Ἀθηναῖοι
1382 1495 1623 1547 ἐπιλήσμονα
1647 1500 1848 1537 καλοῦσιν.

277 1557 492 1608 Phrymeh.
525 1558 631 1608 Epit.
665 1559 765 1595 416.
816 1558 864 1595 of.
895 1557 944 1596 fr.
980 1559 1104 1596 1007.
1138 1557 1312 1596 Thomas
1343 1557 1448 1607 Mag.
1474 1559 1570 1606 222,
1606 1560 1656 1595 11
1688 1553 1850 1596 Ἀττικοὶ

277 1614 349 1668 μὲν
387 1617 462 1656 οὑν
499 1615 705 1670 λήθαργον
742 1615 819 1655 ἐπὶ
855 1622 953 1671 τῆς
971 1615 1119 1655 νόσου
1157 1616 1282 1667 φασίν
1314 1648 1321 1655 .
1355 1646 1363 1654 .
1397 1614 1679 1668 ,Μένανδρος
1711 1614 1753 1655 δὲ
1783 1615 1850 1656 καὶ

277 1675 356 1715 τὸν
387 1681 626 1715 νοσοῦντα
656 1675 864 1730 ληθαργον
895 1664 1004 1729 λέγει.

1010 1803 1124 1845 1030

563 1875 969 1931 λῃστοσαλπιγκτάς

397 1978 505 2009 τινας
526 1960 769 2014 Μένανδρος
788 1964 907 2000 καλεῖ.
947 1962 1089 1999 Pollux
1109 1963 1148 2012 4,
1170 1963 1238 2000 87.
1283 1961 1450 1999 Photius
1475 1961 1846 2016 λῃστοσαλπιγκτάς·

278 2021 371 2069 τοὺς
407 2021 656 2074 Τυρρηνούς,
698 2020 777 2060 ἀπὸ
814 2020 987 2059 Πισαίου
1025 2026 1095 2059 τοῦ
1134 2019 1328 2073 εὑρόντος.
1377 2021 1600 2071 Hesychius
1638 2021 1848 2075 λῃστοσάλ-

277 2092 428 2134 πιγγες·
473 2081 515 2121 οἵ
552 2080 769 2133 Τυρρηνοί,
813 2078 946 2130 ἐπειδὴ
994 2086 1141 2132 πρῶτοι
1184 2079 1394 2132 σάλπιγγος
1437 2078 1588 2131 εὑρεταὶ
1629 2079 1848 2133 γεγόνασιν.

278 2143 326 2180 of.
359 2142 532 2181 Lobeok.
564 2141 739 2191 Paralip.
774 2142 870 2179 131.

1008 2233 1118 2275 1031

564 2292 766 2348 μάγαρον

398 2378 447 2418 οὐ
479 2377 669 2431 μέγαρον,
707 2378 762 2425 εἰς
792 2374 814 2416 ὃ
846 2376 892 2416 τὰ
923 2376 1089 2428 μυστικὰ
1128 2376 1213 2429 ἱερὰ
1244 2376 1526 2416 κατατίθενται.
1577 2377 1701 2424 οὕτως
1732 2375 1846 2416 Μέν-

280 2439 436 2490 ανδρος.
498 2439 666 2477 Photius
709 2442 748 2476 et
786 2438 925 2476 Aelius
957 2437 1174 2488 Dionysius
1211 2437 1394 2475 Eustath.
1437 2438 1567 2483 1387,
1610 2439 1674 2476 18.
1738 2433 1848 2476 ‘sunt

279 2502 415 2538 autem
447 2498 602 2551 μάγαρα
628 2498 889 2536 subterranea
914 2498 1156 2547 templorum
1174 2497 1409 2546 penetralia,
1440 2497 1480 2534 in
1507 2497 1651 2546 quibus
1677 2497 1848 2548 mystica

281 2558 436 2597 Cereris
468 2557 634 2609 χθονίας
665 2570 779 2596 sacra
810 2552 1109 2596 condebantur?
1159 2556 1276 2595 Mein.
1313 2558 1348 2594 1.

1008 2684 1123 2726 1032

565 2745 806 2799 μακαρίτας

399 2829 490 2877 τοὺς
522 2829 773 2881 τεθνηκότας.
825 2829 950 2877 οὕτως
980 2827 1233 2882 Μένανδρος.
1271 2830 1451 2870 Photius.
1491 2831 1540 2869 cf.
1565 2830 1770 2880 Aristoph.
1796 2830 1845 2868 fr.

281 2892 380 2941 488,
414 2893 479 2929 10.
