2014 3334
0 403 12 487 ,ἓ

0 873 3 879 ²
0 843 4 854 ⁷*
0 643 12 824 ·“·“’ν.“·ε’“-’τ
10 572 15 575 ,

753 247 920 283 ΑΔΗΑΑ
948 246 1210 282 onom-mm:
1676 242 1764 286 589

922 356 1035 400 1092

474 416 519 468 ἐς
551 416 709 472 ὀλβίαν

308 491 476 532 Photius
508 489 562 539 ὡς
592 489 632 540 ἐς
663 490 871 543 μακαρίαν.
923 489 965 530 τὸ
998 489 1053 538 εἰς
1083 486 1198 546 ᾅδου.

919 607 1033 651 1093

411 678 428 692 ‘
473 666 771 723 ὀλεκρανίζειν

309 753 455 794 Pollux
489 756 532 805 2,
568 756 654 795 140
690 752 733 794 τὸ
772 752 923 803 ἔξωθεν
962 749 1052 803 (τοῦ
1083 747 1281 807 ἀγκῶνος)
1319 750 1496 806 προῦχον
1527 749 1766 804 ὠλέκρανον,

187 809 264 865 ἀφ’
303 808 352 854 οὗ
382 811 450 854 καὶ
479 811 522 853 τὸ
553 810 826 866 ὠλεκρανίζειν
855 811 1074 864 παρὰτοῖς
1103 815 1301 864 κωμικοῖς.
1358 809 1482 864 ὀλεκρ.
1513 812 1632 852 Mein.
1664 811 1765 851 conl.

193 873 364 913 Bekker.
395 873 544 913 Anecd.
583 875 659 925 56,
701 874 755 913 17
808 870 1145 925 ὀλεκρανίζεσθαι·
1197 871 1239 912 τὸ
1282 875 1363 919 τοῖς
1406 869 1633 924 ὀλεκράνοις
1674 870 1766 911 παί-

191 935 320 973 εσθαι.
370 929 563 985 ὄλέκρανα
600 930 642 972 δὲ
678 931 725 972 τὰ
763 930 864 985 ἄκρα
900 938 979 972 τῶν
1017 930 1222 986 ἀγκώνων.
1271 931 1481 971 Helladius
1513 931 1630 972 Phot.
1662 930 1769 971 Bibl.

192 994 291 1044 533,
324 994 378 1032 28
411 990 478 1032 καὶ
507 990 575 1032 τὸν
607 989 679 1032 ὠλε
711 1024 717 1031 .
753 1022 762 1032 .
795 1022 804 1031 .
835 990 1127 1045 προφέρουσιν·
1165 988 1191 1043 ’ἡ
1225 988 1268 1031 δὲ
1300 990 1496 1043 συνήθεια
1529 989 1594 1030 διὰ
1625 996 1695 1030 τοῦ
1727 992 1765 1029 ἆ.

190 1047 271 1092 εκαὶ
307 1050 349 1091 τὸ
390 1048 641 1107 ὠλέ(κρανον
679 1050 745 1092 διὰ
782 1057 852 1092 τοῦ
892 1046 944 1106 ὦ)
981 1049 1264 1104 προφέρουσιν.
1325 1048 1351 1103 ἡ
1384 1048 1427 1090 δὲ
1465 1050 1662 1102 συνήθεια
1701 1048 1766 1089 διὰ

189 1116 260 1151 τοῦ
292 1108 342 1151 6?
374 1112 493 1152 Mein.
544 1125 589 1152 ac
622 1125 865 1163 quamquam
896 1109 1119 1164 ὠλέκρανον
1150 1111 1374 1151 Lobeckius
1406 1110 1586 1150 defendit
1618 1110 1765 1162 Phryn.

193 1173 276 1212 671
300 1167 366 1225 (ex
385 1167 694 1225 ὦλενόκρανον),
721 1171 880 1212 conficii:
898 1185 983 1211 rem
1009 1171 1135 1211 Arist.
1154 1171 1243 1211 Pac.
1266 1172 1351 1210 443
1373 1168 1415 1210 ἐκ
1434 1176 1512 1210 τῶν
1532 1167 1767 1222 ὀλεκράνων.

923 1287 1038 1330 1094

477 1357 783 1415 ὀλισβοκόλλιξ

313 1421 539 1472 Hesychius
582 1419 690 1474 παρὰ
732 1420 774 1460 τὸ
818 1418 1088 1473 ἕτοιμοκόλλιξ.
1140 1418 1406 1473 ὀλισβοκόλλιξ
1445 1423 1516 1461 aut
1552 1420 1665 1472 penis
1706 1422 1769 1460 est

192 1481 286 1533 pani
318 1481 479 1536 similis,
517 1484 590 1521 aut.
625 1481 740 1532 panis
782 1481 833 1520 ad
868 1482 982 1531 p'enis
1025 1481 1331 1520 similitudinem
1363 1481 1573 1520 formatus.
1634 1482 1769 1531 potest

192 1554 320 1582 novae
350 1554 432 1581 non
470 1541 601 1581 minus
638 1554 759 1592 quam
798 1541 989 1592 antiquae
1027 1553 1126 1580 esse.
1176 1538 1437 1592 ἕτοιμοκόλλιξ
1468 1540 1668 1579 Meinekio
1707 1542 1769 1579 est.

192 1600 311 1641 homo
349 1601 400 1641 ad
435 1613 560 1652 panes
598 1601 802 1641 donandos
839 1604 1025 1652 paratus,
1063 1601 1101 1640 h.
1128 1614 1159 1640 e.
1198 1596 1282 1652 ‘qui
1315 1600 1485 1639 aliorum
1516 1600 1766 1640 voluntatem

193 1660 365 1711 panibus
397 1660 661 1714 suggerendis
693 1660 770 1700 sibi
801 1655 1059 1700 conciliaret'.
1103 1660 1203 1699 mihi
1233 1673 1313 1699 non
1343 1660 1481 1710 liquet.

925 1776 1039 1819 1095

479 1835 760 1892 ὀρθοπυγιᾶν

312 1922 539 1973 Hesychius
579 1921 673 1962 ὅταν
709 1920 812 1975 γυνὴ
851 1919 997 1973 ἑαυτὴν
1036 1920 1176 1976 ἔπαίρῃ
1214 1920 1313 1974 πρὸς
1350 1921 1391 1960 τὸ
1423 1919 1642 1975 μακροτέρα
1673 1922 1767 1971 φαί-

193 1985 346 2021 νεσθαι.
395 1979 593 2036 ὀρθοπυγ.
625 1980 789 2034 Scalig]
822 1979 1019 2034 ὀρθοπηγ.
1050 1982 1150 2021 cod.⁴

1213 2074 1233 2099 ι

926 2098 1039 2141 1096

479 2157 762 2214 ὀρθοσταδόν

311 2230 354 2271 τὸ
385 2229 513 2284 ὀρθὸν
544 2230 853 2284 ἀφροδισιάζειν.
884 2232 1122 2283 Hesychius.
1155 2229 1450 2283 ἀφροδισιάζειν
1483 2233 1600 2271 Mein.
1623 2232 1765 2271 Philol.

192 2291 267 2330 XII
302 2290 405 2343 616]
439 2290 544 2344 ἀφρό
577 2305 774 2343 superscr.
806 2292 830 2331 δ
861 2292 946 2331 cod.
1009 2292 1127 2331 aliter
1158 2292 1341 2342 Apollon.
1379 2292 1505 2331 Rhod.
1536 2294 1574 2342 4,
1611 2294 1735 2331 1424.

923 2408 1035 2451 1097

477 2468 717 2524 παιδότριψ

311 2541 526 2581 Herodian.
539 2542 558 2581 1
574 2544 673 2595 246,
688 2543 742 2582 25
763 2541 975 2594 βαρύνεται
995 2540 1222 2593 σκευότριψ,
1241 2540 1468 2593 παιδότριψ.
1492 2542 1766 2582 Βηοὶαιι.Τίω.

198 2602 252 2640 14
284 2614 376 2640 cum
413 2601 618 2641 Dindorfio
656 2602 910 2641 scribendum
949 2603 1010 2641 est
1039 2599 1253 2653 πεδότριψ,
1289 2614 1368 2640 non
1399 2600 1625 2655 παιδότριψ.
1674 2615 1765 2640 παι-

194 2658 335 2712 δότριψ
372 2663 506 2700 autem
544 2674 625 2701 non
661 2664 722 2701 est
757 2660 1037 2714 παιδοτρίβης,
1076 2661 1146 2700 sed
1170 2662 1408 2710 paedicator.
1471 2662 1519 2700 cf.
1551 2659 1766 2713 χοιρότριψ,

192 2719 424 2772 πορνότριψ.

926 2800 1038 2843 1098

479 2860 811 2915 παλίγγλωττον

312 2933 455 2973 Pollux
477 2935 514 2985 2,
538 2936 619 2974 109
651 2934 947 2988 παλίγγλωσσον
966 2933 1034 2973 τὸν
1054 2933 1268 2986 δύσφημον
1296 2931 1358 2989 (οἵ
1372 2934 1569 2988 κωμικοί).
1602 2937 1650 2975 cf.
1666 2938 1765 2975 882.
