2014 3334
233 259 321 301 432
617 276 620 279 ,
889 259 1151 292 ΑΔΕΣΠΟΤΑ

975 367 1059 409 124

881 448 923 506 (ὁ
957 448 1163 506 κουρεύς)

447 526 702 577 πανοῦργος
732 517 789 574 ’ἦν
820 519 893 562 καὶ
925 522 1093 571 σκαιός·
1138 521 1272 563 ἔλαθε
1302 527 1433 563 τοῦτο
1464 521 1549 576 γὰρ

449 599 591 634 ποιῶν
621 591 740 648 παρὰ
772 590 904 647 μέρος
934 592 1017 635 κού
1047 591 1156 634 κατὰ
1186 591 1328 647 πάσης
1357 597 1434 646 τῆς
1463 592 1656 646 γνάθου,

450 661 523 706 καὶ
554 665 778 718 πολλαχοῦ
811 663 1006 717 δασεῖαν,
1041 661 1234 718 ἀλλαχοῦ
1267 659 1315 704 δὲ
1345 661 1418 705 καὶ

453 735 576 777 λείαν
606 733 809 777 κατέλιπε
839 734 920 788 τὴν
953 734 1138 788 σιαγόνα
1200 766 1209 775 .
1270 765 1280 776 .
1341 766 1351 775 .

358 821 578 872 Alciphron
605 823 646 871 3,
675 823 741 860 66.
806 823 843 859 1.
873 819 947 873 γὰρ
967 825 1079 860 τοῦτο
1101 815 1162 874 (τὸ
1181 815 1354 874 κείρειν).
1417 822 1453 861 2.
1484 818 1591 873 παρὰ
1611 835 1649 871 μ.
1668 825 1806 859 ποιῶν.

244 883 280 920 3.
314 879 408 919 ὥστε
439 879 741 932 ὑπολειφθῆναί
768 894 835 931 μοι
865 894 905 919 π.
937 877 1008 931 μὲν
1042 880 1141 930 δασ.,
1171 881 1370 931 πολλαχοῦ
1402 877 1444 919 δὲ
1475 879 1583 919 λείαν
1614 882 1691 920 κτλ.

987 995 1070 1037 125

452 1077 541 1133 ε’μέ,
573 1080 815 1134 Νικόμαχε,
846 1078 955 1133 πρὸς
985 1077 1064 1119 τὸν
1096 1078 1367 1133 στρατιώτην
1396 1077 1567 1129 τάξατε·

453 1148 509 1191 ἄν
540 1149 598 1205 μὴ
631 1151 800 1204 ποιήσω
831 1147 1002 1191 πέπονα
1034 1155 1259 1204 μαστιγῶν
1291 1149 1411 1203 ὅλον,

453 1219 509 1263 ἂν
541 1221 599 1276 μὴ
631 1222 802 1276 ποιήσω
834 1225 1048 1274 σπογγιᾶς
1078 1220 1387 1275 μαλακώτερον

452 1292 501 1334 τὸ
533 1293 773 1349 πρόσωπον
805 1317 859 1322 —-

360 1378 601 1417 Plutarchus
632 1379 731 1418 Mor.
767 1380 851 1418 62e
896 1377 961 1417 δεῖ
983 1383 1139 1429 πρῶτον
1176 1376 1220 1417 ἐν
1250 1381 1334 1425 ταῖς
1367 1376 1613 1431 ἐπαγγελίαις
1644 1380 1805 1418 σκοπεῖν

239 1435 312 1488 τὴν
344 1437 555 1489 διαφοράν.
606 1432 650 1476 εὗ
682 1436 757 1491 γὰρ
789 1437 937 1489 εἴρηται
962 1435 1028 1475 καὶ
1058 1440 1139 1484 τοῖς
1164 1435 1239 1490 πρὸ
1271 1434 1385 1488 ἡμῶν
1410 1437 1529 1487 φίλου
1555 1434 1626 1489 μὲν
1651 1435 1806 1489 ἐκείνην

241 1492 342 1535 εἶναι
371 1494 444 1547 τὴν
468 1495 719 1549 ἐπαγγελίαν·
752 1493 803 1535 ‘a’
827 1495 1000 1547 δύναμαι
1018 1494 1165 1535 τελέσαι
1189 1511 1231 1549 γε
1255 1494 1323 1535 καὶ
1348 1496 1383 1535 εἰ
1405 1495 1671 1548 τετελεσμένον
1702 1493 1806 1536 ἐστί’

241 1555 407 1602 κόλακος
439 1554 482 1594 δὲ
512 1555 674 1607 ταύτην·
708 1552 828 1595 εαῦδα
853 1554 875 1594 ὅ
899 1569 934 1594 τι
965 1551 1172 1607 φρονέεις’.
1221 1554 1286 1594 καὶ
1315 1554 1390 1608 γὰρ
1415 1555 1457 1595 οἷ
1483 1554 1648 1607 κωμικοὶ
1676 1555 1806 1596 τοιού-

239 1630 332 1662 τους
352 1614 578 1668 εἰσάγουσιν
598 1618 675 1655 κτλ.
738 1618 775 1654 2.
808 1612 875 1665 ἂν]
903 1615 1073 1654 fortasse
1098 1612 1198 1654 κᾶν.
1231 1615 1342 1654 deest
1361 1616 1557 1665 apodosis.
1595 1629 1675 1655 non
1698 1619 1806 1655 recte

241 1675 415 1726 Madvig.
429 1675 598 1714 Advers.
618 1675 705 1714 crit.
724 1674 745 1713 I
767 1676 849 1714 616
871 1674 1057 1727 μαστίγου
1077 1670 1117 1724 μ’
1141 1673 1244 1713 ὅλον.
1269 1675 1475 1713 Menandri
1495 1687 1581 1714 esse
1600 1676 1806 1726 probabile

241 1735 319 1784 est,
357 1747 377 1772 e
411 1734 546 1773 Colace
576 1736 781 1783 excerptos
812 1731 1152 1784 Wyttenbachius
1183 1733 1449 1773 existimabat.
1512 1735 1670 1773 Tereniz.
1701 1735 1804 1774 Eun.

242 1795 280 1842 4,
309 1795 346 1832 6.
369 1795 405 1843 7,
431 1793 561 1832 Plaut.
593 1794 677 1831 Mil.
696 1793 795 1844 glor.
818 1795 855 1843 5,
876 1795 944 1843 31,
976 1793 1140 1832 Lucian.
1172 1792 1276 1832 Dial.
1308 1806 1401 1833 mer.
1435 1795 1459 1832 9
1494 1794 1666 1833 contulit
1687 1794 1805 1833 Mein.

982 1908 1066 1951 126

1305 1967 1437 2024 ἁρετὴ

453 2037 526 2081 καὶ
556 2040 606 2081 τὸ
638 2039 775 2081 καλὸν
806 2037 901 2081 αὔτ’
939 2038 1021 2081 οὐκ
1053 2035 1139 2081 οἷδ’
1174 2039 1274 2082 ὅποι
1304 2036 1393 2082 τότ’
1429 2043 1593 2095 οἴχεται

455 2111 536 2164 ἔπη
567 2108 790 2167 πτερόεντ’
827 2106 929 2152 ὄνθ’
964 2110 1023 2160 ὡς
1053 2111 1232 2165 ἀληθῶς
1261 2109 1334 2153 καὶ
1365 2111 1507 2166 μάῗην

455 2180 504 2223 ἐν
533 2188 651 2223 ταῖσι
683 2182 930 2238 διατριβαῖς
961 2182 1328 2237 σκιαμαχούμενα.

360 2267 522 2306 Lucian.
549 2267 651 2307 Piso.
673 2269 727 2307 35
761 2270 859 2306 extr.
890 2264 915 2318 ἡ
948 2265 1008 2320 ἀρ.
1039 2265 1106 2306 καὶ
1131 2266 1174 2307 τὸ
1199 2282 1232 2307 κ.
1266 2266 1340 2307 οὐκ
1363 2289 1410 2295 —
1435 2267 1577 2320 οἴχεται
1671 2267 1804 2321 πτερό-

243 2340 332 2365 εντα
363 2324 416 2373 ὡς
446 2324 608 2377 ἀληθῶς
640 2325 728 2378 ἔπη,
760 2326 886 2378 μάτην
918 2325 960 2366 ἐν
991 2329 1074 2375 ταῖς
1106 2326 1140 2366 δ.
1172 2337 1230 2367 σκ.

980 2443 1061 2485 127

454 2526 623 2579 ἄπολις,
655 2525 817 2580 ἄοικος,
849 2526 1060 2581 πατρίδος
1090 2525 1389 2582 ἐστερημένος,
1415 2532 1418 2534 ’

455 2596 536 2638 οὐκ
568 2595 831 2653 ὀβολόν,·οὐ
863 2597 1063 2653 δραχμὴν
1093 2598 1220 2652 ἔχων,
1253 2597 1334 2639 οὐκ
1365 2596 1554 2653 οἰκέτην,

455 2665 549 2709 ἀλλ’
586 2665 691 2709 οὐδὲ
722 2670 875 2723 μᾶζαν,
906 2664 957 2723 ἧς
984 2665 1240 2725 Ἐπίκουρος
1271 2668 1473 2725 εὐπορῶν

362 2751 455 2792 οὐδὲ
480 2758 558 2793 τῶν
583 2757 692 2793 θεῶν
711 2766 836 2805 φησιν
861 2753 916 2802 εἰς
940 2752 1192 2806 εὐδαιμονίας
1217 2753 1334 2807 λόγον
1359 2754 1628 2795 ἐλαττοῦσθαι.
1659 2755 1801 2795 Iulian.

242 2810 350 2850 Orat.
386 2815 425 2862 6,
460 2814 588 2853 l95b.
649 2828 685 2853 v.
721 2816 741 2852 1
775 2814 880 2853 idem
912 2814 962 2852 ad
994 2814 1186 2853 Themist.
1214 2815 1331 2854 256d
1361 2813 1430 2854 τὸν
1460 2812 1676 2867 Διογένους
1705 2812 1802 2853 ἐκεῖ-

242 2885 313 2909 νον
351 2867 523 2923 εἄπολιν,
554 2870 694 2912 ἄοικον
731 2895 789 2900 —
825 2869 1108 2925 ἐστερημένον’.
1144 2886 1190 2912 ao
1221 2887 1257 2913 v.
1291 2876 1312 2912 1
1355 2887 1446 2913 cum
1489 2875 1616 2913 altero
1652 2871 1803 2924 πτωχὸς

239 2929 453 2982 πλανήτης,
484 2931 574 2983 βίον
605 2930 704 2983 ἔχων
735 2930 987 2985 τούφήμερον
1014 2933 1128 2984 Diog.
1157 2933 1201 2985 L.
1228 2935 1266 2983 6,
1299 2935 1352 2972 38
1384 2946 1550 2972 narrans
1581 2933 1801 2984 Diogenem

1880 2 1888 10 -

1906 0 2014 80 j

1950 26 1970 49 f„

2010 228 2014 242 ,Δ
1999 82 2014 184 «μ’μ’-Δ
1986 57 1999 72 ”
