2014 3334
259 254 347 298 334
606 258 609 262 ’
697 253 991 290 ΦΟΙΝΙΚῙΔΟΤ
1013 279 1015 281 .
1040 252 1306 290 ΦΤΛΑΡΧΟΣ
1333 275 1377 282 -

1017 377 1044 418 3

463 461 612 515 τρίτον
645 457 693 501 δὲ
724 459 834 515 πρὸς
864 460 1061 501 τούτοισι
1091 459 1171 501 τὸν
1201 459 1462 514 σοφώτατον

464 532 726 587 Χαίριππον.
777 526 921 585 οὗτος,
954 531 1100 586 ὥσπερ
1133 526 1272 584 οἶδας,
1304 529 1444 573 ἐσθίει

463 602 589 658 μέχρι
620 601 676 644 ἄν
709 602 818 659 διδῷ
850 617 915 652 τις
946 600 972 656 ἢ
1006 601 1123 658 λάθῃ
1156 602 1419 658 διαρραγείς.

455 671 626 716 ’τοιοῦτ’
664 674 751 729 ἔχει
782 680 981 728 ταμιεῖον
1013 673 1158 729 ὥσπερ
1192 674 1344 723 οἰκίας.

370 762 601 800 Abhenaeus
632 762 698 812 10,
719 761 834 798 415e
865 757 953 811 περὶ
987 759 1217 812 Χαιρίππου
1249 757 1350 810 φησὶ
1378 758 1609 810 Φοινικίδης
1641 756 1683 798 ἐν
1712 759 1818 798 Φυλ-

249 820 354 876 άρχῳ
391 819 517 867 οὕτως
553 822 629 858 κτλ.
709 823 744 858 1.
775 817 818 858 τὸ
849 819 978 869 τρίτον
997 820 1045 858 A.
1094 818 1320 871 βορώτατον
1338 819 1456 858 Mein.
1519 821 1557 857 2.
1588 818 1817 868 Χαιρίππου

251 883 292 919 ef.
322 880 550 932 Χαίριππον
570 881 617 918 A.
681 881 718 918 3.
751 876 817 917 καὶ
847 877 954 934 λάθῃ
979 879 1097 918 Mein.
1117 879 1234 917 Anal.
1253 879 1348 918 Ath.
1372 880 1467 918 183.
1509 877 1650 933 φθάσῃ
1683 878 1818 916 Bruno

249 940 352 978 Keil.
432 941 471 978 4.
502 934 653 978 τοσοῦτ’
697 941 738 977 et
768 940 943 989 ταμιεῖον
980 936 1023 977 ἕν
1054 943 1098 992 τῇ
1130 937 1259 992 κοιλίᾳ
1296 938 1413 977 Mein.
1443 937 1537 977 ibid.
1592 958 1643 964 —-
1696 936 1820 991 Χαίρ-

250 1013 369 1046 ιππος
413 1001 541 1038 metro
578 999 762 1036 firmatur
798 997 980 1037 Menand.
1014 999 1112 1037 491.
1176 1000 1315 1036 contra
1351 997 1508 1036 Aelian.
1542 996 1588 1035 V.
1619 997 1657 1035 h.
1692 999 1731 1047 1,
1763 997 1818 1036 27

251 1057 486 1111 ἀδηφάγους
516 1055 697 1111 λέγουσιν
729 1055 974 1109 ἀνθρώπους
1005 1054 1209 1111 γεγονέναι
1239 1086 1250 1096 .
1282 1086 1292 1097 .
1323 1086 1333 1097 .
1363 1054 1430 1095 καὶ
1461 1055 1710 1109 Χάριππον.

790 1183 994 1218 ΑΔΗΛΩΝ
1018 1183 1279 1218 ΔΡΑΜΑΤΩΝ

1019 1270 1049 1311 4

463 1354 522 1408 μὰ
553 1353 634 1408 τὴν
661 1348 930 1409 Ἀφροδίτην
963 1351 1045 1394 οὐκ
1076 1350 1131 1394 ἂν
1162 1346 1443 1407 ὑπομείναιμ’
1478 1352 1556 1406 ἔτι,

465 1424 660 1478 Πυθιάς,
694 1422 894 1480 ἑταιρεῖν.
955 1422 1159 1479 χαιρέτω·
1198 1424 1258 1477 μή
1289 1439 1364 1478 μοι
1396 1421 1511 1477 λέγε·

464 1494 702 1550 ἀπέτυχον·
741 1492 875 1537 οὐδὲν
906 1495 1016 1550 πρὸς
1047 1492 1140 1549 ἐμέ·
1170 1497 1413 1536 καταλῦσαι
1443 1493 1576 1537 θέλω.

463 1567 602 1616 εὐθὺς
633 1566 944 1622 ἐπιχειρήσασα
976 1567 1111 1620 φίλον
1143 1566 1275 1620 ἔσχον
1304 1566 1404 1607 τινὰ

422 1649 442 1680 5
465 1639 798 1695 στρατιωτικόν·
836 1637 1075 1687 διαπαντὸς
1107 1632 1236 1686 οὗτος
1266 1637 1343 1686 τὰς
1374 1636 1512 1692 μάχας

463 1711 625 1764 ἔλεγεν,
658 1707 846 1751 ἐδείκνυ’
883 1709 972 1764 ἅμα
1003 1707 1145 1762 λέγων
1175 1708 1228 1749 τὰ
1258 1708 1498 1764 τραύματα,

463 1779 661 1837 εἰσέφερε
694 1778 736 1822 δ’
773 1779 917 1822 οὐδέν.
981 1780 1152 1835 δωρεὰν
1183 1780 1269 1834 ἔφη
1299 1779 1400 1821 τινὰ

462 1853 579 1909 παρὰ
610 1858 690 1894 τοῦ
722 1850 936 1907 βασιλέως
967 1852 1226 1907 λαμβάνειν,
1257 1850 1331 1893 καὶ
1363 1847 1483 1893 ταῦτ’
1520 1849 1586 1893 ἀεὶ

464 1925 630 1978 ἔλεγεν·
663 1924 737 1966 διὰ
766 1923 932 1978 ταύτην
962 1922 1019 1978 ἣν
1050 1921 1163 1977 λέγω
1194 1923 1277 1977 τὴν
1309 1923 1481 1979 δωρεὰν

404 2006 445 2037 10
466 1994 672 2038 ἐνιαυτὸν
703 1996 801 2050 ἔσχε
833 1992 879 2050 μ’
916 1994 940 2037 ὁ
971 1995 1254 2050 κακοδαίμων
1286 1994 1468 2050 δωρεάν.

464 2066 612 2121 ἀφῆκα
642 2072 818 2120 τοῦτον,
851 2066 1060 2121 λαμβάνω
1094 2064 1134 2107 δ’
1173 2066 1309 2108 ἄλλον
1341 2066 1454 2120 τινά,

465 2139 628 2194 ἰατρόν.
691 2133 821 2187 οὗτος
852 2137 1043 2192 εἰσάγων
1074 2138 1268 2187 πολλούς
1298 2153 1421 2187 τινας

463 2206 625 2264 ἔτεμν’,
657 2210 770 2263 ἔκαε,
802 2209 972 2264 πτωχὸς
1002 2205 1058 2263 ἦν
1089 2206 1163 2251 καὶ
1194 2209 1362 2264 δήμιος.

464 2282 712 2337 δεινότερος
744 2277 873 2330 οὗτος
903 2279 1102 2337 θατέρου
1131 2296 1207 2336 μοι
1237 2281 1472 2336 κατεφάνη.

401 2363 442 2394 15
464 2352 487 2394 ὁ
519 2349 599 2407 μὲν
631 2350 806 2407 διήγημ’
843 2353 1006 2406 ἔλεγεν,
1039 2351 1063 2394 ὁ
1096 2350 1136 2393 δ’
1174 2350 1311 2394 ἐποίει
1341 2351 1539 2408 νεκρούς.

462 2425 593 2481 τρίτῳ
626 2419 843 2476 συνέζευξ’
878 2423 905 2478 ἡ
937 2424 1046 2479 τύχη
1079 2439 1131 2478 με
1157 2425 1406 2482 φιλοσόφῳ,

462 2493 638 2548 πώγων’
677 2497 821 2550 ἔχοντι
853 2493 926 2537 καὶ
957 2497 1151 2551 τρίβωνα
1181 2493 1255 2537 καὶ
1285 2497 1433 2549 λόγον.

463 2567 526 2616 εἰς
556 2562 784 2623 προῦπτον
815 2563 962 2621 ἦλθον
994 2565 1244 2621 ἐμπεσοῦσα
1276 2566 1331 2621 δὴ
1363 2568 1538 2608 κακόν·’

465 2635 599 2679 οὐδὲν
632 2637 784 2680 ἐδίδου
814 2637 916 2693 γάρ’
949 2640 994 2679 εἴ
1017 2652 1058 2678 τι
1091 2633 1131 2678 δ’
1167 2631 1355 2692 αἰτοίην,
1387 2638 1471 2693 ἔφη
1530 2636 1539 2643 ’

399 2718 443 2750 20
464 2707 545 2750 οὐκ
576 2707 750 2762 ἀγαθὸν
781 2705 896 2750 εἶναι
927 2707 1178 2764 τάργύριον.
1241 2709 1350 2751 ἔστω
1381 2710 1531 2763 κακόν,

464 2779 537 2821 διὰ
567 2785 699 2822 τοῦτο
733 2780 810 2829 δός
840 2795 930 2835 μοι,
963 2779 1113 2835 ῥῖψον·
1147 2779 1228 2821 οὐκ
1259 2779 1471 2822 ἐπείθετο.
1541 2797 1544 2806 ·

371 2876 567 2916 Stobaeus
586 2878 722 2916 Floril.
745 2880 781 2928 6,
804 2880 859 2917 30
893 2877 1128 2917 Φοινικίδου
1143 2877 1191 2916 Α.
1260 2880 1299 2916 4.
1330 2876 1444 2930 ἔσχον
1464 2875 1666 2927 Damaso]
1698 2871 1815 2928 εἶχον.

257 2937 293 2975 0.
326 2932 491 2974 ἔδείκνυ’
517 2935 658 2987 Gaisf]
680 2935 846 2976 ἐδείκνυ.
908 2939 946 2976 8.
971 2936 1204 2989 λαμβάνειν]
1226 2934 1438 2988 ἀναμένειν
1456 2937 1629 2989 Madvig.
1648 2937 1816 2977 Advers.
