2014 3334
251 217 339 259 410
615 242 619 247 ,
906 219 1167 252 ΑΔΕΣΠΟΤΑ

250 329 316 370 καὶ
346 335 483 383 γρῆυς,
516 326 610 369 οὐδὲ
641 326 763 380 πένης
788 327 854 368 καὶ
886 328 1064 380 ἰδιώτης,
1096 327 1192 368 ἀλλὰ
1216 329 1282 370 καὶ
1311 341 1477 383 παχυσκ.
1508 333 1586 370 κτλ.
1618 329 1684 369 καὶ
1714 329 1820 371 οἰκό-

251 391 377 442 τριβες
416 387 482 428 καὶ
518 393 638 441 θῆτες
675 387 754 428 ὑπὸ
791 388 947 442 γήθους
984 386 1251 443 ἀναφέρονται
1282 390 1597 439 (exhilarantur).
1659 403 1820 431 versum

252 462 337 488 esse
375 449 574 488 intellexit
604 449 859 499 Musgravius
891 448 1029 499 Eurip.
1060 449 1147 498 Iph.
1180 449 1225 489 Τ.
1259 451 1365 500 198,
1397 450 1667 500 Eupolideum
1697 450 1819 502 Berg-

252 509 345 553 kius,
373 509 491 547 Mein.
522 508 563 547 II
597 510 694 558 965,
729 505 781 554 ὡς
813 509 901 547 add.
933 508 1124 547 Fritzsch.
1156 509 1220 548 Fr.
1253 523 1288 549 v.
1321 510 1421 559 Eup.
1456 511 1508 548 18
1551 505 1622 549 ‘uti
1651 510 1820 549 molitrix

251 581 348 617 quae
378 570 477 607 inter
507 569 726 607 molendum
756 563 899 607 saltat?
938 590 986 594 --
1022 569 1070 606 cf.
1103 567 1307 619 Aristoph.
1338 569 1386 609 fr.
1421 570 1487 608 63.

1007 682 1064 726 56

463 768 808 822 θερμολουσίαις
840 765 1014 820 ἁπαλοί,
1048 769 1395 821 μαλθακευνίαις
1426 766 1560 823 ἁβροί

369 854 537 892 Bekker.
556 853 703 892 Anecd.
726 855 750 891 4
772 853 858 891 init.
879 855 919 891 et
941 854 1038 902 415,
1060 855 1126 892 27.
1160 853 1303 892 Suidas
1329 851 1473 893 ἁπαλοὶ
1503 853 1821 907 θερμολουσίαις,

252 911 369 965 ἁβροὶ
400 912 730 964 μαλθακευνίαις·
769 910 832 951 ἐπὶ
862 917 940 951 τῶν
977 909 1056 951 ὑπὸ
1087 917 1240 964 τρυφῆς
1278 911 1344 952 καὶ
1376 911 1589 966 ἁβρότητος
1621 912 1820 965 διαρρεόν-

249 987 338 1012 των.
390 968 534 1027 (ἁβρὸν
567 969 608 1011 δὲ
641 971 822 1023 σημαίνει
850 970 892 1010 τὸ
924 970 1120 1025 τρυφερόν
1146 972 1234 1012 add.
1259 972 1385 1012 Bekk.
1413 967 1470 1025 4.)
1513 973 1676 1024 Gregor.
1702 971 1821 1023 Cypr.

252 1027 363 1087 (post
399 1035 434 1083 1,
467 1034 522 1071 86
556 1032 681 1082 Mosq.
712 1046 749 1082 p.
772 1033 860 1070 101·
889 1027 1096 1083 Leutsch.)
1128 1031 1311 1081 Apos'nol.
1333 1034 1370 1082 3,
1392 1034 1459 1072 35.
1503 1032 1684 1083 Append.
1709 1045 1820 1083 prov.

253 1094 290 1143 1,
312 1093 367 1131 34
393 1088 537 1131 ἁπαλοὶ
567 1091 887 1142 θερμολουσίαις·
919 1088 1006 1130 ἀντὶ
1030 1095 1099 1130 τοῦ
1130 1090 1324 1142 τρυφηλοὶ
1353 1089 1419 1130 καὶ
1452 1089 1524 1142 τὴν
1557 1090 1681 1143 σάρκα
1712 1091 1822 1144 διαρ-

251 1149 414 1205 ρέοντες.
475 1153 828 1201 bransposuerunt,
859 1152 907 1189 ut
936 1163 1075 1190 versus
1108 1153 1214 1190 esset
1244 1151 1501 1202 Eupolideus,
1533 1151 1677 1202 Bergk.
1709 1151 1756 1190 R.
1789 1163 1822 1191 c.

251 1213 337 1249 Att.
365 1212 447 1250 283
483 1213 523 1249 et
553 1211 784 1250 Meinekius.
823 1209 1171 1263 θερμολουσίαισιν
1204 1206 1316 1263 (tetr.
1335 1205 1481 1263 broch.)
1501 1211 1684 1251 Bofihius.
1714 1210 1820 1250 Plut.

250 1271 349 1309 Mor.
384 1271 527 1309 789ef
554 1272 865 1322 θερμολουτοῦσι
902 1267 968 1308 καὶ
999 1268 1247 1309 καθεύδουσι
1277 1269 1562 1323 μαλακώτερον.

1009 1385 1064 1428 57

465 1457 712 1512 θυμελικὰν
745 1460 814 1498 ἴθι
845 1456 988 1512 μάκαρ
1020 1457 1308 1513 φιλοφρόνως
1339 1458 1401 1507 εἰς
1433 1458 1539 1513 ἔριν.

371 1543 615 1593 Hephaesssio
650 1544 703 1582 13
735 1557 773 1593 p,
803 1545 855 1581 75
890 1541 1013 1581 Gaisf.
1045 1540 1275 1582 συντιθέασι
1306 1540 1348 1582 δὲ
1379 1541 1443 1581 καὶ
1475 1541 1589 1598 ἑτέρῳ
1619 1542 1748 1600 τρόπῳ
1778 1542 1820 1583 τὸ

254 1599 511 1655 (παιωνικὸν)
537 1602 803 1654 τετράμετρον,
835 1600 930 1641 ὥστε
960 1605 1061 1654 τρεῖς
1085 1597 1187 1641 εἶναι
1209 1601 1302 1649 τοὺς
1326 1600 1595 1653 καλουμένους
1619 1602 1822 1655 τετάρτους

251 1662 381 1701 παίων
371 1678 449 1713 ας,
487 1656 568 1702 εἶτα
607 1664 827 1701 τελευταῖον
867 1659 935 1700 τὸν
975 1660 1159 1714 κρητικόν
1189 1664 1265 1701 κτλ.
1316 1661 1555 1713 θεμελιακάν
1586 1662 1823 1703 O.Sch01.

252 1722 336 1762 cod.
376 1722 401 1761 S
441 1720 483 1761 ἐκ
518 1726 596 1761 τῶν
638 1719 895 1772 καλουμένων
932 1720 1142 1771 Δελφικῶν
1185 1719 1288 1760 ἔστιν
1325 1718 1349 1772 ἡ
1394 1719 1629 1773 προκειμένη
1673 1727 1821 1774 χρῆσις,

253 1780 305 1833 μὴ
339 1780 507 1833 ἐχόντων
537 1779 579 1820 τὸ
612 1778 738 1832 ὄνομα
775 1786 845 1820 τοῦ
883 1786 1060 1832 ποιητοῦ.
1113 1777 1188 1819 ‘his
1220 1781 1400 1821 versibus
1439 1782 1583 1820 chorus
1622 1781 1822 1833 tragicum

253 1842 514 1891 compellasse
552 1841 712 1881 videtur
742 1841 790 1880 de
821 1841 952 1891 poesis
984 1840 1212 1890 principatu
1243 1853 1333 1879 cum
1374 1841 1539 1880 aemulis
1572 1836 1821 1880 certantem'.

253 1902 372 1940 Mein.
402 1901 675 1951 Phrynichum
707 1900 924 1951 significari
953 1913 1070 1951 posse
1102 1913 1276 1939 monenS.

1010 2015 1066 2058 58

371 2103 665 2153 Harpocration
679 2104 748 2154 86,
763 2104 814 2140 12
837 2100 895 2141 ὅτι
913 2097 1124 2142 ἐκαλοῦντό
1144 2116 1245 2149 τινες
1263 2100 1329 2141 καὶ
1340 2099 1376 2141 Ἱ
1379 2101 1635 2154 ππάρχειοι
1653 2098 1825 2155 Ἑρμαῖ

253 2161 331 2202 ἀπὸ
362 2159 576 2214 Ἱππάρχου
619 2166 689 2202 τοῦ
729 2161 1030 2213 Πεισιστράτου,
1075 2160 1223 2214 εἴρηται
1265 2159 1308 2200 ἐν
1350 2166 1395 2215 τῇ
1440 2160 1580 2216 ἀρχαίᾳ
1622 2161 1820 2217 κωμῳδία.

252 2223 383 2261 Schol.
423 2222 628 2262 Demosth.
668 2223 740 2273 20,
781 2223 863 2260 112
901 2217 1051 2273 Ἑρμαῖ
1080 2217 1319 2273 Ἱππάρχειοι
1371 2219 1449 2260 ἀπὸ
1485 2217 1699 2274 Ἱππάρχου
1749 2225 1820 2260 τοῦ

254 2281 547 2334 Πεισιστράτου.
595 2294 659 2321 res
690 2281 778 2332 ipsa
808 2281 1029 2321 notissima.

1010 2396 1066 2440 59

372 2484 613 2523 Plutarchus
635 2483 774 2523 Pericl
797 2485 850 2523 13
884 2482 925 2523 οἵ
945 2480 1111 2534 κωμικοὶ
1135 2480 1286 2533 πολλὴν
1310 2479 1512 2534 ἀσέλγειαν
1537 2481 1660 2522 αὐτοῦ
1681 2477 1820 2537 (Περι-

253 2539 410 2598 κλέους)
430 2541 730 2594 κατεσκέδασαν,
760 2542 815 2590 εἴς
833 2557 872 2582 τε
897 2557 969 2593 την
1001 2541 1259 2581 Μενίππου
1291 2545 1498 2594 γυναῖκα
1531 2541 1819 2594 διαβάλλοντες,

254 2602 398 2655 ἀνδρὸς
430 2603 549 2654 φίλου
580 2601 647 2642 καὶ
670 2601 1073 2675 υποστρατηγοῢντος,
1104 2600 1158 2648 εἴς
1182 2612 1222 2640 τε
1246 2599 1314 2648 τὰς
1338 2600 1686 2653 Πυριλάμπους
1714 2598 1820 2654 ὀρνι-

254 2662 488 2717 θοτροφίας,
519 2658 563 2710 ὃς
601 2660 751 2714 έταῖρος
784 2659 839 2701 ὢν
870 2656 1110 2713 Περικλέους
1141 2659 1268 2700 αἰτίαν
1299 2655 1373 2712 εἶχε
1411 2666 1593 2708 ταῶνας
1624 2658 1822 2712 ὑφιέναι

254 2725 354 2770 ταῖς
384 2720 607 2775 γυναιξὶν
638 2717 700 2769 αις
731 2718 752 2761 ὅ
785 2723 980 2775 Περικλῆς
1012 2719 1222 2771 ἐπλησίαζε.
1274 2720 1446 2759 ἱοΐίῑᾶεεθ
1477 2721 1583 2759 idem
1608 2721 1821 2769 Menippus

254 2781 379 2822 Arist.
405 2781 480 2822 Av.
509 2783 634 2821 1293.
685 2781 792 2820 Plu‘o.
819 2783 917 2820 Mor.
945 2781 1065 2820 812d
1095 2781 1291 2832 Περικλῆς
1320 2779 1525 2835 Μενίππῳ
1557 2777 1691 2831 ἐχρῆτο
1722 2777 1820 2831 πρὸς

255 2839 322 2888 τὰς
365 2841 605 2894 στρατηγίας.
668 2841 716 2880 de
754 2841 999 2891 Pyrilampe,
1042 2839 1159 2879 Demi
1187 2841 1320 2890 patre,
1366 2839 1415 2879 cf.
1446 2838 1570 2879 Arist.
1600 2842 1718 2889 Vesp.
1751 2840 1819 2879 98.

255 2901 396 2951 Eupol.
432 2902 529 2940 213.
