2014 3334
276 266 362 308 740
794 258 1140 301 SUPPLEMENTA
1167 267 1274 302 vol..
1300 268 1337 301 11

274 379 498 419 videbatur.
545 379 738 417 Themist.
766 379 958 428 Paraphr.
985 379 1153 418 Aristot.
1174 380 1194 417 I
1215 381 1284 429 30,
1304 381 1395 429 8sq.
1429 378 1614 430 Spengel.
1658 379 1706 417 cf.
1728 379 1850 418 etiam

275 440 444 478 Aristot.
487 439 602 477 Anal.
641 440 748 488 post.
774 439 863 477 571)
891 440 957 477 40.
1017 438 1192 489 Sophist.
1226 439 1375 477 elench.
1407 439 1527 477 171b
1562 441 1628 478 16.
1665 441 1782 478 172a
1813 440 1852 479 4.

396 501 464 547 26,
494 501 531 537 2.
563 496 629 536 καὶ
660 496 876 548 λουόμενος
909 493 1096 550 (λούομαι
1120 493 1174 552 Ε)
1207 498 1349 550 μύροις
1380 497 1463 536 GE.

944 626 1185 659 ANAXILAS

395 702 455 739 De
487 701 659 740 nominis
692 702 821 740 forma
851 702 901 741 cf.
932 702 1199 740 Meisterhans
1233 701 1408 740 Gramm.
1441 702 1558 740 inser.
1585 700 1611 751 ξ
1639 704 1707 752 27,
1736 705 1771 742 7.

397 761 461 799 Fr.
489 763 516 799 4
550 757 721 800 ἀπόλωλ’
757 759 852 812 ἐμόν
883 761 1037 800 Kaibel.

397 823 462 859 13.
496 821 618 859 etiam
649 823 742 871 post
761 834 808 859 ea
827 834 929 870 quae
950 821 1245 860 Herwerdenus
1266 821 1491 872 disputavit
1510 822 1654 860 Mnem.
1674 835 1712 860 n.
1732 821 1852 860 XHII

279 882 361 920 182
389 881 607 920 Homerum
641 881 755 931 sequi
785 881 915 919 tutius
948 881 1135 921 arbitror.

397 942 468 987 15,
497 942 534 979 2.
574 940 719 979 Sextus
757 941 907 990 Empir.
936 940 1037 981 Adv.
1069 941 1258 979 mathem.
1286 943 1324 991 8,
1353 942 1436 980 133
1459 936 1590 993 (316,
1618 942 1674 979 24
1705 935 1851 992 Bekk.)

275 998 318 1039 ἐν
354 1005 399 1054 τῇ
438 997 498 1051 μὴ
538 999 842 1055 σημαινούσῃ
878 1015 920 1039 τι
956 995 1128 1054 (φωνῇ),
1166 995 1254 1040 οἷον
1286 1005 1331 1055 τῇ
1363 999 1516 1052 βλίτυρι
1547 998 1612 1039 καὶ
1643 1005 1687 1054 τῇ
1720 1011 1852 1039 σκιν-

275 1059 432 1111 δαψός
463 1058 537 1099 οὐκ
569 1057 619 1098 ἂν
651 1059 711 1110 εἴη
743 1075 789 1099 τι.

396 1121 461 1166 18,
488 1121 515 1158 4
542 1115 600 1175 ᾠὰ
627 1115 826 1158 ’κλάπτων
847 1115 1076 1170 eoperarum
1098 1115 1268 1159 incuria'
1288 1119 1595 1159 Herwerdenus.
1639 1119 1686 1158 cf.
1706 1119 1850 1158 Mnem.

271 1193 311 1218 n.
343 1180 462 1218 ΧΠΠ
497 1181 592 1218 182.
654 1180 750 1218 talis
794 1180 982 1218 videlicet
1025 1175 1255 1230 ‘operarum
1299 1176 1466 1218 incuria'
1511 1180 1554 1218 in
1590 1179 1852 1227 Herwerdeni

274 1240 435 1290 scriptis
473 1239 687 1278 admodum
733 1240 933 1290 frequens.
997 1240 1045 1278 de
1090 1253 1236 1291 magna
1280 1240 1555 1290 exemplorum
1592 1239 1851 1278 multitudine

273 1300 353 1338 tria
397 1300 605 1349 depromo:
650 1299 693 1337 in
731 1297 825 1339 Obs.
863 1299 950 1338 crit.
979 1301 1033 1338 32
1072 1299 1388 1350 Aristophanem
1431 1299 1487 1338 sic
1526 1298 1712 1338 emendat
1747 1297 1852 1349 ἅψαι

275 1359 400 1409 μόνον
438 1363 483 1413 τῇ
517 1354 611 1410 χεῖρ’
647 1355 749 1413 ἄκρᾳ
780 1363 850 1398 τοῦ
883 1359 1116 1411 Μορσίμου,
1152 1360 1258 1410 quod
1288 1359 1384 1398 ibid.
1414 1361 1496 1397 125
1529 1359 1643 1397 nulla
1673 1358 1850 1397 incuriae

274 1432 486 1469 operarum
518 1419 718 1457 mentione
751 1419 859 1458 facta
889 1419 1009 1458 nimis
1043 1419 1192 1458 distare
1224 1419 1322 1457 dicit
1353 1432 1377 1457 a
1407 1419 1603 1457 librorum
1640 1418 1849 1468 scriptura.

273 1479 315 1518 in
346 1479 564 1518 Exereitat.
597 1478 684 1518 crit.
711 1480 796 1517 448
833 1480 938 1518 hunc
969 1491 1131 1518 versum
1163 1479 1335 1529 protulit
1367 1479 1438 1530 ζῆν
1469 1474 1571 1517 τέκν’
1602 1477 1752 1517 εἵλοντο
1783 1475 1852 1516 καὶ

274 1535 506 1594 παρῄνεσαν
531 1537 646 1576 κακά.
695 1539 736 1577 in
758 1538 870 1577 Stud.
892 1539 979 1578 crit.
1000 1540 1057 1577 44
1077 1539 1390 1577 instrumentum
1410 1540 1695 1577 commemorat
1720 1537 1852 1577 ventri

274 1596 508 1638 vinciendae
539 1600 689 1648 aptum.
735 1620 791 1625 —
839 1601 874 1637 7.
903 1599 1010 1638 Plut.
1043 1599 1142 1638 Mor.
1170 1599 1260 1638 85b
1305 1596 1620 1649 ἐκμεμαθηκότες
1667 1595 1719 1636 τὰ
1761 1602 1850 1636 τῶν

269 1654 455 1697 Ἰδαίων
501 1655 709 1709 ὀνόματα
746 1657 1006 1697 Δακτύλων
1049 1664 1218 1710 χρῶνται
1260 1656 1359 1710 πρὸς
1395 1656 1488 1704 τοὺς
1525 1656 1679 1709 φόβους
1716 1655 1851 1704 αὐτοῖς

274 1716 327 1765 ὡς
358 1716 616 1767 ἀλεξικάκοις,
647 1715 793 1771 ἀτρέμα
824 1716 1099 1770 καταλέγοντες
1131 1715 1305 1758 ἕκαστον.
1859 1714 1878 1724 ”

394 1780 462 1828 22,
496 1779 562 1817 19.
595 1777 726 1816 Plaut.
758 1778 945 1816 Bacchid.
973 1779 1012 1828 3,
1039 1779 1077 1825 3,
1105 1779 1158 1816 67
1193 1772 1483 1831 (meretricem)
1515 1789 1613 1826 quae
1651 1776 1851 1815 ace'rrume

274 1838 454 1877 ae'stuosa
486 1836 673 1882 abso'rbet,
705 1839 773 1876 ubi
803 1850 986 1886 quemque
1017 1838 1151 1886 attiyit.

395 1899 463 1948 30,
491 1899 528 1936 2.
560 1898 739 1948 Κτῆσις
770 1894 790 1936 ὃ
822 1896 1019 1948 Βησαιεὺς
1049 1895 1117 1936 καὶ
1147 1895 1372 1949 Κραναός
1402 1897 1501 1936 Isae.
1529 1898 1568 1946 4,
1597 1898 1633 1935 9.

397 1959 464 1996 34.
497 1958 544 1996 cf.
578 1957 746 1997 Philem.
775 1959 871 1996 114.

394 2019 461 2056 35.
500 2017 630 2055 Plaut.
670 2017 916 2055 Menaechm.
946 2019 989 2067 2,
1019 2019 1061 2068 1,
1090 2019 1114 2056 6
1153 2017 1267 2065 qudsi
1303 2028 1412 2055 mare
1442 2017 1567 2055 omm's
1601 2017 1850 2055 circumimus

271 2078 435 2116 insulas.
499 2077 568 2125 sed
599 2089 648 2115 ne
681 2077 736 2116 sic
768 2077 930 2128 quidem
960 2077 1234 2128 fragmentum
1265 2077 1519 2115 inlustratur.

910 2204 1221 2238 ARISTOPHON

394 2280 457 2318 Fr.
486 2282 510 2319 6
545 2278 677 2318 δεινόν
708 2292 780 2330 pro
813 2278 974 2333 αἰσχρόν
1005 2280 1159 2318 Nauck.
1192 2279 1281 2318 Mel.
1308 2279 1345 2318 V
1374 2280 1469 2319 235.

396 2341 463 2390 13,
493 2341 558 2379 10.
590 2336 791 2391 νεωτέρων
822 2340 922 2379 00111.
949 2339 1168 2390 Antiphan.
1199 2340 1301 2389 195,
1330 2341 1396 2378 10.
1446 2337 1674 2377 Anaxandr.
1707 2339 1782 2386 33,
1810 2339 1847 2377 6.

272 2399 429 2439 Alexid.
460 2401 556 2449 178,
585 2402 621 2438 1.
670 2400 866 2438 Xenarch.
893 2401 932 2450 4,
959 2400 1118 2439 2‘bene
1151 2399 1330 2438 defendit
1361 2398 1654 2437 Herwerdenus
1683 2399 1777 2437 183.
1808 2399 1846 2436 4.

929 2527 1192 2560 EPIGRATES

393 2603 457 2642 Fr.
492 2604 535 2652 3,
570 2604 636 2642 20.
682 2598 865 2640 ‘Planud
903 2602 1020 2642 Prov.
1049 2603 1134 2641 214
1172 2605 1342 2641 τοσαῦτα
1375 2599 1488 2640 πτύει
1519 2597 1540 2639 ὅ
1573 2599 1735 2651 δοῦλος,
1773 2598 1846 2639 ὅσα

274 2662 456 2715 βούλεται
487 2659 508 2700 ὁ
541 2660 750 2712 δεσπότης,
782 2662 807 2700 i.
834 2675 865 2700 e.
897 2674 947 2700 ne
984 2662 1025 2700 id
1071 2661 1231 2712 quidem
1275 2661 1382 2711 quod
1419 2661 1603 2699 omnibus
1641 2660 1738 2699 licet
1773 2671 1845 2699 suo

275 2723 477 2761 arbitratu
507 2723 642 2772 potest
672 2717 829 2760 facere'.
893 2720 936 2760 Ο.
964 2720 1129 2760 Crusius
1161 2720 1303 2763 Philol.
1330 2720 1459 2758 XLVI
1492 2722 1587 2759 616.

395 2784 434 2832 6,
461 2784 500 2820 2.
532 2781 723 2831 exemplis
755 2781 844 2820 add.
877 2781 1014 2831 Eurip.
1042 2781 1103 2819 El.
1130 2782 1227 2820 816.

396 2843 464 2881 10.
496 2841 544 2880 de
580 2842 655 2880 hoc
687 2841 734 2879 fr.
767 2854 868 2891 quae
907 2841 1090 2891 disputat
1127 2840 1290 2879 Crusius
1316 2853 1353 2889 p.
1382 2841 1479 2879 616.
1508 2841 1545 2891 7,
1578 2851 1716 2878 eorum
1746 2838 1844 2878 fides

275 2902 328 2941 sit
360 2901 467 2952 apud
497 2901 642 2951 ipsum.

397 2963 464 3011 11,
491 2962 558 2999 20.
591 2957 761 2999 ἄναυδοι
792 2960 947 2999 Kaibel.
982 2960 1025 2998 in
1054 2959 1201 2999 Athen.
