<?xml version="1.0" encoding="UTF-8"?>
<!DOCTYPE html PUBLIC "-//W3C//DTD XHTML 1.0 Transitional//EN"
    "http://www.w3.org/TR/xhtml1/DTD/xhtml1-transitional.dtd">
<html xmlns="http://www.w3.org/1999/xhtml" xml:lang="en" lang="en">
 <head>
  <title>
</title>
<meta http-equiv="Content-Type" content="text/html;charset=utf-8" />
  <meta name='ocr-system' content='tesseract 3.04.00' />
  <meta name='ocr-capabilities' content='ocr_page ocr_carea ocr_par ocr_line ocrx_word'/>
</head>
<body>
  <div class='ocr_page' id='page_1' title='image "./comicorumatticor03kockuoft_0253.png"; bbox 0 0 2014 3334; ppageno 0'>
   <div class='ocr_carea' id='block_1_1' title="bbox 702 219 1746 262">
    <p class='ocr_par' dir='ltr' id='par_1_1' title="bbox 702 219 1746 262">
     <span class='ocr_line' id='line_1_1' title="bbox 702 219 1746 262; baseline 0 -7"><span class='ocrx_word' id='word_1_1' title='bbox 702 221 909 256; x_wconf 76' lang='grc' dir='ltr'><strong>ΑΔΗΛΩΝ</strong></span> <span class='ocrx_word' id='word_1_2' title='bbox 933 221 1199 256; x_wconf 80' lang='grc' dir='ltr'><strong>ΔΡΑΜΑΤΩΝ</strong></span> <span class='ocrx_word' id='word_1_3' title='bbox 1659 219 1746 262; x_wconf 82' lang='grc'><em>233</em></span> 
     </span>
    </p>
   </div>
   <div class='ocr_carea' id='block_1_2' title="bbox 157 332 1749 446">
    <p class='ocr_par' dir='ltr' id='par_1_2' title="bbox 157 332 1749 446">
     <span class='ocr_line' id='line_1_2' title="bbox 157 332 1749 387; baseline -0.001 -12"><span class='ocrx_word' id='word_1_4' title='bbox 157 332 410 387; x_wconf 80' lang='grc' dir='ltr'><strong><em>ἐπεκώμασεν</em></strong></span> <span class='ocrx_word' id='word_1_5' title='bbox 435 334 528 374; x_wconf 81' lang='lat' dir='ltr'>Lex.</span> <span class='ocrx_word' id='word_1_6' title='bbox 555 335 766 374; x_wconf 82' lang='lat' dir='ltr'>Ruhnken.</span> <span class='ocrx_word' id='word_1_7' title='bbox 800 335 860 374; x_wconf 85' lang='lat' dir='ltr'><em>De</em></span> <span class='ocrx_word' id='word_1_8' title='bbox 886 333 1052 386; x_wconf 79' lang='lat' dir='ltr'>Antiph.</span> <span class='ocrx_word' id='word_1_9' title='bbox 1074 349 1111 386; x_wconf 92' lang='lat' dir='ltr'><em>p.</em></span> <span class='ocrx_word' id='word_1_10' title='bbox 1134 332 1239 386; x_wconf 86' lang='lat'>248]</span> <span class='ocrx_word' id='word_1_11' title='bbox 1266 332 1523 386; x_wconf 78' lang='grc' dir='ltr'><em>ἕπε-νόμασεν.</em></span> <span class='ocrx_word' id='word_1_12' title='bbox 1574 335 1622 375; x_wconf 83' lang='lat' dir='ltr'><em>ef.</em></span> <span class='ocrx_word' id='word_1_13' title='bbox 1644 335 1749 374; x_wconf 82' lang='lat' dir='ltr'>Phe-</span> 
     </span>
     <span class='ocr_line' id='line_1_3' title="bbox 158 394 795 446; baseline -0.002 -11"><span class='ocrx_word' id='word_1_14' title='bbox 158 407 258 436; x_wconf 84' lang='lat' dir='ltr'>recr.</span> <span class='ocrx_word' id='word_1_15' title='bbox 295 397 389 435; x_wconf 84' lang='grc'><em>182.</em></span> <span class='ocrx_word' id='word_1_16' title='bbox 439 394 660 446; x_wconf 73' lang='lat' dir='ltr'>Antiphan.</span> <span class='ocrx_word' id='word_1_17' title='bbox 696 396 795 435; x_wconf 83' lang='lat'>280.</span> 
     </span>
    </p>
   </div>
   <div class='ocr_carea' id='block_1_3' title="bbox 908 524 995 566">
    <p class='ocr_par' dir='ltr' id='par_1_3' title="bbox 908 524 995 566">
     <span class='ocr_line' id='line_1_4' title="bbox 908 524 995 566; baseline 0 0"><span class='ocrx_word' id='word_1_18' title='bbox 908 524 995 566; x_wconf 84' lang='grc'><em>882</em></span> 
     </span>
    </p>
   </div>
   <div class='ocr_carea' id='block_1_4' title="bbox 447 595 1333 714">
    <p class='ocr_par' dir='ltr' id='par_1_4' title="bbox 447 595 1333 714">
     <span class='ocr_line' id='line_1_5' title="bbox 1145 595 1333 650; baseline 0 -12"><span class='ocrx_word' id='word_1_19' title='bbox 1145 595 1172 650; x_wconf 80' lang='grc' dir='ltr'><em>ἡ</em></span> <span class='ocrx_word' id='word_1_20' title='bbox 1205 597 1333 646; x_wconf 81' lang='grc' dir='ltr'><strong><em>πόλις</em></strong></span> 
     </span>
     <span class='ocr_line' id='line_1_6' title="bbox 447 652 1036 714; baseline 0 -15"><span class='ocrx_word' id='word_1_21' title='bbox 447 656 527 712; x_wconf 83' lang='grc' dir='ltr'><em>ὅλη</em></span> <span class='ocrx_word' id='word_1_22' title='bbox 559 656 644 713; x_wconf 81' lang='grc' dir='ltr'><em>γὰρ</em></span> <span class='ocrx_word' id='word_1_23' title='bbox 676 652 776 714; x_wconf 75' lang='grc' dir='ltr'><em>ᾄδει</em></span> <span class='ocrx_word' id='word_1_24' title='bbox 808 656 853 699; x_wconf 91' lang='grc' dir='ltr'><em>τὸ</em></span> <span class='ocrx_word' id='word_1_25' title='bbox 886 657 1036 699; x_wconf 83' lang='grc' dir='ltr'><strong><em>κακόν.</em></strong></span> 
     </span>
    </p>
   </div>
   <div class='ocr_carea' id='block_1_5' title="bbox 160 738 1751 857">
    <p class='ocr_par' dir='ltr' id='par_1_5' title="bbox 160 738 1751 857">
     <span class='ocr_line' id='line_1_7' title="bbox 279 738 1751 800; baseline -0.001 -16"><span class='ocrx_word' id='word_1_26' title='bbox 279 743 405 784; x_wconf 89' lang='lat' dir='ltr'>Orion</span> <span class='ocrx_word' id='word_1_27' title='bbox 442 744 566 784; x_wconf 85' lang='lat' dir='ltr'>Theb.</span> <span class='ocrx_word' id='word_1_28' title='bbox 605 743 740 795; x_wconf 75' lang='lat' dir='ltr'>Etym.</span> <span class='ocrx_word' id='word_1_29' title='bbox 774 745 848 792; x_wconf 84' lang='lat'><em>23,</em></span> <span class='ocrx_word' id='word_1_30' title='bbox 891 745 912 782; x_wconf 94' lang='lat'>1</span> <span class='ocrx_word' id='word_1_31' title='bbox 962 738 1129 800; x_wconf 76' lang='grc' dir='ltr'><em>(ᾄδειν)</em></span> <span class='ocrx_word' id='word_1_32' title='bbox 1174 741 1322 797; x_wconf 78' lang='grc' dir='ltr'><em>λέγεται</em></span> <span class='ocrx_word' id='word_1_33' title='bbox 1372 741 1440 783; x_wconf 83' lang='grc' dir='ltr'><em>καὶ</em></span> <span class='ocrx_word' id='word_1_34' title='bbox 1482 742 1546 783; x_wconf 84' lang='grc' dir='ltr'><em>ἐπὶ</em></span> <span class='ocrx_word' id='word_1_35' title='bbox 1595 749 1666 783; x_wconf 85' lang='grc' dir='ltr'><em>τοῦ</em></span> <span class='ocrx_word' id='word_1_36' title='bbox 1704 742 1751 783; x_wconf 84' lang='grc' dir='ltr'><em>τὰ</em></span> 
     </span>
     <span class='ocr_line' id='line_1_8' title="bbox 160 801 1068 857; baseline -0.001 -13"><span class='ocrx_word' id='word_1_37' title='bbox 160 802 652 856; x_wconf 79' lang='grc' dir='ltr'><em>αὐτὰ’έπαναλαμβάνειν.</em></span> <span class='ocrx_word' id='word_1_38' title='bbox 713 801 960 857; x_wconf 82' lang='grc' dir='ltr'><em>Μένανδρος</em></span> <span class='ocrx_word' id='word_1_39' title='bbox 990 806 1068 843; x_wconf 89' lang='grc' dir='ltr'><strong><em>κτλ.</em></strong></span> 
     </span>
    </p>
   </div>
   <div class='ocr_carea' id='block_1_6' title="bbox 908 946 1359 1087">
    <p class='ocr_par' dir='ltr' id='par_1_6' title="bbox 908 946 1359 1087">
     <span class='ocr_line' id='line_1_9' title="bbox 908 946 994 989; baseline -0.012 0"><span class='ocrx_word' id='word_1_40' title='bbox 908 946 994 989; x_wconf 86' lang='grc'><em>883</em></span> 
     </span>
     <span class='ocr_line' id='line_1_10' title="bbox 1027 1029 1359 1087; baseline 0.003 -15"><span class='ocrx_word' id='word_1_41' title='bbox 1027 1029 1241 1087; x_wconf 78' lang='grc' dir='ltr'><em>διεμέριζε</em></span> <span class='ocrx_word' id='word_1_42' title='bbox 1274 1030 1359 1087; x_wconf 78' lang='grc' dir='ltr'><em>γὰρ</em></span> 
     </span>
    </p>
   </div>
   <div class='ocr_carea' id='block_1_7' title="bbox 0 0 158 1123">
    <p class='ocr_par' dir='ltr' id='par_1_7' title="bbox 0 0 158 1123">
     <span class='ocr_line' id='line_1_11' title="bbox 0 0 158 1123; baseline 0 0"><span class='ocrx_word' id='word_1_43' title='bbox 0 0 158 1123; x_wconf 95' lang='lat' dir='ltr'><em> </em></span> 
     </span>
    </p>
   </div>
   <div class='ocr_carea' id='block_1_8' title="bbox 449 1091 855 1148">
    <p class='ocr_par' dir='ltr' id='par_1_8' title="bbox 449 1091 855 1148">
     <span class='ocr_line' id='line_1_12' title="bbox 449 1091 855 1148; baseline -0.002 -14"><span class='ocrx_word' id='word_1_44' title='bbox 449 1091 473 1134; x_wconf 87' lang='grc' dir='ltr'>ὁ</span> <span class='ocrx_word' id='word_1_45' title='bbox 505 1092 855 1148; x_wconf 76' lang='grc' dir='ltr'><strong><em>Βορυσθενίτης.</em></strong></span> 
     </span>
    </p>
   </div>
   <div class='ocr_carea' id='block_1_9' title="bbox 0 1175 1752 1412">
    <p class='ocr_par' dir='ltr' id='par_1_9' title="bbox 0 1175 1752 1233">
     <span class='ocr_line' id='line_1_13' title="bbox 0 1175 1752 1233; baseline -0.001 -14"><span class='ocrx_word' id='word_1_46' title='bbox 0 1231 2 1233; x_wconf 66' lang='lat'>‚</span> <span class='ocrx_word' id='word_1_47' title='bbox 280 1179 410 1219; x_wconf 81' lang='lat' dir='ltr'>Schol.</span> <span class='ocrx_word' id='word_1_48' title='bbox 430 1178 599 1229; x_wconf 83' lang='lat' dir='ltr'>Dionys.</span> <span class='ocrx_word' id='word_1_49' title='bbox 629 1179 784 1231; x_wconf 85' lang='lat' dir='ltr'>Perieg.</span> <span class='ocrx_word' id='word_1_50' title='bbox 809 1180 892 1218; x_wconf 88' lang='lat'><em>311</em></span> <span class='ocrx_word' id='word_1_51' title='bbox 929 1175 1194 1232; x_wconf 80' lang='grc' dir='ltr'><strong><em>Βορυσθένης</em></strong></span> <span class='ocrx_word' id='word_1_52' title='bbox 1223 1177 1400 1230; x_wconf 83' lang='grc' dir='ltr'><em>ποταμὸς</em></span> <span class='ocrx_word' id='word_1_53' title='bbox 1431 1176 1521 1232; x_wconf 84' lang='grc' dir='ltr'><em>περὶ</em></span> <span class='ocrx_word' id='word_1_54' title='bbox 1551 1177 1620 1218; x_wconf 89' lang='grc' dir='ltr'><em>τὸν</em></span> <span class='ocrx_word' id='word_1_55' title='bbox 1641 1178 1752 1219; x_wconf 86' lang='grc' dir='ltr'><em>Πόν-</em></span> 
     </span>
    </p>

    <p class='ocr_par' dir='ltr' id='par_1_10' title="bbox 0 1234 1750 1293">
     <span class='ocr_line' id='line_1_14' title="bbox 0 1234 1750 1293; baseline -0.001 -13"><span class='ocrx_word' id='word_1_56' title='bbox 0 1234 7 1288; x_wconf 67' lang='grc' dir='ltr'>ζ</span> <span class='ocrx_word' id='word_1_57' title='bbox 159 1254 249 1288; x_wconf 86' lang='grc' dir='ltr'><em>τον,</em></span> <span class='ocrx_word' id='word_1_58' title='bbox 287 1238 387 1279; x_wconf 84' lang='grc' dir='ltr'><em>ὅθεν</em></span> <span class='ocrx_word' id='word_1_59' title='bbox 424 1237 491 1279; x_wconf 83' lang='grc' dir='ltr'><em>καὶ</em></span> <span class='ocrx_word' id='word_1_60' title='bbox 529 1238 572 1279; x_wconf 80' lang='grc' dir='ltr'><em>οἱ</em></span> <span class='ocrx_word' id='word_1_61' title='bbox 600 1237 794 1290; x_wconf 84' lang='grc' dir='ltr'><em>Ποντικοὶ</em></span> <span class='ocrx_word' id='word_1_62' title='bbox 830 1241 1136 1292; x_wconf 81' lang='grc' dir='ltr'><em>Βορυσθενῖται,</em></span> <span class='ocrx_word' id='word_1_63' title='bbox 1170 1237 1224 1287; x_wconf 82' lang='grc' dir='ltr'><em>ὡς</em></span> <span class='ocrx_word' id='word_1_64' title='bbox 1256 1236 1504 1293; x_wconf 82' lang='grc' dir='ltr'><em>Μένανδρος</em></span> <span class='ocrx_word' id='word_1_65' title='bbox 1541 1237 1642 1292; x_wconf 80' lang='grc' dir='ltr'><em>λέγει</em></span> <span class='ocrx_word' id='word_1_66' title='bbox 1674 1242 1750 1278; x_wconf 86' lang='grc' dir='ltr'><strong><em>κτλ.</em></strong></span> 
     </span>
    </p>

    <p class='ocr_par' dir='ltr' id='par_1_11' title="bbox 0 1295 1750 1412">
     <span class='ocr_line' id='line_1_15' title="bbox 0 1295 1750 1354; baseline -0.001 -14"><span class='ocrx_word' id='word_1_67' title='bbox 0 1295 6 1307; x_wconf 64' lang='grc'><strong>“</strong></span> <span class='ocrx_word' id='word_1_68' title='bbox 160 1297 326 1340; x_wconf 71' lang='lat' dir='ltr'>‘rectius</span> <span class='ocrx_word' id='word_1_69' title='bbox 346 1299 675 1354; x_wconf 79' lang='grc' dir='ltr'><em>Βορυσθενείτης.</em></span> <span class='ocrx_word' id='word_1_70' title='bbox 738 1300 847 1350; x_wconf 87' lang='lat' dir='ltr'><strong>quod</strong></span> <span class='ocrx_word' id='word_1_71' title='bbox 879 1300 970 1351; x_wconf 84' lang='lat' dir='ltr'>quis</span> <span class='ocrx_word' id='word_1_72' title='bbox 1003 1300 1204 1350; x_wconf 79' lang='lat' dir='ltr'>suspicari</span> <span class='ocrx_word' id='word_1_73' title='bbox 1234 1299 1365 1350; x_wconf 75' lang='lat' dir='ltr'>possit</span> <span class='ocrx_word' id='word_1_74' title='bbox 1397 1298 1607 1354; x_wconf 80' lang='grc' dir='ltr'><em>διεμήριζε,</em></span> <span class='ocrx_word' id='word_1_75' title='bbox 1638 1300 1750 1339; x_wconf 85' lang='lat' dir='ltr'>Men-</span> 
     </span>
     <span class='ocr_line' id='line_1_16' title="bbox 161 1355 1256 1412; baseline -0.002 -11"><span class='ocrx_word' id='word_1_76' title='bbox 161 1361 278 1401; x_wconf 86' lang='lat' dir='ltr'>andri</span> <span class='ocrx_word' id='word_1_77' title='bbox 308 1360 574 1401; x_wconf 77' lang='lat' dir='ltr'>verecundiae</span> <span class='ocrx_word' id='word_1_78' title='bbox 605 1355 878 1412; x_wconf 75' lang='lat' dir='ltr'>repugnaret&#39;.</span> <span class='ocrx_word' id='word_1_79' title='bbox 940 1360 1058 1400; x_wconf 86' lang='lat' dir='ltr'>Mein.</span> <span class='ocrx_word' id='word_1_80' title='bbox 1087 1360 1123 1398; x_wconf 95' lang='lat' dir='ltr'><strong>V</strong></span> <span class='ocrx_word' id='word_1_81' title='bbox 1161 1362 1256 1400; x_wconf 86' lang='lat'>109.</span> 
     </span>
    </p>
   </div>
   <div class='ocr_carea' id='block_1_10' title="bbox 162 1582 1755 1790">
    <p class='ocr_par' dir='ltr' id='par_1_12' title="bbox 162 1582 1755 1790">
     <span class='ocr_line' id='line_1_17' title="bbox 449 1582 1245 1643; baseline -0.001 -13"><span class='ocrx_word' id='word_1_82' title='bbox 449 1587 588 1630; x_wconf 85' lang='grc' dir='ltr'><strong><em>ταῦτά</em></strong></span> <span class='ocrx_word' id='word_1_83' title='bbox 621 1585 662 1630; x_wconf 79' lang='lat'><em>6’</em></span> <span class='ocrx_word' id='word_1_84' title='bbox 701 1582 968 1642; x_wconf 83' lang='grc' dir='ltr'><em>ἀπολώλεκ’,</em></span> <span class='ocrx_word' id='word_1_85' title='bbox 1001 1584 1032 1629; x_wconf 80' lang='grc' dir='ltr'><em>ὦ</em></span> <span class='ocrx_word' id='word_1_86' title='bbox 1065 1585 1245 1643; x_wconf 82' lang='grc' dir='ltr'><em>πονηρέ.</em></span> 
     </span>
     <span class='ocr_line' id='line_1_18' title="bbox 284 1671 1755 1728; baseline -0.001 -13"><span class='ocrx_word' id='word_1_87' title='bbox 284 1675 462 1716; x_wconf 81' lang='lat' dir='ltr'>Galenus</span> <span class='ocrx_word' id='word_1_88' title='bbox 494 1675 535 1714; x_wconf 90' lang='grc' dir='ltr'><em>ΙΙ</em></span> <span class='ocrx_word' id='word_1_89' title='bbox 568 1677 620 1715; x_wconf 89' lang='lat'><em>61</em></span> <span class='ocrx_word' id='word_1_90' title='bbox 658 1675 794 1715; x_wconf 75' lang='lat' dir='ltr'>Chart.</span> <span class='ocrx_word' id='word_1_91' title='bbox 827 1674 863 1714; x_wconf 86' lang='grc' dir='ltr'><em>εἰ</em></span> <span class='ocrx_word' id='word_1_92' title='bbox 893 1671 935 1714; x_wconf 81' lang='grc' dir='ltr'><em>δὲ</em></span> <span class='ocrx_word' id='word_1_93' title='bbox 967 1671 1072 1728; x_wconf 77' lang='grc' dir='ltr'><em>λέγοι</em></span> <span class='ocrx_word' id='word_1_94' title='bbox 1102 1688 1160 1722; x_wconf 86' lang='grc' dir='ltr'><em>τις</em></span> <span class='ocrx_word' id='word_1_95' title='bbox 1190 1673 1313 1713; x_wconf 84' lang='grc' dir='ltr'><strong><em>ταῦτά</em></strong></span> <span class='ocrx_word' id='word_1_96' title='bbox 1345 1688 1384 1713; x_wconf 89' lang='grc' dir='ltr'><em>τε</em></span> <span class='ocrx_word' id='word_1_97' title='bbox 1417 1671 1484 1713; x_wconf 83' lang='grc' dir='ltr'><em>καὶ</em></span> <span class='ocrx_word' id='word_1_98' title='bbox 1514 1672 1561 1712; x_wconf 81' lang='grc' dir='ltr'><em>τὰ</em></span> <span class='ocrx_word' id='word_1_99' title='bbox 1592 1678 1755 1714; x_wconf 80' lang='grc' dir='ltr'><em>τοιαῦτα</em></span> 
     </span>
     <span class='ocr_line' id='line_1_19' title="bbox 162 1732 1752 1790; baseline -0.001 -15"><span class='ocrx_word' id='word_1_100' title='bbox 162 1735 293 1776; x_wconf 82' lang='grc' dir='ltr'><em>πάντα</em></span> <span class='ocrx_word' id='word_1_101' title='bbox 329 1734 522 1790; x_wconf 82' lang='grc' dir='ltr'><em>ὑπάρχειν</em></span> <span class='ocrx_word' id='word_1_102' title='bbox 566 1733 663 1790; x_wconf 81' lang='grc' dir='ltr'><em>ἀέρα</em></span> <span class='ocrx_word' id='word_1_103' title='bbox 707 1732 985 1788; x_wconf 81' lang='grc' dir='ltr'><em>πεπληγμένον</em></span> <span class='ocrx_word' id='word_1_104' title='bbox 1024 1748 1130 1786; x_wconf 85' lang='grc' dir='ltr'><em>πως,</em></span> <span class='ocrx_word' id='word_1_105' title='bbox 1174 1732 1297 1773; x_wconf 84' lang='grc' dir='ltr'><strong><em>καλὸν</em></strong></span> <span class='ocrx_word' id='word_1_106' title='bbox 1342 1732 1518 1774; x_wconf 79' lang='grc' dir='ltr'><em>ἐπειπεῖν</em></span> <span class='ocrx_word' id='word_1_107' title='bbox 1559 1733 1666 1790; x_wconf 82' lang='grc' dir='ltr'><strong><em>αὐτῷ</em></strong></span> <span class='ocrx_word' id='word_1_108' title='bbox 1710 1732 1752 1773; x_wconf 89' lang='grc' dir='ltr'><em>τὸ</em></span> 
     </span>
    </p>
   </div>
   <div class='ocr_carea' id='block_1_11' title="bbox 165 1789 1752 1906">
    <p class='ocr_par' dir='ltr' id='par_1_13' title="bbox 165 1789 1752 1906">
     <span class='ocr_line' id='line_1_20' title="bbox 165 1789 1752 1850; baseline -0.002 -14"><span class='ocrx_word' id='word_1_109' title='bbox 165 1796 450 1850; x_wconf 79' lang='grc' dir='ltr'><em>Μενάνδρειον</em></span> <span class='ocrx_word' id='word_1_110' title='bbox 490 1795 613 1836; x_wconf 84' lang='grc' dir='ltr'><strong><em>ταῦτά</em></strong></span> <span class='ocrx_word' id='word_1_111' title='bbox 650 1810 689 1835; x_wconf 87' lang='grc' dir='ltr'><em>τε</em></span> <span class='ocrx_word' id='word_1_112' title='bbox 727 1794 978 1836; x_wconf 83' lang='grc' dir='ltr'><em>ἀπολώλεκεν</em></span> <span class='ocrx_word' id='word_1_113' title='bbox 1011 1789 1042 1834; x_wconf 82' lang='grc' dir='ltr'><em>ὦ</em></span> <span class='ocrx_word' id='word_1_114' title='bbox 1074 1808 1115 1834; x_wconf 86' lang='grc' dir='ltr'><em>π.</em></span> <span class='ocrx_word' id='word_1_115' title='bbox 1178 1808 1278 1834; x_wconf 82' lang='lat' dir='ltr'>corr.</span> <span class='ocrx_word' id='word_1_116' title='bbox 1311 1794 1428 1834; x_wconf 80' lang='lat' dir='ltr'>Mein.</span> <span class='ocrx_word' id='word_1_117' title='bbox 1480 1795 1549 1834; x_wconf 84' lang='lat' dir='ltr'><em>sed</em></span> <span class='ocrx_word' id='word_1_118' title='bbox 1582 1796 1752 1834; x_wconf 73' lang='lat' dir='ltr'><strong>fortasse</strong></span> 
     </span>
     <span class='ocr_line' id='line_1_21' title="bbox 165 1850 781 1906; baseline -0.002 -10"><span class='ocrx_word' id='word_1_119' title='bbox 165 1856 287 1897; x_wconf 86' lang='grc' dir='ltr'><strong><em>ταῦτά</em></strong></span> <span class='ocrx_word' id='word_1_120' title='bbox 318 1868 360 1897; x_wconf 88' lang='grc' dir='ltr'><em>σε</em></span> <span class='ocrx_word' id='word_1_121' title='bbox 388 1857 394 1906; x_wconf 96' lang='grc' dir='ltr'>Ι</span> <span class='ocrx_word' id='word_1_122' title='bbox 423 1852 641 1897; x_wconf 83' lang='grc' dir='ltr'><em>ἀπολώλεκ’</em></span> <span class='ocrx_word' id='word_1_123' title='bbox 678 1850 708 1895; x_wconf 80' lang='grc' dir='ltr'><em>ὦ</em></span> <span class='ocrx_word' id='word_1_124' title='bbox 740 1869 781 1895; x_wconf 90' lang='grc' dir='ltr'><em>π.</em></span> 
     </span>
    </p>
   </div>
   <div class='ocr_carea' id='block_1_12' title="bbox 453 1961 1175 2102">
    <p class='ocr_par' dir='ltr' id='par_1_14' title="bbox 453 1961 1175 2102">
     <span class='ocr_line' id='line_1_22' title="bbox 914 1961 1002 2004; baseline 0 0"><span class='ocrx_word' id='word_1_125' title='bbox 914 1961 1002 2004; x_wconf 83' lang='grc'><em>885</em></span> 
     </span>
     <span class='ocr_line' id='line_1_23' title="bbox 453 2044 1175 2102; baseline -0.003 -13"><span class='ocrx_word' id='word_1_126' title='bbox 453 2046 674 2102; x_wconf 73' lang='grc' dir='ltr'><em>ἐγάμησεν</em></span> <span class='ocrx_word' id='word_1_127' title='bbox 705 2045 762 2101; x_wconf 78' lang='grc' dir='ltr'><em>ἣν</em></span> <span class='ocrx_word' id='word_1_128' title='bbox 794 2044 1046 2101; x_wconf 80' lang='grc' dir='ltr'><em>ἐβουλόμην</em></span> <span class='ocrx_word' id='word_1_129' title='bbox 1077 2044 1175 2100; x_wconf 78' lang='grc' dir='ltr'><strong><em>ἐγώ.</em></strong></span> 
     </span>
    </p>
   </div>
   <div class='ocr_carea' id='block_1_13' title="bbox 167 2128 1754 2304">
    <p class='ocr_par' dir='ltr' id='par_1_15' title="bbox 167 2128 1754 2304">
     <span class='ocr_line' id='line_1_24' title="bbox 287 2128 1753 2186; baseline -0.003 -11"><span class='ocrx_word' id='word_1_130' title='bbox 287 2135 419 2175; x_wconf 74' lang='lat' dir='ltr'>Schol.</span> <span class='ocrx_word' id='word_1_131' title='bbox 452 2134 562 2185; x_wconf 84' lang='lat' dir='ltr'>Lips.</span> <span class='ocrx_word' id='word_1_132' title='bbox 593 2133 710 2174; x_wconf 88' lang='lat' dir='ltr'>Hom.</span> <span class='ocrx_word' id='word_1_133' title='bbox 746 2136 782 2184; x_wconf 84' lang='lat'><em>9,</em></span> <span class='ocrx_word' id='word_1_134' title='bbox 817 2135 902 2174; x_wconf 84' lang='lat'><em>394</em></span> <span class='ocrx_word' id='word_1_135' title='bbox 946 2131 1190 2186; x_wconf 77' lang='grc' dir='ltr'><em>γαμέσσεται.</em></span> <span class='ocrx_word' id='word_1_136' title='bbox 1252 2130 1441 2172; x_wconf 82' lang='grc' dir='ltr'><em>ἐντεῦθεν</em></span> <span class='ocrx_word' id='word_1_137' title='bbox 1480 2129 1595 2184; x_wconf 76' lang='grc' dir='ltr'><em>ἔλαβε</em></span> <span class='ocrx_word' id='word_1_138' title='bbox 1638 2128 1753 2171; x_wconf 87' lang='grc' dir='ltr'><em>Μέν-</em></span> 
     </span>
     <span class='ocr_line' id='line_1_25' title="bbox 167 2191 1754 2249; baseline -0.003 -14"><span class='ocrx_word' id='word_1_139' title='bbox 167 2195 315 2249; x_wconf 80' lang='grc' dir='ltr'><em>ανδρος</em></span> <span class='ocrx_word' id='word_1_140' title='bbox 345 2193 388 2234; x_wconf 90' lang='grc' dir='ltr'><em>τὸ</em></span> <span class='ocrx_word' id='word_1_141' title='bbox 420 2196 499 2233; x_wconf 87' lang='grc' dir='ltr'><strong><em>κτλ.</em></strong></span> <span class='ocrx_word' id='word_1_142' title='bbox 560 2194 610 2234; x_wconf 82' lang='lat' dir='ltr'><em>of.</em></span> <span class='ocrx_word' id='word_1_143' title='bbox 642 2194 816 2233; x_wconf 83' lang='lat' dir='ltr'>Lobeck.</span> <span class='ocrx_word' id='word_1_144' title='bbox 849 2194 996 2245; x_wconf 87' lang='lat' dir='ltr'>Phryn.</span> <span class='ocrx_word' id='word_1_145' title='bbox 1032 2195 1129 2233; x_wconf 81' lang='lat'>742.</span> <span class='ocrx_word' id='word_1_146' title='bbox 1180 2193 1401 2244; x_wconf 70' lang='lat' dir='ltr'>depravato</span> <span class='ocrx_word' id='word_1_147' title='bbox 1439 2192 1573 2231; x_wconf 82' lang='lat' dir='ltr'>codice</span> <span class='ocrx_word' id='word_1_148' title='bbox 1613 2191 1754 2242; x_wconf 84' lang='lat' dir='ltr'>decep-</span> 
     </span>
     <span class='ocr_line' id='line_1_26' title="bbox 168 2252 1753 2304; baseline -0.003 -9"><span class='ocrx_word' id='word_1_149' title='bbox 168 2258 255 2295; x_wconf 70' lang='lat' dir='ltr'><em>{zum</em></span> <span class='ocrx_word' id='word_1_150' title='bbox 288 2268 375 2295; x_wconf 82' lang='lat' dir='ltr'><strong>esse</strong></span> <span class='ocrx_word' id='word_1_151' title='bbox 407 2256 612 2294; x_wconf 75' lang='lat' dir='ltr'>auctorem</span> <span class='ocrx_word' id='word_1_152' title='bbox 645 2254 888 2294; x_wconf 81' lang='lat' dir='ltr'><strong>scholiorum</strong></span> <span class='ocrx_word' id='word_1_153' title='bbox 921 2254 1192 2304; x_wconf 80' lang='lat' dir='ltr'>Lipsiensium</span> <span class='ocrx_word' id='word_1_154' title='bbox 1233 2253 1320 2292; x_wconf 82' lang='lat' dir='ltr'>iure</span> <span class='ocrx_word' id='word_1_155' title='bbox 1353 2252 1584 2304; x_wconf 74' lang='lat' dir='ltr'>suspicatur</span> <span class='ocrx_word' id='word_1_156' title='bbox 1616 2252 1753 2292; x_wconf 72' lang='lat' dir='ltr'>Cobet.</span> 
     </span>
    </p>
   </div>
   <div class='ocr_carea' id='block_1_14' title="bbox 168 2316 1002 2451">
    <p class='ocr_par' dir='ltr' id='par_1_16' title="bbox 168 2316 1002 2451">
     <span class='ocr_line' id='line_1_27' title="bbox 168 2316 479 2356; baseline 0 -2"><span class='ocrx_word' id='word_1_157' title='bbox 168 2316 217 2355; x_wconf 88' lang='lat' dir='ltr'><em>N.</em></span> <span class='ocrx_word' id='word_1_158' title='bbox 249 2316 275 2355; x_wconf 91' lang='lat'><em>1.</em></span> <span class='ocrx_word' id='word_1_159' title='bbox 310 2317 377 2356; x_wconf 87' lang='grc'><em>69.</em></span> <span class='ocrx_word' id='word_1_160' title='bbox 413 2316 479 2355; x_wconf 82' lang='grc'><strong><em>70.</em></strong></span> 
     </span>
     <span class='ocr_line' id='line_1_28' title="bbox 915 2407 1002 2451; baseline -0.023 0"><span class='ocrx_word' id='word_1_161' title='bbox 915 2407 1002 2451; x_wconf 86' lang='grc'><em>886</em></span> 
     </span>
    </p>
   </div>
   <div class='ocr_carea' id='block_1_15' title="bbox 458 2490 1123 2548">
    <p class='ocr_par' dir='ltr' id='par_1_17' title="bbox 458 2490 1123 2548">
     <span class='ocr_line' id='line_1_29' title="bbox 458 2490 1123 2548; baseline 0 -14"><span class='ocrx_word' id='word_1_162' title='bbox 458 2491 540 2534; x_wconf 86' lang='grc' dir='ltr'><em>οὐκ</em></span> <span class='ocrx_word' id='word_1_163' title='bbox 571 2491 819 2548; x_wconf 84' lang='grc' dir='ltr'><em>ἠρκέσαμεν</em></span> <span class='ocrx_word' id='word_1_164' title='bbox 852 2527 859 2534; x_wconf 89' lang='grc'><strong><em>.</em></strong></span> <span class='ocrx_word' id='word_1_165' title='bbox 894 2526 903 2534; x_wconf 93' lang='grc'><strong><em>.</em></strong></span> <span class='ocrx_word' id='word_1_166' title='bbox 936 2490 1123 2542; x_wconf 79' lang='grc' dir='ltr'><em>ἑαυτοῖς.</em></span> 
     </span>
    </p>
   </div>
   <div class='ocr_carea' id='block_1_16' title="bbox 170 2572 1757 2990">
    <p class='ocr_par' dir='ltr' id='par_1_18' title="bbox 170 2572 1757 2990">
     <span class='ocr_line' id='line_1_30' title="bbox 292 2572 1755 2632; baseline -0.001 -14"><span class='ocrx_word' id='word_1_167' title='bbox 292 2579 532 2618; x_wconf 77' lang='lat' dir='ltr'>Eustathius</span> <span class='ocrx_word' id='word_1_168' title='bbox 562 2580 688 2627; x_wconf 84' lang='lat'>1547,</span> <span class='ocrx_word' id='word_1_169' title='bbox 722 2581 775 2618; x_wconf 83' lang='lat'><em>29</em></span> <span class='ocrx_word' id='word_1_170' title='bbox 812 2576 1055 2632; x_wconf 81' lang='grc' dir='ltr'><em>Μένανδρος</em></span> <span class='ocrx_word' id='word_1_171' title='bbox 1086 2572 1176 2629; x_wconf 73' lang='grc' dir='ltr'><em>οὖν,</em></span> <span class='ocrx_word' id='word_1_172' title='bbox 1208 2578 1346 2629; x_wconf 86' lang='grc' dir='ltr'><em>φασίν,</em></span> <span class='ocrx_word' id='word_1_173' title='bbox 1378 2575 1593 2631; x_wconf 81' lang='grc' dir='ltr'><em>ἁμαρτάνει</em></span> <span class='ocrx_word' id='word_1_174' title='bbox 1630 2575 1755 2631; x_wconf 77' lang='grc' dir='ltr'><em>λέγων</em></span> 
     </span>
     <span class='ocr_line' id='line_1_31' title="bbox 170 2637 1755 2692; baseline -0.001 -13"><span class='ocrx_word' id='word_1_175' title='bbox 170 2643 248 2679; x_wconf 89' lang='grc' dir='ltr'><strong><em>κτλ.</em></strong></span> <span class='ocrx_word' id='word_1_176' title='bbox 304 2637 422 2692; x_wconf 80' lang='grc' dir='ltr'><em>ἐχρῆν</em></span> <span class='ocrx_word' id='word_1_177' title='bbox 460 2637 534 2692; x_wconf 83' lang='grc' dir='ltr'><em>γὰρ</em></span> <span class='ocrx_word' id='word_1_178' title='bbox 571 2637 753 2690; x_wconf 79' lang='grc' dir='ltr'><strong><em>ἀλλήλοις</em></strong></span> <span class='ocrx_word' id='word_1_179' title='bbox 790 2638 926 2678; x_wconf 82' lang='grc' dir='ltr'><em>εἰπεῖν.</em></span> <span class='ocrx_word' id='word_1_180' title='bbox 988 2639 1205 2679; x_wconf 84' lang='lat' dir='ltr'>Herodian.</span> <span class='ocrx_word' id='word_1_181' title='bbox 1246 2638 1479 2678; x_wconf 84' lang='lat' dir='ltr'>Boissonad.</span> <span class='ocrx_word' id='word_1_182' title='bbox 1512 2637 1661 2677; x_wconf 78' lang='lat' dir='ltr'>Anecd.</span> <span class='ocrx_word' id='word_1_183' title='bbox 1692 2638 1755 2677; x_wconf 94' lang='lat' dir='ltr'><em>III</em></span> 
     </span>
     <span class='ocr_line' id='line_1_32' title="bbox 173 2694 1755 2754; baseline -0.001 -15"><span class='ocrx_word' id='word_1_184' title='bbox 173 2702 257 2739; x_wconf 83' lang='lat'><em>269</em></span> <span class='ocrx_word' id='word_1_185' title='bbox 286 2699 350 2739; x_wconf 79' lang='lat' dir='ltr'><em>vel</em></span> <span class='ocrx_word' id='word_1_186' title='bbox 371 2700 469 2749; x_wconf 83' lang='lat'>320,</span> <span class='ocrx_word' id='word_1_187' title='bbox 501 2700 526 2738; x_wconf 86' lang='lat'>5</span> <span class='ocrx_word' id='word_1_188' title='bbox 547 2699 704 2738; x_wconf 86' lang='lat' dir='ltr'><strong>Nauck.</strong></span> <span class='ocrx_word' id='word_1_189' title='bbox 726 2694 840 2754; x_wconf 79' lang='lat' dir='ltr'>(Lex.</span> <span class='ocrx_word' id='word_1_190' title='bbox 862 2694 1052 2753; x_wconf 82' lang='lat' dir='ltr'>Vindob.)</span> <span class='ocrx_word' id='word_1_191' title='bbox 1074 2696 1319 2751; x_wconf 82' lang='grc' dir='ltr'><em>Μένανδρος</em></span> <span class='ocrx_word' id='word_1_192' title='bbox 1351 2695 1372 2737; x_wconf 86' lang='grc' dir='ltr'>ὁ</span> <span class='ocrx_word' id='word_1_193' title='bbox 1403 2696 1575 2749; x_wconf 83' lang='grc' dir='ltr'><em>κωμικὸς</em></span> <span class='ocrx_word' id='word_1_194' title='bbox 1607 2695 1755 2751; x_wconf 82' lang='grc' dir='ltr'><strong><em>ἀκυρο-</em></strong></span> 
     </span>
     <span class='ocr_line' id='line_1_33' title="bbox 171 2755 1756 2812; baseline -0.001 -13"><span class='ocrx_word' id='word_1_195' title='bbox 171 2761 284 2812; x_wconf 76' lang='grc' dir='ltr'><em>λογεῖ</em></span> <span class='ocrx_word' id='word_1_196' title='bbox 307 2756 450 2812; x_wconf 79' lang='grc' dir='ltr'><em>λέγων·</em></span> <span class='ocrx_word' id='word_1_197' title='bbox 483 2756 558 2798; x_wconf 81' lang='grc' dir='ltr'><em>οὐκ</em></span> <span class='ocrx_word' id='word_1_198' title='bbox 589 2755 776 2812; x_wconf 85' lang='grc' dir='ltr'><em>ὀρίσαμεν</em></span> <span class='ocrx_word' id='word_1_199' title='bbox 808 2757 943 2807; x_wconf 80' lang='grc' dir='ltr'><strong><em>αὐτοῖς</em></strong></span> <span class='ocrx_word' id='word_1_200' title='bbox 974 2756 1053 2810; x_wconf 66' lang='grc' dir='ltr'><em>’ἤδη</em></span> <span class='ocrx_word' id='word_1_201' title='bbox 1093 2756 1171 2809; x_wconf 84' lang='grc' dir='ltr'><em>εἰμὶ</em></span> <span class='ocrx_word' id='word_1_202' title='bbox 1203 2763 1292 2805; x_wconf 85' lang='grc' dir='ltr'><strong><em>σῶς.</em></strong></span> <span class='ocrx_word' id='word_1_203' title='bbox 1356 2757 1647 2797; x_wconf 83' lang='lat' dir='ltr'>Schneidewin.</span> <span class='ocrx_word' id='word_1_204' title='bbox 1680 2756 1756 2798; x_wconf 82' lang='grc' dir='ltr'><em>οὐκ</em></span> 
     </span>
     <span class='ocr_line' id='line_1_34' title="bbox 171 2815 1754 2873; baseline -0.001 -15"><span class='ocrx_word' id='word_1_205' title='bbox 171 2816 369 2873; x_wconf 78' lang='grc' dir='ltr'><em>ἠρέσαμεν</em></span> <span class='ocrx_word' id='word_1_206' title='bbox 413 2816 612 2869; x_wconf 76' lang='grc' dir='ltr'><em>αὐτοῖσιν,</em></span> <span class='ocrx_word' id='word_1_207' title='bbox 654 2815 734 2870; x_wconf 77' lang='grc' dir='ltr'><em>ἤδη</em></span> <span class='ocrx_word' id='word_1_208' title='bbox 774 2815 809 2858; x_wconf 81' lang='grc' dir='ltr'><em>δ’</em></span> <span class='ocrx_word' id='word_1_209' title='bbox 845 2817 924 2870; x_wconf 81' lang='grc' dir='ltr'><em>εἰμὶ</em></span> <span class='ocrx_word' id='word_1_210' title='bbox 962 2824 1051 2866; x_wconf 84' lang='grc' dir='ltr'><strong><em>σῶς.</em></strong></span> <span class='ocrx_word' id='word_1_211' title='bbox 1112 2819 1301 2858; x_wconf 74' lang='lat' dir='ltr'>videntur</span> <span class='ocrx_word' id='word_1_212' title='bbox 1338 2817 1473 2867; x_wconf 73' lang='lat' dir='ltr'>potius</span> <span class='ocrx_word' id='word_1_213' title='bbox 1510 2818 1634 2863; x_wconf 81' lang='lat' dir='ltr'>verba</span> <span class='ocrx_word' id='word_1_214' title='bbox 1670 2831 1754 2857; x_wconf 83' lang='lat' dir='ltr'>cor-</span> 
     </span>
     <span class='ocr_line' id='line_1_35' title="bbox 173 2874 1757 2931; baseline -0.001 -13"><span class='ocrx_word' id='word_1_215' title='bbox 173 2881 296 2929; x_wconf 74' lang='lat' dir='ltr'>rupta.</span> <span class='ocrx_word' id='word_1_216' title='bbox 333 2892 380 2918; x_wconf 84' lang='lat' dir='ltr'><em>ex</em></span> <span class='ocrx_word' id='word_1_217' title='bbox 418 2878 634 2917; x_wconf 74' lang='lat' dir='ltr'>Eustathio</span> <span class='ocrx_word' id='word_1_218' title='bbox 674 2879 922 2918; x_wconf 80' lang='lat' dir='ltr'>emendanda</span> <span class='ocrx_word' id='word_1_219' title='bbox 960 2891 1046 2918; x_wconf 80' lang='lat' dir='ltr'><strong>esse</strong></span> <span class='ocrx_word' id='word_1_220' title='bbox 1086 2875 1161 2917; x_wconf 81' lang='grc' dir='ltr'><em>οὐκ</em></span> <span class='ocrx_word' id='word_1_221' title='bbox 1198 2874 1419 2931; x_wconf 80' lang='grc' dir='ltr'><em>ἠρκέσαμεν</em></span> <span class='ocrx_word' id='word_1_222' title='bbox 1457 2875 1612 2925; x_wconf 79' lang='grc' dir='ltr'><strong><em>ἑαυτοῖς</em></strong></span> <span class='ocrx_word' id='word_1_223' title='bbox 1650 2876 1757 2917; x_wconf 84' lang='grc' dir='ltr'><em>ἀντὶ</em></span> 
     </span>
     <span class='ocr_line' id='line_1_36' title="bbox 174 2936 528 2990; baseline 0 -13"><span class='ocrx_word' id='word_1_224' title='bbox 174 2943 256 2979; x_wconf 82' lang='grc' dir='ltr'><em>τοῦ</em></span> <span class='ocrx_word' id='word_1_225' title='bbox 292 2936 528 2990; x_wconf 81' lang='grc' dir='ltr'><strong><em>ἀλλήλοις.</em></strong></span> 
     </span>
    </p>
   </div>
  </div>
 </body>
</html>
