2014 3334
325 234 411 276 652
634 246 637 251 «
969 231 1230 266 ΑΔΕΣΠΟΤΑ

324 341 545 397 βάρων,ἰ.
566 374 575 382 .
599 374 608 382 .
633 344 876 395 ὕπωχρον,
908 342 955 382 ἐν
990 345 1078 398 χρῷ
1110 342 1330 393 κουρίαν,
1361 340 1403 380 ἐν
1422 342 1557 398 γενείῳ
1577 343 1710 393 βαθεῖ,
1735 342 1890 395 πήραν

323 403 587 455 ἐξημμένον
620 399 687 456 (ἐξ.
718 404 722 451 Ι
750 398 810 456 π.)
831 401 898 441 καὶ
915 401 1126 454 τριβώνιον
1152 400 1438 453 ἀμπεχόμενον,
1467 399 1472 453 Ι
1499 399 1711 455 ὀργίλον,
1742 400 1889 453 ἄμου-

325 475 426 513 σον,
459 462 793 514 τραχύφωνον,
824 462 1060 514 λοίδορον.

1052 577 1163 619 1429

441 665 639 703 Lucianus
673 665 775 703 Dial.
803 665 907 704 deor.
929 666 968 714 4,
1004 666 1023 702 1
1072 659 1140 716 ἄγ’
1187 657 1218 701 ὦ
1255 662 1554 715 Γανύμηδες,
1591 663 1768 714 ἥκομεν
1804 662 1890 717 γὰρ

324 721 422 763 ἔνθ’
464 723 625 777 ἐχρῆν,
659 719 665 775 Ι
717 723 925 774 φίλησόν
957 738 1008 773 με
1039 721 1128 774 ἤδη
1156 719 1253 777 (ἤδη
1279 718 1354 776 μ’).
1436 726 1459 761 2
1487 721 1601 770 Διὸς
1632 722 1713 763 οὐκ
1743 721 1891 774 ἥκου-

324 795 406 830 σας
439 779 505 836 (οὐ
525 782 598 836 γὰρ
618 780 680 834 «ἢκ.
701 779 767 836 A)
798 778 843 824 Ι’
831 779 961 834 ὄνομ’
998 780 1108 822 οὐδὲ
1141 781 1301 835 βωμὸν
1333 777 1454 830 εἶδες
1481 781 1529 822 ἐν
1554 784 1612 838 τῷ
1643 782 1889 855 Γαργάρῳ;

325 846 368 893 5,
402 846 425 882 5
467 846 563 881 extr.
603 841 854 894 οἰμώξεται
897 842 1003 896 γάρ,
1046 840 1104 893 ἥν
1147 842 1214 889 τίς
1258 853 1304 881 σε
1345 838 1408 894 (σε’
1444 837 1518 895 τις)
1564 845 1732 882 λυπεῖν
1773 840 1891 899 θέλῃ

324 899 498 941 videtur
530 903 755 941 comoediae
793 915 918 942 novae
950 915 1090 942 versus
1128 897 1278 941 fuisse’.
1318 902 1572 941 Fritzsohius.
1630 902 1891 952 Ganymedem

323 963 568 1012 scripserunt
600 963 783 1011 Alcaeus,
815 962 1078 1013 Antiphanes,
1111 962 1305 1001 Eubulus.

1055 1078 1170 1120 1430

440 1165 641 1204 Lucianus
672 1165 776 1205 Dial.
809 1165 915 1204 deor.
950 1167 1016 1212 22,
1053 1167 1073 1203 1
1109 1167 1222 1200 HAN.
1250 1163 1486 1216 μοιχίδιός
1518 1160 1623 1214 εἰμ’,
1655 1162 1894 1215 ἐξαίρετός

322 1237 395 1263 σοι
438 1223 697 1277 γενόμενος
735 1256 743 1263 .
775 1254 784 1263 .
818 1257 825 1263 .
865 1227 1042 1260 ΕΡΜΗΣ.
1079 1219 1104 1275 ἦ
1142 1223 1235 1263 πού
1276 1220 1385 1278 (add.
1423 1218 1520 1277 τιν’)
1564 1222 1741 1263 ἔλαθον
1783 1219 1894 1276 αἶγα

321 1283 577 1335 μοιχεύσας
609 1283 707 1337 ἐγώ.
753 1280 866 1323 ‘bene
887 1284 1035 1323 cadunt
1053 1284 1095 1322 in
1115 1284 1298 1323 Ararotis
1324 1283 1568 1324 comoediam
1589 1281 1726 1331 Πανὸς
1751 1279 1892 1336 γοναί.’

311 1344 575 1392 -Frstzschius,
607 1345 676 1395 qui
707 1340 792 1383 ποτ’
828 1343 970 1383 inserit
1000 1346 1093 1393 post
1122 1343 1214 1383 πού,

977 1472 1100 1514 1431.
1138 1472 1250 1514 1432
1285 1467 1288 1469 ⁵

440 1559 640 1597 Lucianus
667 1558 831 1599 Caucas.
858 1561 909 1596 12
944 1552 1001 1610 ἦν
1033 1552 1119 1597 οὖν
1151 1556 1198 1596 τὸ
1231 1561 1372 1596 θεῖον
1405 1555 1555 1608 μόνον
1587 1555 1659 1596 καῖ
1681 1555 1723 1596 τὸ
1756 1555 1890 1596 ε’που-

321 1617 488 1689 ράνιον
529 1615 595 1669 (ἐν
633 1613 815 1673 οὐρανῷ)
852 1615 1000 1670 γένος.
1040 1612 1047 1670 Ι
1087 1614 1112 1667 ’ἦ
1155 1622 1211 1669 γῆ
1258 1613 1292 1655 δ’
1340 1613 1508 1669 ἄγριόν
1551 1630 1592 1655 τι
1629 1621 1781 1668 χρῆμα
1810 1615 1894 1657 και

322 1675 542 1728 α’μορφον
575 1673 683 1750 (add.
716 1659 911 1730 σφόδρα),
946 1676 952 1726 Ι
984 1677 1119 1724 ύλαις
1157 1676 1315 1716 ἅπασα
1351 1674 1416 1715 καὶ
1446 1675 1603 1723 ταύταις
1634 1674 1892 1728 ἀνημέροις

322 1736 484 1784 λάσιος
518 1736 567 1782 (λ
594 1731 681 1776 ουσ’
711 1733 802 1787 ἀν).
832 1733 837 1790 Ι
896 1734 984 1776 ούτε
1023 1734 1070 1775 δὲ
1108 1734 1259 1788 βωμοὶ
1290 1740 1416 1775 θεῶν
1448 1730 1505 1787 (β.
1528 1739 1569 1775 θ.
1593 1731 1630 1774 δ’
1665 1734 1738 1775 οὐκ
1769 1730 1892 1790 ἦσαν)

322 1794 347 1847 ἢ
374 1796 498 1835 ναοί·
529 1796 702 1845 πόθεν;
736 1794 825 1836 ούτε
857 1795 1100 1849 ἀγάλματα
1130 1794 1156 1847 ὴ
1186 1794 1331 1843 ξόανα
1357 1791 1522 1847 (οὐδὲξ.
1543 1791 1631 1834 οὐδ’
1654 1791 1893 1849 ἀγάλμαθ’),

323 1851 398 1895 οἷα
429 1855 578 1895 πολλὰ
609 1861 698 1895 νῦν
731 1853 737 1909 Ι
772 1855 1019 1908 ἁπανταχόθι
1057 1856 1278 1907 φαίνεται
1315 1854 1426 1906 μετὰ
1463 1854 1592 1906 πάσης
1623 1853 1893 1906 ἐπιμελείας

322 1911 421 1969 (μετ’
459 1914 559 1967 ἕπιμ.
588 1912 650 1969 φ.)
683 1915 933 1967 τιμώμενα.
1903 1915 1918 1925 χ

445 1977 497 2013 14
537 1974 645 2029 (add.
683 1981 806 2015 τανῦν
844 1972 880 2015 δ’
922 1975 1023 2023 ἴδοις
1060 1970 1135 2029 αν)
1179 1973 1342 2014 πόλεσι
1385 1989 1464 2013 και
1506 1974 1757 2027 γεωργίαις
1791 1969 1796 2027 Ι
1831 1972 1896 2014 καὶ

323 2038 493 2085 φυτοῖς
526 2032 707 2089 (φυτοῖσί
735 2031 801 2089 θ’)
834 2032 1029 2087 ἡμέροις
1061 2031 1509 2086 διακεκοσμημένην
1543 2030 1548 2086 Ι
1582 2032 1660 2073 καὶ
1690 2031 1774 2085 τὴν
1804 2033 1894 2073 θά-

322 2097 490 2133 λατταν
521 2093 790 2146 πλεομένην
827 2093 893 2134 καὶ
923 2094 990 2142 τὰς
1021 2093 1171 2146 νήσους
1200 2091 1508 2145 κατοικουμένας
1539 2089 1728 2148 (fortasse
1760 2093 1893 2133 οἰκου-

323 2152 447 2204 μένην
475 2154 480 2202 Ι
508 2153 663 2205 νήσοισι
687 2152 881 2206 πολλαῖς),
914 2153 1189 2206 ἁπανταχοῦ
1221 2151 1264 2192 δὲ
1295 2153 1486 2205 βωμοὺς
1515 2151 1593 2192 καὶ
1623 2153 1805 2200 θυσίας
1838 2149 1891 2208 (κ.

322 2217 363 2252 θ.
397 2211 487 2266 ἀπ.)
524 2209 528 2253 Ι
563 2214 722 2265 βωμούς
760 2210 822 2267 τε)
862 2213 928 2253 καὶ
977 2213 1124 2261 ναοὺς
1173 2210 1321 2266 (ναούς
1352 2209 1402 2263 τ’,
1434 2208 1567 2266 ἆθλα)
1616 2211 1693 2252 καὶ
1741 2226 1893 2264 πανη-

321 2273 482 2325 γύρεις
510 2275 515 2323 Ι
545 2305 552 2313 .
586 2304 594 2312 .
627 2303 635 2312 .
668 2272 779 2329 ὁρᾷς
812 2273 936 2321 ὅπως
969 2271 1077 2327 (add.
1103 2268 1241 2326 ἔγωγε)
1280 2271 1523 2324 τάμαυτοῦ
1553 2271 1656 2324 μόνα
1686 2273 1890 2326 σκοπῶ,Ι

322 2331 374 2371 τὰ
410 2332 549 2372 κοινὰ
590 2331 637 2372 δὲ
674 2334 1049 2386 καταπροδίδωμι
1086 2331 1294 2372 κάλάττω
1337 2338 1475 2380 ποιῶ;
1525 2354 1573 2359 -
1623 2335 1685 2372 est
1716 2332 1891 2372 defensio

322 2393 550 2450 Bromethei

1051 2474 1166 2517 1433

441 2561 642 2600 Lucianus
663 2561 816 2600 Timon.
839 2562 862 2600 5
889 2562 1054 2596 ΤΙΜΩΝ.
1080 2559 1340 2605 τοσούτους
1367 2553 1475 2611 (add.
1499 2554 1596 2610 τῶν)
1620 2554 1892 2609 Ἀθηναίων

324 2616 430 2673 (add.
463 2618 563 2674 ἐγὼ)
591 2616 597 2671 Ι
625 2619 690 2667 εἰς
727 2619 851 2670 ’ὕψος
881 2617 996 2672 ἄρας
1033 2618 1109 2659 καὶ
1146 2618 1406 2664 πλουσίους
1443 2616 1491 2657 ἐκ
1521 2617 1766 2657 πενεστάτων
1797 2615 1892 2671 (κάκ

323 2678 501 2730 πενήτων
523 2675 605 2734 πλ.)
635 2681 640 2726 Ι
670 2676 777 2733 (add.
810 2675 964 2733 ἄφνω)
991 2678 1246 2730 ἀποφήνας
1276 2676 1353 2717 καὶ
1377 2683 1490 2716 πᾶσι
1521 2680 1619 2725 τοῖς
1644 2675 1892 2729 δεομένοις

325 2737 662 2791 ἐπικουρήσας,
701 2742 849 2790 μᾶλλον
888 2737 935 2778 δὲ
973 2738 1158 2791 ἀθρόον
1195 2737 1262 2785 εἰς
1298 2735 1575 2791 εὐεργεσίαν
1612 2742 1702 2776 τῶν
1739 2736 1891 2788 φίλων

325 2796 484 2849 ἐκχέας
515 2797 594 2838 τὸν
625 2801 851 2842 πλοῦτον,
885 2797 1018 2849 ἐπειδὴ
1045 2798 1191 2849 πένης
1216 2795 1282 2836 διὰ
1307 2802 1428 2836 ταῦτα
1452 2795 1700 2849 ἐγενόμην,
1731 2794 1890 2836 οὐκέτι

325 2858 611 2909 γνωρίζομαι
640 2854 644 2910 Ι
673 2888 682 2896 .
714 2888 723 2898 .
757 2891 764 2897 .
797 2855 890 2897 ἀλλ’
932 2856 989 2897 ἄν
1020 2872 1100 2897 που
1131 2855 1197 2896 καὶ
1227 2854 1308 2912 ὁδῷ
1345 2856 1551 2908 βαδίζων
1589 2854 1765 2907 ἐντύχω
1797 2854 1891 2895 τινὶ

326 2915 455 2955 αὐτῶν
488 2914 655 2967 (τούτων
680 2915 745 2970 τ.),
779 2913 785 2971 Ι
819 2917 971 2972 ὥσπερ
1002 2916 1107 2957 τινὰ
1137 2916 1312 2968 στήλην
1342 2919 1513 2955 παλαιοῦ
1545 2920 1715 2966 νεκροῦ
1747 2913 1890 2956 ὑπτίαν
