2014 3334
681 254 1246 293 SUPPLEMENTA·VOL.HI
1664 253 1744 295 751

298 374 364 422 73,
387 374 426 412 2.
469 384 515 411 ex
536 371 697 410 silentio
717 382 806 410 meo
827 369 1027 409 Zacherus
1047 363 1174 423 (709)
1194 367 1312 408 facile
1333 366 1570 407 concludere
1591 369 1749 418 poterat

183 433 362 474 codicem
392 432 430 471 A
456 444 481 471 a.
511 430 710 482 scriptura
741 431 903 480 recepta
933 441 1012 469 non
1043 428 1282 479 discrepare.
1321 448 1379 456 —
1423 428 1463 467 3.
1494 426 1543 468 cf.
1575 425 1753 467 Voemel.

178 492 239 533 De
269 491 464 543 Euripide
495 490 606 530 iactu
635 490 811 530 talorum
843 488 988 528 Philol.
1020 487 1120 527 XIII
1152 488 1237 528 302
1251 500 1310 539 sq.

295 550 486 604 Σχεδία.
536 549 692 600 Diphili
729 549 909 589 fabulam
946 560 971 587 a
1007 547 1155 587 Plaulzo
1192 547 1234 586 111
1277 547 1487 587 Vidularia
1523 557 1753 596 expressam

179 614 222 652 et
250 610 424 663 Σχεδίαν
450 610 618 650 alterius
644 609 872 649 comoediae
892 607 1101 659 Diphileae
1127 606 1374 647 simillimam
1398 606 1534 657 fuisse,
1561 605 1646 645 eius
1673 617 1755 656 qua

177 671 220 711 in
250 671 428 711 Rudente
458 670 627 709 Plautus
664 681 763 709 usus
801 670 864 708 esf,
895 662 1135 721 (parallelas
1173 666 1332 706 fabulas
1368 660 1512 718 vocat)
1550 665 1751 715 sagaciter

182 730 484 770 Studemundus
516 728 810 769 demonstravit
834 728 877 766 in
895 727 1010 767 Actis
1035 726 1240 766 societatis
1264 726 1560 778 philologorum
1586 724 1754 764 XXXVI

179 785 298 844 (Ueb.
330 790 427 830 zwei
458 788 876 828 Parallel-Komcdien
909 787 976 826 des
1007 783 1228 839 Diphilus).

299 851 367 890 85.
411 850 460 888 cf.
493 849 662 888 Bitschl.
696 847 841 898 Opusc.
873 846 915 886 Π
948 847 1031 886 738
1048 859 1106 897 sq.

298 910 367 959 90,
399 911 426 948 4
470 910 514 947 Β.
546 912 616 948 τοῦ
649 906 882 958 φυσήματος
913 905 1207 945 Herwerdenus
1242 906 1338 944 195.

298 970 355 1009 94
399 970 462 1008 est
493 968 618 1008 etiam
649 967 764 1018 apud'
786 965 946 1006 Maxim.
979 964 1091 1005 Confi
1127 967 1194 1013 12,
1228 966 1282 1004 36
1314 978 1352 1015 p.
1374 965 1458 1004 573
1493 962 1668 1003 Combef.

300 1029 369 1079 95,
403 1031 423 1067 1
471 1023 508 1080 γ’
543 1025 647 1079 ’ὑμᾶς
678 1024 783 1079 ὁρῶν
814 1025 970 1065 Kaibel.

299 1089 368 1138 96,
402 1089 439 1127 2.
484 1086 710 1126 interiectio
735 1098 821 1136 pax
851 1085 974 1124 etiam
1005 1083 1144 1123 latinis
1174 1083 1391 1123 comoediis
1423 1082 1586 1122 usitata.

300 1149 368 1187 97.
414 1146 600 1186 Eustath.
624 1147 751 1196 1483,
770 1148 824 1186 51
853 1140 918 1198 (O.
939 1144 1116 1183 Kaehler
1136 1145 1233 1183 904.
1256 1138 1302 1195 5)
1335 1139 1511 1193 ἐπιφέρει
1537 1138 1757 1193 Ἀθήναιος

178 1206 352 1258 Διφίλου
373 1211 513 1259 χρῆσιν
537 1206 703 1257 ταύτην·
735 1203 858 1252 αὐλὰς
884 1202 1138 1256 θεραπεύειν,
1163 1200 1369 1255 βασιλικὰς
1392 1200 1557 1253 δηλαδή,
1582 1199 1685 1240 ἔστιν
1703 1223 1752 1228 -

181 1266 399 1319 μαστιγίου.
461 1266 510 1305 cf.
545 1266 727 1305 Menand.
756 1266 853 1305 897.

299 1328 367 1366 99.
413 1328 457 1365 at
487 1324 717 1377 μενάνδρου,
747 1325 860 1363 Voss.
894 1323 1014 1362 Heus.

233 1392 242 1397 '
302 1387 397 1426 100.
443 1386 604 1425 Maxim.
637 1383 749 1424 Conf.
785 1385 853 1434 61,
887 1385 971 1423 123
1004 1397 1040 1434 p.
1076 1383 1160 1422 672
1194 1380 1370 1420 Combef.

302 1442 398 1496 104,
432 1447 453 1484 1
490 1442 611 1485 οὐδὲν
642 1441 999 1495 ἀσφαλέστερον
1030 1442 1130 1482 conl.
1163 1440 1329 1491 Gregor.
1356 1438 1601 1479 Nazianz.11
1629 1440 1756 1478 158a.

184 1507 303 1545 2210.
350 1504 507 1544 Nauck.
540 1505 631 1544 Mel.
659 1505 694 1542 V
728 1505 826 1543 240.

305 1566 399 1605 125.
443 1564 604 1603 fallitur
633 1563 843 1603 Kaibelius
875 1574 967 1601 cum
997 1562 1072 1600 hoc
1106 1561 1381 1611 fragmentum
1413 1572 1438 1598 a.
1466 1571 1531 1598 me
1562 1558 1755 1598 omissum

181 1637 267 1664 esse
299 1623 502 1676 significat
531 1624 573 1662 in
605 1623 664 1662 ed.
697 1623 843 1662 Athen.
876 1621 897 1660 I
927 1623 981 1661 51
1017 1623 1116 1660 extr.
1153 1640 1202 1647 —
1238 1620 1286 1659 cf.
1315 1618 1528 1669 Philippid.
1562 1620 1629 1658 30.

299 1683 454 1734 Diphili
485 1683 670 1734 reliquiis
702 1682 856 1722 aceedit

925 1808 1019 1852 68b

300 1908 358 1948 Cf.
391 1921 515 1959 supra
545 1907 714 1946 Philem.
746 1907 794 1946 fr.
827 1907 918 1947 20b
948 1907 991 1945 in
1021 1905 1150 1956 suppl.
1193 1925 1251 1930 -α
1295 1904 1344 1943 de
1375 1903 1497 1942 titulo
1530 1898 1592 1955 (ἐν
1618 1898 1757 1958 Πήρᾳ)

182 1969 313 2009 adhuc
344 1968 527 2008 inaudito
559 1968 610 2006 cf.
640 1967 684 2005 F.
718 1966 887 2007 Schoell.
914 1966 1017 2005 Mus.
1043 1965 1167 2004 Rhen.
1193 1963 1329 2003 XLIII
1355 1964 1439 2003 298
1473 1958 1626 2017 (Plaut.
1652 1962 1756 2002 Rud.

184 2030 372 2070 545-8.
398 2022 530 2081 1313)
563 2029 604 2066 et
629 2039 732 2078 quae
760 2038 884 2078 supra.
914 2040 952 2077 p.
974 2026 1060 2064 750
1092 2025 1191 2063 extr.
1223 2024 1275 2063 ad
1299 2022 1473 2075 Σχεδίαν
1499 2022 1754 2062 adnotantur.

185 2089 255 2129 sed
286 2088 458 2128 fortasse
489 2100 561 2138 pro
595 2084 638 2126 ἐν
663 2084 783 2142 Πήρα
815 2084 1069 2126 scribendum
1102 2086 1165 2123 est
1195 2081 1238 2122 ἕν
1274 2082 1450 2138 Πύρρα.

847 2497 977 2542 VOL.
1009 2496 1088 2540 ΙΙΙ.

838 2616 1106 2651 MENANDER

305 2710 370 2748 Fr.
405 2711 471 2749 13.
516 2709 564 2748 cf.
597 2708 719 2747 etiam
750 2707 798 2745 fr.
831 2707 928 2746 349.

308 2771 375 2818 69,
409 2771 434 2808 2
475 2767 580 2816 ἅπαξ
612 2770 705 2807 ante
737 2766 933 2806 Cobetum
964 2764 1045 2803 iam
1077 2762 1287 2814 Emporius
1319 2762 1483 2801 Advers.
1518 2763 1614 2800 349.

307 2830 374 2877 97,
408 2830 434 2868 3
466 2829 529 2867 est
560 2827 682 2866 etiam
713 2826 820 2876 apud
853 2824 1118 2874 Philoponum
1150 2822 1318 2861 Aristot.
1349 2821 1469 2872 Phys.
1501 2835 1538 2871 p.
1574 2821 1671 2868 748,
1700 2822 1753 2860 13

186 2888 346 2927 Vitelli:
390 2885 411 2927 ὁ
443 2885 583 2938 χρόνος
617 2886 655 2926 τί
688 2899 735 2937 με
766 2882 913 2924 εἰδέναι
949 2885 1060 2922 ποιεῖ
1086 2877 1282 2935 (Simplic.
1315 2881 1434 2932 Phys.
1467 2894 1502 2930 p.
1539 2881 1636 2930 730,
1668 2875 1754 2934 34).

186 2960 259 2999 per
289 2947 446 2987 litteras
477 2946 575 2985 mihi
606 2945 799 2985 indicavit
830 2943 1016 2983 Dilesius.
