2014 3334
0 3191 26 3245 w:
3 3157 6 3162 ,
0 3060 46 3144 U?

679 245 869 279 1MBP101
896 264 938 270 -
965 245 1268 280 ΚΑΝΗΦΟΡΟΣ
1704 245 1758 288 73

926 353 1015 396 250

391 435 446 478 τὰ
477 434 518 478 δ’
556 435 603 478 ἐκ
634 435 774 491 μέσον
803 437 1012 494 τριπόδια
1043 436 1116 480 καὶ
1148 441 1403 495 τραγήματα

299 522 443 562 Pollux
478 523 544 574 10,
585 524 641 563 80
686 523 860 576 εἴρηνται
905 521 947 563 δὲ
991 524 1034 564 οἱ
1073 525 1253 577 τρίποδες
1286 556 1295 566 .
1322 557 1331 566 .
1358 557 1367 566 .
1400 525 1529 579 ὥσπερ
1572 525 1639 566 καὶ
1681 542 1760 580 τρι-
1836 570 1839 571 ⁷

177 581 314 634 πόδια,
345 580 398 631 ὡς
429 579 723 640 ἐνἾπποκόμῳ
755 583 1003 637 Μενάνδρου
1036 588 1114 624 κτλ.

929 726 1012 769 251

464 787 733 841 τηγανισμοί

178 931 211 971 P
261 871 446 972 fll'fflIng
469 875 535 923 10,
558 875 611 913 98
644 871 876 925 ’ὑπόφαυλοι
904 873 946 913 οἶ
966 872 1010 914 ἐν
1031 870 1257 930 Ἱπποκόμῳ
1285 874 1534 927 Μενάνδρου
1559 889 1589 914 τ.
1628 898 1675 903 —
1712 877 1760 915 cf.

213 944 272 972 081
301 945 383 982 xpp.
446 963 454 972 .

821 1026 1125 1061 ΚΑΝΗΦΟΡΟΣ

300 1101 396 1140 Fuit
427 1101 551 1141 etiam
570 1101 867 1142 Anaxandridis
889 1102 1136 1152 Canephoros
1167 1106 1209 1143 et
1235 1117 1282 1142 ex
1301 1104 1547 1143 Menandrea
1576 1117 1765 1155 expressa

183 1160 294 1200 Sexti
327 1161 513 1212 Turpilii,
565 1162 609 1202 Ο.
642 1162 833 1203 Ribbeck.
868 1163 976 1202 Com.
1010 1163 1057 1204 R.
1089 1158 1156 1202 fr?
1191 1166 1258 1204 86.

932 1303 1019 1347 252

396 1387 445 1429 τὸ
478 1387 563 1444 γὰρ
594 1387 839 1444 προθύμως
871 1388 930 1444 μὴ
961 1390 1243 1444 πονήσαντας
1273 1396 1424 1445 τυχεῖν

398 1459 686 1515 εὐδαιμονίας
717 1458 841 1503 εἴωθ’
878 1460 1187 1519 ὑπερηφανίας
1218 1469 1374 1505 ποιεῖν.

304 1547 503 1587 Stobaeus
529 1547 670 1587 Floril.
697 1550 752 1586 22
787 1542 896 1602 (περὶ
926 1544 1184 1603 ὑπεροψίας),
1217 1552 1285 1589 30.
1320 1552 1387 1589 31.
1452 1551 1508 1589 30
1539 1553 1609 1588 τοῦ
1642 1547 1766 1588 αὐτοῦ

184 1602 453 1663 (Μενάνδρου
494 1602 570 1661 29)
608 1607 854 1662 Κανήφόρος
885 1605 934 1648 A‘.
998 1611 1050 1649 31
1096 1608 1324 1662 Εὐριπίδου
1363 1605 1416 1648 132
1455 1609 1586 1648 Trinc.
1651 1606 1768 1648 ‘nihil

184 1668 347 1708 enotavi
387 1681 434 1706 ex
465 1663 530 1707 A'.
582 1667 704 1708 Gaisf.
739 1671 781 1708 at
813 1669 982 1710 Vindob.
1016 1683 1107 1709 eum
1140 1670 1346 1721 superiore
1379 1670 1588 1721 coniungit
1620 1669 1767 1708 omisso

185 1730 373 1768 lemmate
405 1726 645 1781 Εὐριπίδου.
709 1741 752 1768 ac
785 1730 1086 1782 coniungendos
1119 1743 1205 1770 esse
1238 1743 1377 1770 versus
1411 1730 1589 1781 adparet.
1650 1732 1685 1768 1.
1718 1742 1769 1768 an

183 1786 226 1828 τὸ
251 1786 305 1840 μὴ
331 1801 396 1839 πρ.
422 1786 496 1841 γὰρ
521 1789 627 1828 ml?
651 1811 701 1817 —
723 1788 978 1841 πονήσαντας
1008 1794 1140 1843 τυχεῖν
1172 1789 1429 1842 εὐδαιμονίας
1450 1790 1605 1842 Pflugk.
1627 1773 1767 1828 Scheff.

184 1848 272 1888 crit.
296 1847 370 1898 34]
402 1847 651 1900 πονήσαντες
675 1847 888 1901 εὐτύχησεν
920 1848 1155 1902 εὐδαιμονία
1175 1851 1223 1890 A.
1274 1850 1440 1903 εὐτυχής
1458 1850 1507 1889 N.
1560 1852 1598 1888 2.
1625 1849 1768 1889 εἴωθεν

183 1909 290 1948 libri.
336 1907 619 1961 ὑπερηφανίαν
649 1911 916 1960 probabiliter
948 1911 1067 1950 Mein.

937 2039 1023 2082 253

977 2123 1218 2179 ἀλογίστου
1248 2124 1418 2180 τρόπου

403 2194 603 2251 ἀτύχημα
635 2196 821 2251 φεύγειν
853 2195 974 2239 ἐστὶν
1007 2196 1089 2239 οὐκ
1121 2196 1403 2254 αὐθαίρετον.

308 2283 515 2326 ὃῇοὒεθιιε,
545 2283 684 2322 Floril.
727 2285 830 2335 108,
870 2286 926 2324 30
976 2283 1227 2335 Μενάνδρου
1271 2282 1503 2339 Κανηφόρῳ
1541 2283 1592 2322 A.
1660 2282 1771 2321 Sexti

188 2343 363 2394 Turpilii
394 2343 441 2381 fr.
471 2344 495 2382 3
523 2337 567 2396 (1
599 2342 725 2396 Cam),
757 2344 864 2394 quod
896 2345 1108 2384 conferunt
1138 2345 1397 2396 Ladewigius
1430 2347 1470 2383 et
1502 2343 1547 2383 O.
1580 2343 1769 2382 Ribbeck.

188 2403 297 2442 Gom.
318 2403 365 2442 R.
384 2397 451 2441 fr.²
473 2404 542 2453 86,
574 2417 654 2443 non
685 2416 876 2455 magnam
904 2405 1029 2444 habet
1061 2418 1151 2443 cum
1178 2405 1421 2443 Menandreo
1455 2403 1771 2443 similitudinem.

188 2458 353 2514 ἀτύχημ’
395 2459 562 2516 ἐλέγχειν
600 2463 848 2503 Heimsoeth.
888 2465 973 2504 Ind.
1011 2465 1141 2504 Bonn.
1184 2466 1295 2504 1867
1336 2466 1435 2504 aest.
1468 2476 1533 2502 xx.
1591 2461 1771 2514 ἀτύχημα

107 2525 109 2527 ’
188 2522 322 2563 κλάειν
355 2523 529 2574 Madvig.
564 2523 734 2564 Advers.
768 2525 855 2564 crit.
883 2525 903 2563 I
932 2527 1027 2564 720.
1092 2537 1183 2564 cum
1216 2527 1354 2564 autem
1383 2524 1529 2563 titulus
1563 2523 1658 2561 libri
1686 2524 1769 2561 108

190 2583 387 2622 Stob.1sit
418 2582 476 2622 ὅτι
508 2583 573 2622 δεῖ
597 2584 789 2637 γενναίως
821 2583 958 2638 φέρειν
989 2583 1036 2623 τὰ
1067 2585 1378 2636 προσπίπτοντα,
1413 2584 1598 2634 Engerus
1630 2583 1771 2633 Progr.

189 2643 305 2682 Posn.
343 2657 479 2694 gymn.
517 2643 616 2683 Mar.
652 2645 765 2684 1868
805 2659 842 2695 p.
880 2647 931 2684 13
977 2646 1185 2696 vulgatam
1229 2644 1410 2683 defendit·
1447 2642 1610 2695 φεύγειν
1647 2643 1771 2681 inter-

187 2705 373 2754 pretatus
414 2705 548 2753 fuyere
585 2705 692 2745 velle.
747 2705 847 2743 mihi
886 2718 1016 2756 neque
1061 2706 1158 2744 haec
1201 2718 1329 2754 neque
1369 2703 1512 2742 Clerici
1557 2702 1771 2753 explicatio

187 2763 399 2813 probatur:
431 2776 556 2802 unum
587 2764 704 2804 video
731 2763 806 2804 οὐκ
838 2764 1080 2817 αὐθαίρετον
1110 2764 1338 2804 necessario
1371 2776 1456 2802 esse
1483 2762 1772 2813 praedicatum.

187 2823 359 2862 fortasse
400 2819 667 2875 ‘nequaquam
708 2825 751 2863 in
789 2825 957 2865 arbitrio
998 2827 1136 2864 nostro
1168 2825 1346 2875 positum
1391 2826 1452 2862 est
1490 2822 1772 2872 inprudentiae

188 2895 338 2933 poenas
370 2879 573 2935 effugere’.
636 2882 739 2924 ἐστὶν
772 2883 848 2925 οὐκ
879 2883 976 2924 αὐθ.
1008 2898 1080 2935 pro
1113 2883 1188 2925 οὐκ
1220 2882 1324 2923 ἔστιν
1356 2881 1466 2933 abst,
1504 2885 1552 2921 ut
1587 2882 1772 2922 Nausicr.

193 2944 217 2982 3
251 2941 354 2982 ἐστὶν
387 2941 474 2996 οὐχὶ
506 2939 660 3000 ῥᾴδιον.
