2014 3334
849 249 1143 286 ΕΠΙΚΛΗΡΟΣ
1732 250 1790 294 49

205 362 433 421 φθέγγεται.
490 363 683 417 Hippocr.
714 365 898 405 Iurisiur.
932 367 956 405 3
992 359 1051 420 (2,
1085 365 1110 407 5
1144 358 1267 419 Foes)
1311 361 1536 417 ὁμοιότατοί
1576 362 1650 404 εἰσι
1691 367 1792 405 τοῖσι

206 423 522 480 παραγομένοισι
559 424 805 479 προσώποισι
848 423 891 465 ἐν
931 430 1018 480 τῇσι
1055 424 1292 481 τραγῳδίῃσι
1326 458 1332 464 .
1367 455 1376 464 .
1409 455 1418 464 .
1450 431 1580 478 σχῆμα
1611 422 1683 476 μὲν
1726 423 1793 464 καὶ

208 484 352 538 στολὴν
383 484 452 526 καὶ
483 485 698 539 πρόσωπον
724 484 942 538 ὑποκριτοῦ
969 484 1116 538 ἔχουσι,
1148 483 1223 525 οὐκ
1249 483 1323 524 εἰσὶ
1349 483 1391 525 δὲ
1416 484 1629 537 ὑποκριταί
1652 480 1790 540 (Mein.

203 547 264 587 ed.
301 542 358 602 1).
422 548 461 586 4.
493 546 549 595 εἰς
580 544 648 586 τὸν
680 544 877 599 ἀρνθμόν,
909 547 962 585 ad
992 558 1197 585 numerum
1230 547 1469 595 explendum.
1530 545 1627 585 Hor.
1659 546 1789 596 Epish

189 609 244 660 (1,
277 609 317 659 2,
349 608 404 647 27
439 619 511 646 nos
539 619 728 647 ‘numerus
759 619 906 646 sumus.

952 725 1036 777 166

998 817 1025 873 ἢ
1060 818 1132 860 δεῖ
1160 819 1302 874 μόνον

422 894 498 947 ζῆν
530 891 556 947 ἢ
589 892 835 947 γενόμενον
866 889 1034 948 πατέρα
1066 891 1242 934 παίδων
1275 890 1542 933 ἀποθανεῖν·

420 963 537 1006 οὕτω
570 964 620 1006 τὸ
653 964 775 1020 μετὰ
792 961 915 1006 ταῦτ’
952 961 1045 1005 ἐστὶ
1076 969 1158 1019 τοῦ
1189 965 1293 1018 βίου
1325 964 1499 1020 πικρόν.

323 1052 520 1091 stobaeus
551 1051 690 1091 Floril.
726 1052 793 1101 76,
826 1053 852 1090 4
899 1050 1148 1102 Μενάνδρου
1182 1046 1406 1106 Ἐπικλήρῳ
1439 1050 1488 1088 Α.
1551 1043 1724 1090 Codices:
1765 1046 1791 1101 ἢ

201 1111 327 1164 μόνον
366 1111 431 1151 δεῖ
462 1112 534 1164 ζῆν
572 1108 598 1163 ἢ
635 1110 794 1150 παίδων
830 1109 1092 1164 γεννωμένων
1131 1092 1390 1165 (γενομένων
1409 1104 1466 1164 A)
1504 1107 1652 1163 πατέρα
1690 1108 1789 1149 ἀπο-

200 1175 359 1212 θανεῖν.
422 1172 596 1211 eorrexit
626 1171 840 1211 Dobraeus
874 1172 975 1211 Adv.
1006 1171 1048 1210 ΙΙ
1081 1172 1179 1210 273.

887 1313 984 1354 167.
1020 1311 1103 1354 168

707 1388 963 1452 αλεκτρυών
994 1411 1060 1446 τις
1092 1394 1316 1451 ἑκεκραγει
1349 1382 1472 1450 μέγα.

565 1502 573 1510 .
636 1467 691 1510 οὐ
723 1463 928 1523 σοβήσετ’
964 1466 1061 1522 ἔξω,
1095 1467 1220 1522 φησί,
1253 1467 1331 1517 τὰς

418 1541 609 1597 ὄρνιθας
641 1539 725 1596 ἀφ’
758 1539 902 1595 ἡμῶν;

352 1645 358 1649 .
418 1612 529 1668 αὕτη
562 1609 659 1655 ποτ’
697 1609 931 1667 ἐξεσόβησε
962 1611 1039 1662 τὰς
1071 1612 1219 1668 ὄρνεις
1250 1610 1389 1666 μόλις.

322 1712 554 1751 Athenaeus
595 1713 639 1762 9,
680 1713 801 1751 3730
846 1708 1091 1763 Μένανδρος
1129 1708 1172 1749 ἐν
1205 1706 1430 1764 Ἐπικλήρῳ
1474 1707 1609 1764 πρώτῃ
1649 1714 1788 1759 σαφῶς

199 1770 242 1812 τὸ
281 1770 344 1811 ἐπὶ
382 1777 451 1824 τῆς
490 1770 709 1822 συνηθείας
752 1769 877 1822 φησὶν
910 1769 1139 1822 ἐμφανίζων
1177 1769 1320 1816 οὕτως·
1365 1768 1590 1821 ἀλεκτρυών
1625 1790 1679 1795 -
1713 1765 1784 1819 ἀφ’

200 1829 335 1884 ἡμῶν;
373 1830 440 1871 καὶ
476 1831 615 1870 πάλιν·
654 1830 753 1882 αὕτη
792 1827 879 1870 ποτ’
915 1834 993 1870 κτλ.
1055 1831 1191 1881 priora
1232 1830 1421 1869 Eustath.
1457 1830 1584 1880 1440,
1619 1831 1686 1868 50.
1751 1831 1788 1867 2.

202 1892 305 1943 φησί
333 1892 486 1932 omittit
518 1891 633 1931 Eust.
664 1892 781 1931 initio
815 1889 835 1930 ὁ
869 1887 904 1930 δ’
941 1889 1068 1938 εὐθὺς
1100 1891 1188 1929 add.
1224 1891 1345 1929 Dobr.
1376 1889 1478 1928 Adv.
1511 1889 1552 1927 II
1587 1891 1684 1928 274.
1749 1890 1786 1928 3.

202 1949 310 2004 ὄρνις
342 1951 388 1991 G.
409 1952 565 1991 Kaibel.
628 1954 666 1991 4.
699 1949 768 1998 τὰς
800 1948 910 2004 ὄρνις
928 1951 977 1990 Α.
1011 1964 1056 1990 ac
1089 1951 1145 1989 sic
1165 1950 1389 1989 Meinekius
1427 1950 1470 1987 in
1492 1949 1588 1987 Ath.
1609 1949 1668 1989 ed.
1694 1961 1788 1987 nam

202 2014 287 2053 373
304 2013 330 2051 d
366 2012 602 2052 Athenaeus
639 2012 725 2062 ipse
765 2010 822 2050 ὅτι
859 2009 925 2050 καὶ
965 2009 1027 2050 ἐπὶ
1058 2015 1128 2050 τοῦ
1160 2013 1437 2061 πληθυντικοῦ
1471 2006 1578 2060 ὄρνις
1616 2006 1788 2062 λέγουσι,

201 2071 404 2125 πρόκειται
434 2070 476 2112 τὸ
508 2070 792 2124 Μενάνδρειον
825 2070 1042 2124 μαρτύριον
1074 2069 1142 2122 (fr.
1177 2071 1274 2111 167.
1308 2063 1367 2123 8).

836 2286 883 2326 τί
911 2280 952 2326 δ’
989 2283 1042 2326 ἂν
1074 2285 1166 2339 ἔχοι
1198 2283 1356 2338 νεκρὸς

418 2356 609 2412 ἀγαθόν,
642 2356 756 2399 ὅπου
787 2353 828 2411 γ’
865 2357 912 2398 οἱ
941 2358 1098 2408 ζῶντες
1129 2356 1287 2410 ἔχομεν
1321 2351 1427 2397 οὐδὲ
1460 2353 1528 2404 ἕν;

322 2455 520 2496 Stobaeus
552 2456 693 2495 Floril.
729 2458 826 2506 121,
862 2458 914 2495 19
961 2454 1212 2507 Μενάνδρου
1241 2450 1476 2505 Ἐπίκληρος
1507 2452 1556 2491 Α.
1619 2454 1651 2489 1.
1685 2449 1783 2502 ἔχοι]

201 2536 355 2591 ἔχοιμεν
375 2539 424 2579 Α.
477 2541 515 2579 2.
549 2538 651 2580 ὅπου
683 2539 747 2592 χοί
776 2539 894 2578 Mein.
923 2536 1035 2590 οὐδὲ]
1063 2507 1170 2590 {3652
1202 2539 1319 2577 Voss.

952 2668 1035 2709 170

490 2751 574 2808 ὅρα
606 2753 663 2794 σὺ
693 2749 767 2794 καὶ
799 2752 1005 2808 φρόντιζε
1037 2749 1235 2792 κάπόστα
1266 2747 1422 2803 βραχύ.

320 2838 493 2878 Bekker.
524 2838 674 2878 Anecd.
702 2840 770 2889 81,
801 2840 853 2877 12
899 2836 1046 2889 ἀνάβα,
1078 2834 1244 2886 κατάβα,
1277 2832 1412 2884 διάβα,
1443 2830 1606 2871 ἀπόστα.
1670 2829 1785 2870 Μέν-

202 2897 349 2950 ανδρος
370 2894 591 2954 Ἐπικλήρῳ
617 2901 694 2937 κτλ.
728 2894 883 2938 ‘secede
915 2896 1144 2947 paullulum
1177 2895 1227 2934 ab
1253 2893 1460 2932 hominum
1487 2892 1785 2941 consuetudine,

201 2959 248 2996 ut
279 2959 415 2997 tecum
446 2959 556 2998 solus
588 2954 843 2998 consideres’.

275 3030 392 3057 Comici
413 3031 524 3064 graeci,
547 3031 592 3058 ed.
612 3031 665 3058 Th.
685 3031 781 3057 Kock.
802 3031 859 3056 ΙΙΙ.
1477 3022 1493 3051 4
