2014 3334
241 230 328 273 506
610 234 613 238 ’
893 230 1154 264 ΑΔΕΣΠΟΤΑ

986 337 1072 380 536

455 424 678 477 Μεγαρεῖς
710 418 759 463 δὲ
790 426 928 476 φεῦγε
958 420 1140 472 πάντας·
1180 419 1265 464 εἰσὶ
1296 422 1380 478 γὰρ
1411 423 1571 478 πικροί.

360 509 575 558 Antholog.
607 509 734 547 Palaia.
770 509 843 558 11,
876 509 962 547 440
999 503 1236 557 *Πιττακοῦ,
1279 508 1321 546 in
1364 521 1440 559 quo
1485 508 1623 547 comici
1665 510 1808 559 poetae

241 582 385 608 nomen
417 569 526 606 latet.
577 581 622 606 ac
653 568 823 606 fortasse
855 568 1054 606 Πιττακοῦ
1087 581 1135 606 ex
1170 567 1357 606 Φιλίσκου
1390 563 1649 618 corruptum'.
1689 567 1808 606 Mein.

241 630 410 667 fortasse
454 624 832 682 Πιττοκοπουμένῳ,
884 639 985 677 quae
1031 630 1091 666 est
1133 626 1377 666 Philemonis
1420 627 1569 666 fabula.
1637 628 1808 693 fortasse

241 685 453 740 Μεγαρέας
485 684 527 725 δὲ
563 708 611 713 -
646 684 778 738 πικροὶ
810 684 947 737 φύσιν,
978 688 1069 725 tetr.
1102 687 1229 725 troch.
1266 707 1315 713 —
1349 687 1398 725 cf.
1425 688 1522 726 502.

457 885 595 929 καλὸν
627 881 675 927 δὲ
706 884 755 926 τὸ
790 886 879 939 ζῆν,
912 885 968 927 ἄν
997 900 1063 935 τις
1095 885 1154 935 ὡς
1186 885 1256 927 δεῖ
1286 886 1360 939 ζῆν
1392 883 1527 940 μάθῃ.
1776 922 1779 923 ⁷

363 972 590 1011 Alexander
615 971 739 1010 Walz.
772 971 889 1010 Rhet.
915 985 973 1022 gr.
994 971 1093 1010 VIII
1124 973 1222 1011 479.
1251 973 1306 1011 80
1350 968 1438 1021 περὶ
1469 968 1809 1021 ἀντιμεταθέσεως.

243 1031 306 1072 ἐπὶ
337 1031 477 1072 τούτου
503 1036 572 1070 τοῦ
606 1030 798 1082 σχήματος
823 1033 907 1076 ταῖς
939 1029 1075 1078 αὐταῖς
1099 1028 1221 1083 λέξεσι
1246 1029 1436 1098 χρώμενοι
1467 1029 1675 1076 πλεονάκις
1703 1026 1811 1080 ἕτερα

245 1091 502 1143 σημαίνομεν,
535 1088 587 1138 ὡς
619 1089 694 1141 ε’χει
719 1088 764 1128 τὰ
790 1094 969 1129 τοιαῦτα.
1021 1090 1110 1129 ,καί
1125 1092 1201 1129 κτλ.
1252 1092 1307 1129 sic
1327 1089 1452 1128 Paris.
1474 1091 1511 1127 2.
1531 1089 1623 1128 Ald.
1651 1088 1813 1136 δικαίως

245 1165 315 1201 pro
341 1151 366 1207 ᾐ
400 1146 590 1206 (exempli
623 1143 778 1202 omissi)
815 1147 881 1188 καὶ
913 1148 1034 1188 καλὸν
1067 1147 1128 1200 δὲ,
1166 1149 1270 1188 unde
1303 1149 1444 1188 Mein.
1462 1146 1514 1195 ὡς
1546 1145 1623 1220 ἡδὺ
1655 1147 1696 1187 τὸ
1729 1149 1812 1200 ζῆν.

245 1212 351 1262 quod
384 1211 417 1249 si
448 1223 589 1250 velum
621 1210 692 1258 essa,
725 1209 1062 1260 agnominationis
1089 1222 1208 1248 causa
1240 1209 1408 1248 fortasse
1441 1209 1563 1247 etiam
1593 1199 1618 1263 ᾖ
1651 1204 1716 1247 δεῖ
1738 1220 1811 1258 pro

243 1268 296 1317 ὡς
328 1270 393 1309 δεῖ
419 1270 681 1309 scribendum.
732 1269 868 1308 Floril.
902 1270 1056 1308 Monac.
1091 1270 1171 1308 706
1218 1266 1271 1315 ὡς
1310 1266 1451 1318 σεμνὸς
1482 1265 1503 1306 ὁ
1534 1267 1639 1319 βίος,
1673 1264 1725 1318 ήν
1755 1281 1813 1314 τις

244 1328 365 1370 αὐτὸν
397 1330 467 1381 ζῆν
499 1328 623 1384 μάθῃ.

983 1407 1069 1451 538

458 1498 541 1542 πᾶς
573 1491 665 1534 ἐστι
697 1491 843 1549 δούλῳ
877 1491 1090 1546 δεσπότης
1121 1490 1468 1546 μονοσύλλαβος.

364 1579 592 1618 Demetrius
624 1579 683 1617 De
716 1578 811 1617 eloc.
849 1579 870 1616 7
917 1575 958 1617 τὸ
990 1575 1060 1629 μὲν
1093 1575 1310 1616 ἐπιτάσσειν
1342 1575 1541 1627 σύντομον
1572 1573 1637 1614 καὶ
1668 1573 1808 1627 βραχύ,

245 1637 312 1679 καὶ
341 1643 420 1686 πᾶς
452 1638 559 1678 δεσπ.
592 1638 627 1678 δ.
658 1648 808 1689 μονοσ.,
846 1635 888 1676 τὸ
926 1634 968 1676 δὲ
1005 1636 1190 1676 ἱκετεύειν
1227 1634 1377 1688 μακρὸν
1414 1633 1482 1675 καὶ
1511 1633 1552 1674 τὸ
1584 1632 1812 1686 ὀδύρεσθαι.

249 1700 375 1739 Α11011.
397 1698 521 1737 Walz.
541 1698 622 1736 VII
656 1699 711 1736 64
742 1695 808 1736 καὶ
842 1695 950 1748 παρὰ
981 1699 1061 1743 τοῖς
1099 1694 1273 1748 ἀρχαίοις
1305 1695 1451 1748 εἴρηται
1480 1708 1521 1734 π.
1554 1694 1587 1734 δ.
1615 1693 1649 1734 δ.
1675 1709 1712 1745 μ.
1763 1694 1813 1733 cf.

249 1759 428 1808 Aposizol.
464 1759 530 1809 14,
564 1760 600 1797 9.
650 1759 697 1795 ut
729 1769 849 1807 supra
880 1756 1111 1807 scripsimus
1145 1756 1325 1807 Spengel.
1376 1755 1426 1794 ad
1457 1753 1701 1794 comoediam
1731 1754 1814 1792 ret-

247 1818 343 1857 tulit
372 1818 524 1856 Nauck.

462 1956 743 2008 ἀλωπεκίζειν
773 1956 883 2012 πρὸς
915 1954 1068 2012 ἑτέραν
1099 1955 1300 1998 ἀλώπεκα

368 2044 564 2082 Zenobius
599 2046 634 2092 1,
670 2044 724 2082 70
758 2041 820 2081 ἐπὶ
850 2047 927 2081 τῶν
959 2041 1154 2089 ἐξαπατᾶν
1188 2040 1486 2093 ἐπιχειρούντων
1518 2038 1610 2086 τοὺς
1641 2036 1814 2090 ὁμοίους.

248 2104 481 2154 Diogenian.
503 2105 540 2150 2,
564 2105 631 2142 17.
663 2102 826 2152 Gregor.
847 2102 963 2152 prr.
987 2104 1024 2152 1,
1041 2103 1113 2140 40.
1145 2102 1191 2140 cf.
1215 2100 1464 2150 Arist.Vesp.
1500 2100 1624 2137 1240.
1666 2098 1816 2137 comico

250 2163 479 2213 adsignavit
509 2162 731 2201 Meinekius
762 2161 905 2200 Philol.
937 2161 1047 2199 XXV
1081 2162 1165 2200 537
1172 2191 1179 2199 .

993 2275 1079 2318 540

463 2377 518 2403 αν
550 2356 676 2403 οἶνον
708 2361 820 2416 αἰτῇ,
853 2359 1100 2408 κονδύλους
1131 2356 1249 2416 αὐτῷ
1280 2357 1422 2399 δίδου.

371 2447 566 2486 Zenobius
592 2450 627 2498 1,
649 2449 701 2486 92
735 2443 760 2497 ἡ
794 2445 941 2497 ἱστορία
972 2443 1050 2483 ἀπὸ
1081 2448 1150 2484 τοῦ
1182 2443 1416 2493 Κύκλωπος,
1447 2441 1624 2494 παρόσον
1655 2440 1816 2492 αἰτήσας

252 2502 363 2546 οἶνον
395 2505 463 2546 τὸν
483 2503 674 2546 Ὀδυσσέα
704 2511 781 2545 τῶν
813 2502 1036 2556 ὀφθαλμῶν
1062 2500 1264 2555 ἐστερήθη.
1314 2502 1364 2541 ad
1390 2502 1635 2541 comoediam
1658 2501 1816 2540 rettulit

251 2566 472 2605 Meinekius
505 2566 648 2606 Philol
681 2566 791 2604 XXV
824 2567 922 2604 537.
971 2562 1191 2610 κονδύλους
1221 2560 1344 2612 idem]
1378 2560 1586 2601 κόνδυλον.

993 2679 1075 2721 541

466 2764 636 2807 ἅπαντα
666 2770 758 2815 τοῖς
789 2764 999 2819 σοφοῖσίν
1030 2761 1150 2804 ἐστιν
1182 2760 1352 2803 εὔκολα.

374 2851 571 2890 Zenobius
599 2853 636 2901 2,
664 2853 702 2890 9.
744 2848 848 2891 ἐστιν
879 2849 968 2888 add.
995 2848 1123 2898 Mein„
1155 2847 1205 2886 ad
1236 2846 1480 2886 comoediam
1510 2846 1609 2887 haec
1641 2844 1815 2883 referens

254 2910 394 2949 Philol.
427 2910 537 2948 XXV
570 2911 667 2950 537.
