2014 3334
775 240 944 275 ΑΔΗΑΑ
969 239 1232 275 ΟΠΟΤΕΡΔΣ
1693 237 1781 281 559

206 348 386 406 myom
416 350 654 399 Παυσανίας
685 350 810 403 δηλοῖ.
846 351 1073 404 Hesychius
1122 350 1307 392 θάλασσα
1344 350 1475 403 κοίλη·
1525 346 1552 402 ἡ
1583 347 1788 403 χειμέριος,

206 409 274 452 καὶ
316 409 359 452 τὸ
401 408 584 464 θέατρον.
632 411 801 452 Photius
843 411 1027 452 θάλασσα
1070 411 1199 464 κοίλη·
1244 409 1286 451 τὸ
1330 408 1514 463 θέατρον.
1563 406 1788 462 ‘comparat

207 471 381 512 comicus
411 473 686 523 spectatorum
711 472 854 512 turbas
885 475 926 512 et
951 472 1165 523 strepitum
1197 484 1289 511 eum
1320 471 1422 511 mari
1447 472 1720 522 tempestuoso
1747 472 1789 509 et

206 531 394 583 procellis
412 526 596 584 agitato’.
614 531 733 572 Mein.
772 531 917 572 Pollux
940 534 977 583 1,
994 533 1077 572 108
1104 530 1216 583 κοίλη
1236 530 1432 571 θάλαττα.
1452 561 1462 571 .
1483 526 1788 583 .τραχυνομένη.

208 590 348 643 Polyb.
383 593 422 643 1,
453 592 522 644 60,
554 592 579 631 6
611 590 747 644 κοίλης
776 590 843 632 καὶ
873 591 1051 645 τραχείας
1080 588 1205 644 οὔσης
1234 596 1303 643 τῆς
1332 589 1551 642 θαλάσσης.

952 708 1041 751 865

492 791 682 848 θολερὸς
712 764 1006 848 προβαίνει(ς)

324 876 550 928 Hesychius
592 874 646 929 μιὴ
690 875 992 929 καθεσταμένην
1033 874 1099 917 καὶ
1140 875 1301 929 ἀσφαλῆ
1337 877 1503 930 πορείαν
1541 875 1656 929 ἔχων,
1699 872 1784 917 ἀλλ’

205 933 380 984 ἀστάτως
421 934 488 976 καὶ
518 934 809 990 τεταραγμένως
850 935 1015 989 προϊών.
1087 937 1227 977 eadem
1265 937 1441 989 Etymol.
1479 952 1531 977 m.
1570 939 1677 988 453,
1717 939 1786 988 25,

207 995 407 1037 Zenobius
426 998 467 1048 4,
488 998 556 1047 31,
575 997 758 1037 Photius.
801 995 968 1050 θολερὸς
987 995 1121 1046 Phot.]
1153 999 1343 1049 θολερῶς.
1387 998 1437 1037 cf.
1457 996 1596 1037 Cobet.
1618 996 1782 1037 Collect.

206 1055 295 1096 crit.
328 1058 400 1096 35:
445 1056 654 1109 προβαίνει
679 1055 870 1108 Hesych.]
903 1056 1134 1109 προβαίνεις
1161 1057 1313 1108 Etym,
1348 1057 1494 1096 Zenob.
1531 1056 1786 1109 προσβαίνεις

207 1115 326 1157 Phot.
374 1113 565 1167 ἀστάτως]
599 1114 826 1164 ἀναστάτως
843 1117 990 1168 ‘Etym

494 1277 792 1349 Καλυδώνιον
825 1233 1045 1362 (αἶγα)866

321 1388 486 1439 ἔνδοξον
528 1386 592 1432 ὗν.
648 1386 741 1444 αἶγα
784 1387 827 1430 δὲ
870 1389 937 1430 διὰ
976 1389 1018 1430 τὸ
1059 1387 1255 1431 ὀδωδέναι
1297 1393 1455 1443 φαῦλον
1499 1390 1628 1431 δασὺν
1672 1389 1780 1433 ὄντα.

197 1448 441 1501 Hesychius.
482 1451 674 1490 Aetolum
699 1451 889 1502 aliquem,
902 1451 1113 1491 barbatum
1141 1454 1183 1490 et
1208 1464 1330 1502 grave
1357 1453 1531 1491 olentem
1562 1452 1612 1490 ab
1638 1452 1775 1503 aliquo

203 1509 352 1550 comice
383 1511 440 1550 sic
471 1511 719 1561 adpellatum
750 1523 837 1550 esse
869 1511 1014 1552 statuit
1046 1510 1271 1551 Meinekius
1303 1511 1448 1551 Philol.
1479 1511 1577 1550 xm
1610 1512 1708 1551 536.

955 1627 1040 1670 867

493 1697 694 1754 κάπηλον
725 1699 935 1755 φρόνημα

326 1784 497 1824 Bekker.
534 1784 679 1824 Anecd.
711 1786 781 1834 49,
815 1786 839 1824 9
879 1784 1125 1837 παλίμβολον
1156 1783 1222 1824 καὶ
1253 1783 1326 1837 οὐχ
1356 1782 1473 1838 ὑγιές.
1523 1782 1549 1836 ἡ
1581 1784 1785 1837 μεταφορὰ

208 1842 287 1883 ἀπὸ
318 1850 396 1883 τῶν
432 1843 623 1896 καπήλων
658 1849 738 1884 τῶν
775 1842 828 1896 μὴ
861 1844 1166 1896 πιπρασκόντων
1205 1844 1396 1897 εἰλικρινῆ
1433 1843 1500 1884 καὶ
1536 1843 1700 1897 ἀκέραια
1738 1843 1786 1884 τὰ

210 1902 322 1943 ὤνια.
373 1905 559 1956 Aeschyl.
592 1905 640 1944 fr.
673 1905 758 1944 314
786 1905 835 1943 N.
866 1903 1024 1956 κάπηλα
1053 1902 1293 1957 προσφέρων
1323 1904 1552 1956 τεχνήματα.

955 2021 1041 2064 868

494 2105 558 2155 εἰς
588 2111 796 2161 κοπρῶνα
825 2108 997 2160 θυμιᾶν

328 2191 499 2231 Photius
531 2188 629 2231 ὄνου
660 2190 792 2231 πόκαι.
841 2192 888 2231 cf.
923 2193 1023 2232 853.

948 2307 1034 2350 869

495 2379 739 2434 κυβηλικὸν
769 2380 937 2435 τρόπον

330 2465 568 2517 Hesychius.
617 2466 766 2506 excidit
795 2466 1089 2517 interpretatio,
1120 2479 1222 2517 quae
1249 2468 1411 2505 servata
1436 2478 1520 2505 esse
1551 2464 1713 2505 videtur
1742 2465 1785 2504 in

210 2525 345 2577 glossa
363 2527 552 2575 corrupta
570 2524 811 2578 κυμβαλικὸς
830 2531 923 2580 (scr.
944 2524 1178 2579 κυβηλικὸς)
1204 2524 1347 2577 τρόπος
1371 2527 1424 2581 τῷ
1443 2523 1594 2564 πελέκει
1613 2539 1784 2577 κακουρ-

212 2589 342 2638 γῆσαι.
394 2581 571 2625 ‘videtur
594 2585 635 2624 id
661 2586 710 2625 de
741 2589 971 2638 grassatore
1002 2586 1153 2625 dictum
1178 2586 1317 2635 fuisse,
1349 2586 1419 2635 qui
1445 2585 1576 2624 securi
1602 2585 1784 2624 homines

211 2640 466 2695 percuteret'.
497 2643 615 2683 Mein.

497 2787 642 2841 λημᾶν
671 2785 852 2844 χύτραις
958 2726 1045 2769 870

332 2869 557 2922 Hesychius
587 2873 717 2923 λημᾶν
747 2872 904 2925 χύτραις
935 2870 961 2924 ἢ
987 2870 1259 2917 κολοκύνταις·
1290 2870 1482 2922 παροιμία
1512 2886 1545 2922 χ.
1575 2872 1686 2922 λημῶ
1717 2869 1784 2910 καὶ

211 2931 292 2969 κολ.
324 2927 387 2969 ἐπὶ
417 2935 495 2969 τῶν
525 2928 858 2983 ἀμβλυωττόντων
889 2932 1009 2972 πάνυ.
1054 2931 1222 2970 Photius
1254 2932 1383 2981 λημᾶν
1408 2930 1578 2985 χύτραις,
1609 2929 1674 2969 καὶ
1697 2933 1727 2970 λ.
1748 2945 1783 2970 κ.
