<?xml version="1.0" encoding="UTF-8"?>
<!DOCTYPE html PUBLIC "-//W3C//DTD XHTML 1.0 Transitional//EN"
    "http://www.w3.org/TR/xhtml1/DTD/xhtml1-transitional.dtd">
<html xmlns="http://www.w3.org/1999/xhtml" xml:lang="en" lang="en">
 <head>
  <title>
</title>
<meta http-equiv="Content-Type" content="text/html;charset=utf-8" />
  <meta name='ocr-system' content='tesseract 3.04.00' />
  <meta name='ocr-capabilities' content='ocr_page ocr_carea ocr_par ocr_line ocrx_word'/>
</head>
<body>
  <div class='ocr_page' id='page_1' title='image "./comicorumatticor03kockuoft_0305.png"; bbox 0 0 2014 3334; ppageno 0'>
   <div class='ocr_carea' id='block_1_1' title="bbox 0 0 201 168">
    <p class='ocr_par' dir='ltr' id='par_1_1' title="bbox 0 0 201 168">
     <span class='ocr_line' id='line_1_1' title="bbox 0 0 201 168; baseline 0 3166"><span class='ocrx_word' id='word_1_1' title='bbox 0 0 201 168; x_wconf 95' lang='lat' dir='ltr'><strong> </strong></span> 
     </span>
    </p>
   </div>
   <div class='ocr_carea' id='block_1_2' title="bbox 0 74 157 847">
    <p class='ocr_par' dir='ltr' id='par_1_2' title="bbox 0 77 60 847">
     <span class='ocr_line' id='line_1_2' title="bbox 0 122 25 847; textangle 90"><span class='ocrx_word' id='word_1_2' title='bbox 9 838 14 847; x_wconf 32' lang='grc' dir='ltr'>ἡ</span> <span class='ocrx_word' id='word_1_3' title='bbox 9 774 11 777; x_wconf 60' lang='grc'>,</span> <span class='ocrx_word' id='word_1_4' title='bbox 0 151 25 730; x_wconf 33' lang='grc' dir='ltr'><strong>-ῃψ-,,,ψ“,-Ι.ψψΜη-,ψ,.,.,</strong></span> <span class='ocrx_word' id='word_1_5' title='bbox 13 122 16 126; x_wconf 23' lang='lat'><strong>⁴</strong></span> 
     </span>
     <span class='ocr_line' id='line_1_3' title="bbox 36 77 60 131; textangle 90"><span class='ocrx_word' id='word_1_6' title='bbox 36 123 49 131; x_wconf 56' lang='grc' dir='ltr'>ἰ</span> <span class='ocrx_word' id='word_1_7' title='bbox 38 77 60 105; x_wconf 55' lang='lat' dir='ltr'><strong>X?</strong></span> 
     </span>
    </p>

    <p class='ocr_par' dir='ltr' id='par_1_3' title="bbox 61 83 94 674">
     <span class='ocr_line' id='line_1_4' title="bbox 61 83 94 674; textangle 90"><span class='ocrx_word' id='word_1_8' title='bbox 72 672 75 674; x_wconf 82' lang='grc'>.</span> <span class='ocrx_word' id='word_1_9' title='bbox 88 172 90 174; x_wconf 49' lang='grc' dir='ltr'>Ι</span> <span class='ocrx_word' id='word_1_10' title='bbox 72 150 81 157; x_wconf 62' lang='grc' dir='ltr'><strong>ἶ</strong></span> <span class='ocrx_word' id='word_1_11' title='bbox 61 110 85 122; x_wconf 50' lang='lat'><strong>⁸*</strong></span> <span class='ocrx_word' id='word_1_12' title='bbox 91 83 94 86; x_wconf 29' lang='grc' dir='ltr'><strong>ν</strong></span> 
     </span>
    </p>

    <p class='ocr_par' dir='ltr' id='par_1_4' title="bbox 94 80 123 173">
     <span class='ocr_line' id='line_1_5' title="bbox 94 80 123 173; textangle 90"><span class='ocrx_word' id='word_1_13' title='bbox 94 169 99 173; x_wconf 90' lang='grc'><strong>“</strong></span> <span class='ocrx_word' id='word_1_14' title='bbox 107 118 116 140; x_wconf 58' lang='lat'>0</span> <span class='ocrx_word' id='word_1_15' title='bbox 98 80 123 86; x_wconf 67' lang='lat' dir='ltr'><strong>vj</strong></span> 
     </span>
    </p>

    <p class='ocr_par' dir='ltr' id='par_1_5' title="bbox 137 74 157 111">
     <span class='ocr_line' id='line_1_6' title="bbox 137 74 157 111; textangle 90"><span class='ocrx_word' id='word_1_16' title='bbox 137 74 157 111; x_wconf 61' lang='grc' dir='ltr'><strong>ι,</strong></span> 
     </span>
    </p>
   </div>
   <div class='ocr_carea' id='block_1_3' title="bbox 643 276 1780 320">
    <p class='ocr_par' dir='ltr' id='par_1_6' title="bbox 643 276 1780 320">
     <span class='ocr_line' id='line_1_7' title="bbox 643 276 1780 320; baseline 0.009 -10"><span class='ocrx_word' id='word_1_17' title='bbox 643 276 805 310; x_wconf 71' lang='grc' dir='ltr'><strong>ΕΚΤΡΑ</strong></span> <span class='ocrx_word' id='word_1_18' title='bbox 831 296 875 302; x_wconf 92' lang='grc'>-</span> <span class='ocrx_word' id='word_1_19' title='bbox 902 277 1342 312; x_wconf 69' lang='grc' dir='ltr'><strong>ΕΠΙΔῙΚΑΖΟΜΕΝΟΣ</strong></span> <span class='ocrx_word' id='word_1_20' title='bbox 1692 277 1780 320; x_wconf 82' lang='lat'><strong>285</strong></span> 
     </span>
    </p>
   </div>
   <div class='ocr_carea' id='block_1_4' title="bbox 197 386 1783 505">
    <p class='ocr_par' dir='ltr' id='par_1_7' title="bbox 197 386 1783 505">
     <span class='ocr_line' id='line_1_8' title="bbox 314 386 1783 446; baseline 0.001 -18"><span class='ocrx_word' id='word_1_21' title='bbox 314 388 460 428; x_wconf 87' lang='lat' dir='ltr'>Pollux</span> <span class='ocrx_word' id='word_1_22' title='bbox 496 389 562 438; x_wconf 85' lang='lat'><strong>10,</strong></span> <span class='ocrx_word' id='word_1_23' title='bbox 599 390 682 430; x_wconf 83' lang='lat'><strong>152</strong></span> <span class='ocrx_word' id='word_1_24' title='bbox 728 388 764 428; x_wconf 85' lang='grc' dir='ltr'><strong>εἰ</strong></span> <span class='ocrx_word' id='word_1_25' title='bbox 794 386 838 428; x_wconf 80' lang='grc' dir='ltr'><strong>δὲ</strong></span> <span class='ocrx_word' id='word_1_26' title='bbox 868 387 934 428; x_wconf 76' lang='grc' dir='ltr'><strong>καὶ</strong></span> <span class='ocrx_word' id='word_1_27' title='bbox 965 390 1019 446; x_wconf 76' lang='grc' dir='ltr'><strong>τῷ</strong></span> <span class='ocrx_word' id='word_1_28' title='bbox 1060 389 1258 444; x_wconf 81' lang='grc' dir='ltr'><strong><em>μαρσιπίῳ</em></strong></span> <span class='ocrx_word' id='word_1_29' title='bbox 1290 403 1347 437; x_wconf 83' lang='grc' dir='ltr'><strong>τις</strong></span> <span class='ocrx_word' id='word_1_30' title='bbox 1378 393 1553 442; x_wconf 82' lang='grc' dir='ltr'><strong><em>χρῆσθαι</em></strong></span> <span class='ocrx_word' id='word_1_31' title='bbox 1582 389 1783 443; x_wconf 79' lang='grc' dir='ltr'><strong><em>βούλοιτο,</em></strong></span> 
     </span>
     <span class='ocr_line' id='line_1_9' title="bbox 197 444 1783 505; baseline 0.002 -17"><span class='ocrx_word' id='word_1_32' title='bbox 197 447 396 503; x_wconf 78' lang='grc' dir='ltr'><strong><em>βοηθήσει</em></strong></span> <span class='ocrx_word' id='word_1_33' title='bbox 433 447 540 504; x_wconf 77' lang='grc' dir='ltr'><strong><em>αὐτῷ</em></strong></span> <span class='ocrx_word' id='word_1_34' title='bbox 567 444 863 502; x_wconf 81' lang='grc' dir='ltr'><strong><em>Ἀπολλόδωρος</em></strong></span> <span class='ocrx_word' id='word_1_35' title='bbox 900 446 922 489; x_wconf 82' lang='grc' dir='ltr'><em>ὃ</em></span> <span class='ocrx_word' id='word_1_36' title='bbox 953 448 1178 502; x_wconf 83' lang='grc' dir='ltr'><strong><em>Καρύστιος</em></strong></span> <span class='ocrx_word' id='word_1_37' title='bbox 1215 447 1338 489; x_wconf 84' lang='grc' dir='ltr'><strong><em>εἰπὼν</em></strong></span> <span class='ocrx_word' id='word_1_38' title='bbox 1376 448 1421 490; x_wconf 79' lang='grc' dir='ltr'><strong>ἐν</strong></span> <span class='ocrx_word' id='word_1_39' title='bbox 1457 455 1503 505; x_wconf 78' lang='grc' dir='ltr'><strong>τῇ</strong></span> <span class='ocrx_word' id='word_1_40' title='bbox 1531 446 1674 490; x_wconf 81' lang='grc' dir='ltr'><strong><em>Ἐννέα</em></strong></span> <span class='ocrx_word' id='word_1_41' title='bbox 1704 454 1783 493; x_wconf 83' lang='grc' dir='ltr'><em>κτλ.</em></span> 
     </span>
    </p>
   </div>
   <div class='ocr_carea' id='block_1_5' title="bbox 767 565 1210 600">
    <p class='ocr_par' dir='ltr' id='par_1_8' title="bbox 767 565 1210 600">
     <span class='ocr_line' id='line_1_10' title="bbox 767 565 1210 600; baseline 0.005 -2"><span class='ocrx_word' id='word_1_42' title='bbox 767 565 1210 600; x_wconf 83' lang='grc' dir='ltr'><strong>ΕΠΙΔΙΚΑΖΟΜΕΝΟΣ</strong></span> 
     </span>
    </p>
   </div>
   <div class='ocr_carea' id='block_1_6' title="bbox 189 641 1787 1536">
    <p class='ocr_par' dir='ltr' id='par_1_9' title="bbox 189 641 1787 1536">
     <span class='ocr_line' id='line_1_11' title="bbox 316 641 1784 692; baseline 0.002 -12"><span class='ocrx_word' id='word_1_43' title='bbox 316 641 531 681; x_wconf 75' lang='lat' dir='ltr'><strong>Terentius</strong></span> <span class='ocrx_word' id='word_1_44' title='bbox 551 641 714 681; x_wconf 90' lang='lat' dir='ltr'><strong>Phorm.</strong></span> <span class='ocrx_word' id='word_1_45' title='bbox 733 641 836 692; x_wconf 90' lang='lat' dir='ltr'><strong>prol.</strong></span> <span class='ocrx_word' id='word_1_46' title='bbox 859 642 914 681; x_wconf 85' lang='lat'><strong>24</strong></span> <span class='ocrx_word' id='word_1_47' title='bbox 947 642 1110 691; x_wconf 74' lang='lat' dir='ltr'><strong>adporto</strong></span> <span class='ocrx_word' id='word_1_48' title='bbox 1128 654 1270 682; x_wconf 87' lang='lat' dir='ltr'><strong>novam</strong></span> <span class='ocrx_word' id='word_1_49' title='bbox 1289 642 1644 692; x_wconf 71' lang='lat' dir='ltr'><em>Epidicazomenon</em></span> <span class='ocrx_word' id='word_1_50' title='bbox 1666 644 1784 692; x_wconf 82' lang='lat' dir='ltr'><strong>quam</strong></span> 
     </span>
     <span class='ocr_line' id='line_1_12' title="bbox 196 701 1784 754; baseline 0.001 -13"><span class='ocrx_word' id='word_1_51' title='bbox 196 704 338 742; x_wconf 81' lang='lat' dir='ltr'><strong>vocant</strong></span> <span class='ocrx_word' id='word_1_52' title='bbox 367 701 602 742; x_wconf 86' lang='lat' dir='ltr'><strong>comoe&#39;diam</strong></span> <span class='ocrx_word' id='word_1_53' title='bbox 622 701 778 752; x_wconf 79' lang='lat' dir='ltr'><strong>Graeci,</strong></span> <span class='ocrx_word' id='word_1_54' title='bbox 809 701 951 741; x_wconf 86' lang='lat' dir='ltr'><strong>Latini</strong></span> <span class='ocrx_word' id='word_1_55' title='bbox 968 702 1241 742; x_wconf 77' lang='lat' dir='ltr'><strong>Phormionem</strong></span> <span class='ocrx_word' id='word_1_56' title='bbox 1267 702 1481 754; x_wconf 77' lang='lat' dir='ltr'><strong>nominant,</strong></span> <span class='ocrx_word' id='word_1_57' title='bbox 1513 705 1608 752; x_wconf 81' lang='lat' dir='ltr'><strong>quia</strong></span> <span class='ocrx_word' id='word_1_58' title='bbox 1624 704 1784 752; x_wconf 76' lang='lat' dir='ltr'><strong>primas</strong></span> 
     </span>
     <span class='ocr_line' id='line_1_13' title="bbox 189 762 1785 812; baseline 0 -10"><span class='ocrx_word' id='word_1_59' title='bbox 189 763 323 812; x_wconf 75' lang='lat' dir='ltr'><strong>partis</strong></span> <span class='ocrx_word' id='word_1_60' title='bbox 361 763 432 811; x_wconf 78' lang='lat' dir='ltr'><strong>qui</strong></span> <span class='ocrx_word' id='word_1_61' title='bbox 471 765 558 812; x_wconf 74' lang='lat' dir='ltr'><strong>ayet</strong></span> <span class='ocrx_word' id='word_1_62' title='bbox 599 764 635 802; x_wconf 89' lang='lat' dir='ltr'><strong>is</strong></span> <span class='ocrx_word' id='word_1_63' title='bbox 674 763 747 802; x_wconf 88' lang='lat' dir='ltr'><strong>erit</strong></span> <span class='ocrx_word' id='word_1_64' title='bbox 782 762 968 801; x_wconf 77' lang='lat' dir='ltr'><strong>Phormio</strong></span> <span class='ocrx_word' id='word_1_65' title='bbox 1005 763 1232 811; x_wconf 72' lang='lat' dir='ltr'><strong><em>parasitus,</em></strong></span> <span class='ocrx_word' id='word_1_66' title='bbox 1267 775 1344 812; x_wconf 76' lang='lat' dir='ltr'><strong>per</strong></span> <span class='ocrx_word' id='word_1_67' title='bbox 1381 775 1492 812; x_wconf 83' lang='lat' dir='ltr'><strong>quem</strong></span> <span class='ocrx_word' id='word_1_68' title='bbox 1533 763 1597 802; x_wconf 83' lang='lat' dir='ltr'><strong>re&#39;s</strong></span> <span class='ocrx_word' id='word_1_69' title='bbox 1630 766 1785 812; x_wconf 72' lang='lat' dir='ltr'><strong>yeretur</strong></span> 
     </span>
     <span class='ocr_line' id='line_1_14' title="bbox 194 819 1784 872; baseline 0.001 -11"><span class='ocrx_word' id='word_1_70' title='bbox 194 823 386 862; x_wconf 76' lang='lat' dir='ltr'><strong>maxwme.</strong></span> <span class='ocrx_word' id='word_1_71' title='bbox 449 824 490 861; x_wconf 90' lang='lat' dir='ltr'><strong>et</strong></span> <span class='ocrx_word' id='word_1_72' title='bbox 520 822 755 862; x_wconf 84' lang='lat' dir='ltr'><strong>Didascalia</strong></span> <span class='ocrx_word' id='word_1_73' title='bbox 783 834 927 872; x_wconf 75' lang='lat' dir='ltr'><strong>yraeca</strong></span> <span class='ocrx_word' id='word_1_74' title='bbox 956 820 1201 871; x_wconf 56' lang='lat' dir='ltr'><strong>Apollodorei</strong></span> <span class='ocrx_word' id='word_1_75' title='bbox 1231 823 1591 872; x_wconf 68' lang='lat' dir='ltr'><strong>Epidicazomenos.</strong></span> <span class='ocrx_word' id='word_1_76' title='bbox 1631 819 1784 862; x_wconf 83' lang='grc' dir='ltr'><em>Ἐπιὸι-</em></span> 
     </span>
     <span class='ocr_line' id='line_1_15' title="bbox 197 878 1787 934; baseline 0 -12"><span class='ocrx_word' id='word_1_77' title='bbox 197 880 394 934; x_wconf 82' lang='grc' dir='ltr'><strong><em>καζομένη</em></strong></span> <span class='ocrx_word' id='word_1_78' title='bbox 432 882 565 922; x_wconf 77' lang='lat' dir='ltr'><strong>Bentl.</strong></span> <span class='ocrx_word' id='word_1_79' title='bbox 623 878 993 934; x_wconf 69' lang='grc' dir='ltr'><strong>εἘπιδεκαζόμενον</strong></span> <span class='ocrx_word' id='word_1_80' title='bbox 1037 882 1091 933; x_wconf 15' lang='lat' dir='ltr'><strong>sir</strong></span> <span class='ocrx_word' id='word_1_81' title='bbox 1113 882 1321 934; x_wconf 72' lang='lat' dir='ltr'><strong>inscripsit</strong></span> <span class='ocrx_word' id='word_1_82' title='bbox 1351 882 1644 934; x_wconf 88' lang='lat' dir='ltr'><strong>Apollodorus,</strong></span> <span class='ocrx_word' id='word_1_83' title='bbox 1690 883 1787 922; x_wconf 87' lang='lat' dir='ltr'><strong>fecit</strong></span> 
     </span>
     <span class='ocr_line' id='line_1_16' title="bbox 198 942 1784 994; baseline 0 -12"><span class='ocrx_word' id='word_1_84' title='bbox 198 943 274 982; x_wconf 85' lang='lat' dir='ltr'><strong>hoc</strong></span> <span class='ocrx_word' id='word_1_85' title='bbox 303 944 470 994; x_wconf 81' lang='lat' dir='ltr'><strong>propter</strong></span> <span class='ocrx_word' id='word_1_86' title='bbox 501 942 803 994; x_wconf 86' lang='lat' dir='ltr'><strong>Phormionem,</strong></span> <span class='ocrx_word' id='word_1_87' title='bbox 841 942 912 993; x_wconf 86' lang='lat' dir='ltr'><strong>qui</strong></span> <span class='ocrx_word' id='word_1_88' title='bbox 944 955 985 982; x_wconf 87' lang='lat' dir='ltr'><strong>se</strong></span> <span class='ocrx_word' id='word_1_89' title='bbox 1022 944 1238 993; x_wconf 81' lang='lat' dir='ltr'><strong>paternum</strong></span> <span class='ocrx_word' id='word_1_90' title='bbox 1270 942 1417 982; x_wconf 84' lang='lat' dir='ltr'><strong>Phanii</strong></span> <span class='ocrx_word' id='word_1_91' title='bbox 1457 943 1630 982; x_wconf 85' lang='lat' dir='ltr'><strong>amicum</strong></span> <span class='ocrx_word' id='word_1_92' title='bbox 1662 943 1784 982; x_wconf 90' lang='lat' dir='ltr'><strong>simu-</strong></span> 
     </span>
     <span class='ocr_line' id='line_1_17' title="bbox 197 1002 1787 1055; baseline 0 -13"><span class='ocrx_word' id='word_1_93' title='bbox 197 1003 305 1042; x_wconf 81' lang='lat' dir='ltr'><strong>laret</strong></span> <span class='ocrx_word' id='word_1_94' title='bbox 334 1002 504 1055; x_wconf 89' lang='lat' dir='ltr'><strong>ideoque</strong></span> <span class='ocrx_word' id='word_1_95' title='bbox 536 1015 658 1043; x_wconf 88' lang='lat' dir='ltr'><strong>causa</strong></span> <span class='ocrx_word' id='word_1_96' title='bbox 682 1005 849 1053; x_wconf 68' lang='lat' dir='ltr'><strong>viminis</strong></span> <span class='ocrx_word' id='word_1_97' title='bbox 873 1006 1052 1052; x_wconf 77' lang='lat' dir='ltr'><strong>suscepta</strong></span> <span class='ocrx_word' id='word_1_98' title='bbox 1070 1003 1348 1054; x_wconf 73' lang='lat' dir='ltr'><strong>Antiphonem</strong></span> <span class='ocrx_word' id='word_1_99' title='bbox 1379 1003 1422 1042; x_wconf 90' lang='lat' dir='ltr'><strong>in</strong></span> <span class='ocrx_word' id='word_1_100' title='bbox 1447 1003 1597 1042; x_wconf 86' lang='lat' dir='ltr'><strong>iudicio</strong></span> <span class='ocrx_word' id='word_1_101' title='bbox 1624 1004 1787 1054; x_wconf 88' lang='lat' dir='ltr'><strong>cogeret</strong></span> 
     </span>
     <span class='ocr_line' id='line_1_18' title="bbox 198 1063 1784 1114; baseline 0 -12"><span class='ocrx_word' id='word_1_102' title='bbox 198 1065 245 1103; x_wconf 88' lang='lat' dir='ltr'><strong>ut</strong></span> <span class='ocrx_word' id='word_1_103' title='bbox 275 1063 390 1102; x_wconf 87' lang='lat' dir='ltr'><strong>illam</strong></span> <span class='ocrx_word' id='word_1_104' title='bbox 422 1063 680 1103; x_wconf 85' lang='lat' dir='ltr'><strong>matrimonio</strong></span> <span class='ocrx_word' id='word_1_105' title='bbox 713 1063 791 1102; x_wconf 86' lang='lat' dir='ltr'><strong>sibi</strong></span> <span class='ocrx_word' id='word_1_106' title='bbox 821 1063 1019 1114; x_wconf 86' lang='lat' dir='ltr'><strong>iungeret.</strong></span> <span class='ocrx_word' id='word_1_107' title='bbox 1082 1064 1132 1102; x_wconf 88' lang='lat' dir='ltr'><strong>cf.</strong></span> <span class='ocrx_word' id='word_1_108' title='bbox 1164 1063 1301 1103; x_wconf 87' lang='lat' dir='ltr'><strong>Meier.</strong></span> <span class='ocrx_word' id='word_1_109' title='bbox 1333 1063 1419 1102; x_wconf 87' lang='lat' dir='ltr'><strong>Att.</strong></span> <span class='ocrx_word' id='word_1_110' title='bbox 1446 1063 1561 1104; x_wconf 85' lang='lat' dir='ltr'><strong>Proc.</strong></span> <span class='ocrx_word' id='word_1_111' title='bbox 1594 1065 1694 1114; x_wconf 81' lang='lat'><strong>462,</strong></span> <span class='ocrx_word' id='word_1_112' title='bbox 1715 1064 1784 1102; x_wconf 88' lang='lat'><strong>56.</strong></span> 
     </span>
     <span class='ocr_line' id='line_1_19' title="bbox 200 1118 1785 1175; baseline 0 -13"><span class='ocrx_word' id='word_1_113' title='bbox 200 1123 262 1163; x_wconf 92' lang='lat' dir='ltr'><strong>sin</strong></span> <span class='ocrx_word' id='word_1_114' title='bbox 281 1118 640 1175; x_wconf 78' lang='grc' dir='ltr'><strong><em>Ἐπιδικαζομένην</em></strong></span> <span class='ocrx_word' id='word_1_115' title='bbox 671 1123 889 1174; x_wconf 78' lang='lat' dir='ltr'><strong>inscripsit,</strong></span> <span class='ocrx_word' id='word_1_116' title='bbox 922 1123 963 1162; x_wconf 91' lang='lat' dir='ltr'><strong>id</strong></span> <span class='ocrx_word' id='word_1_117' title='bbox 994 1125 1161 1174; x_wconf 90' lang='lat' dir='ltr'><strong>propter</strong></span> <span class='ocrx_word' id='word_1_118' title='bbox 1187 1123 1387 1163; x_wconf 85' lang='lat' dir='ltr'><strong>Phanium</strong></span> <span class='ocrx_word' id='word_1_119' title='bbox 1418 1124 1561 1163; x_wconf 87' lang='lat' dir='ltr'><strong>fecisse</strong></span> <span class='ocrx_word' id='word_1_120' title='bbox 1579 1123 1785 1175; x_wconf 87' lang='lat' dir='ltr'><strong>putandus</strong></span> 
     </span>
     <span class='ocr_line' id='line_1_20' title="bbox 201 1183 1786 1234; baseline -0.001 -11"><span class='ocrx_word' id='word_1_121' title='bbox 201 1186 277 1234; x_wconf 66' lang='lat' dir='ltr'><strong>est,</strong></span> <span class='ocrx_word' id='word_1_122' title='bbox 307 1196 410 1234; x_wconf 85' lang='lat' dir='ltr'><strong>quae</strong></span> <span class='ocrx_word' id='word_1_123' title='bbox 436 1183 709 1223; x_wconf 85' lang='lat' dir='ltr'><strong>intercedente</strong></span> <span class='ocrx_word' id='word_1_124' title='bbox 729 1184 967 1223; x_wconf 85' lang='lat' dir='ltr'><strong>Phormione</strong></span> <span class='ocrx_word' id='word_1_125' title='bbox 1000 1185 1162 1234; x_wconf 86' lang='lat' dir='ltr'><strong>cogeret</strong></span> <span class='ocrx_word' id='word_1_126' title='bbox 1181 1183 1455 1234; x_wconf 87' lang='lat' dir='ltr'><strong>Antiphonem</strong></span> <span class='ocrx_word' id='word_1_127' title='bbox 1479 1185 1527 1222; x_wconf 88' lang='lat' dir='ltr'><strong>ut</strong></span> <span class='ocrx_word' id='word_1_128' title='bbox 1553 1196 1595 1222; x_wconf 91' lang='lat' dir='ltr'><strong>se</strong></span> <span class='ocrx_word' id='word_1_129' title='bbox 1620 1196 1786 1223; x_wconf 87' lang='lat' dir='ltr'><strong>uxorem</strong></span> 
     </span>
     <span class='ocr_line' id='line_1_21' title="bbox 201 1243 1784 1296; baseline -0.001 -14"><span class='ocrx_word' id='word_1_130' title='bbox 201 1243 376 1283; x_wconf 82' lang='lat' dir='ltr'><strong>duceret.</strong></span> <span class='ocrx_word' id='word_1_131' title='bbox 426 1244 675 1283; x_wconf 75' lang='lat' dir='ltr'><strong>Pliormionis</strong></span> <span class='ocrx_word' id='word_1_132' title='bbox 705 1243 875 1294; x_wconf 82' lang='lat' dir='ltr'><strong>parasiti</strong></span> <span class='ocrx_word' id='word_1_133' title='bbox 905 1256 1051 1283; x_wconf 88' lang='lat' dir='ltr'><strong>nomen</strong></span> <span class='ocrx_word' id='word_1_134' title='bbox 1082 1256 1163 1283; x_wconf 92' lang='lat' dir='ltr'><strong>non</strong></span> <span class='ocrx_word' id='word_1_135' title='bbox 1193 1243 1344 1296; x_wconf 91' lang='lat' dir='ltr'><strong>fictum,</strong></span> <span class='ocrx_word' id='word_1_136' title='bbox 1378 1244 1446 1283; x_wconf 88' lang='lat' dir='ltr'><strong>sed</strong></span> <span class='ocrx_word' id='word_1_137' title='bbox 1473 1256 1495 1282; x_wconf 86' lang='lat' dir='ltr'><strong>e</strong></span> <span class='ocrx_word' id='word_1_138' title='bbox 1520 1243 1579 1282; x_wconf 88' lang='lat' dir='ltr'><strong>rei</strong></span> <span class='ocrx_word' id='word_1_139' title='bbox 1610 1244 1784 1283; x_wconf 85' lang='lat' dir='ltr'><strong>veritate</strong></span> 
     </span>
     <span class='ocr_line' id='line_1_22' title="bbox 202 1299 1785 1355; baseline 0 -13"><span class='ocrx_word' id='word_1_140' title='bbox 202 1304 369 1342; x_wconf 85' lang='lat' dir='ltr'><strong>ductum</strong></span> <span class='ocrx_word' id='word_1_141' title='bbox 401 1303 527 1343; x_wconf 84' lang='lat' dir='ltr'><strong>fuisse</strong></span> <span class='ocrx_word' id='word_1_142' title='bbox 559 1302 741 1355; x_wconf 78' lang='lat' dir='ltr'><strong>conligas</strong></span> <span class='ocrx_word' id='word_1_143' title='bbox 774 1317 823 1342; x_wconf 85' lang='lat' dir='ltr'><strong>ex</strong></span> <span class='ocrx_word' id='word_1_144' title='bbox 853 1302 1000 1342; x_wconf 89' lang='lat' dir='ltr'><strong>Athen.</strong></span> <span class='ocrx_word' id='word_1_145' title='bbox 1030 1307 1066 1352; x_wconf 79' lang='grc'><strong>6,</strong></span> <span class='ocrx_word' id='word_1_146' title='bbox 1102 1304 1222 1343; x_wconf 84' lang='lat' dir='ltr'><strong>244f</strong></span> <span class='ocrx_word' id='word_1_147' title='bbox 1243 1299 1525 1355; x_wconf 82' lang='grc' dir='ltr'><strong><em>Ἀριστόδημος</em></strong></span> <span class='ocrx_word' id='word_1_148' title='bbox 1657 1317 1785 1355; x_wconf 84' lang='grc' dir='ltr'><strong><em>παρα-</em></strong></span> 
     </span>
     <span class='ocr_line' id='line_1_23' title="bbox 202 1361 1786 1416; baseline 0 -14"><span class='ocrx_word' id='word_1_149' title='bbox 202 1363 334 1411; x_wconf 82' lang='grc' dir='ltr'><strong><em>σίτους</em></strong></span> <span class='ocrx_word' id='word_1_150' title='bbox 372 1361 596 1416; x_wconf 79' lang='grc' dir='ltr'><em>ἀναγράφει</em></span> <span class='ocrx_word' id='word_1_151' title='bbox 635 1396 642 1403; x_wconf 92' lang='grc'><em>.</em></span> <span class='ocrx_word' id='word_1_152' title='bbox 676 1395 684 1403; x_wconf 94' lang='grc'><strong>.</strong></span> <span class='ocrx_word' id='word_1_153' title='bbox 718 1396 726 1404; x_wconf 91' lang='grc'><strong>.</strong></span> <span class='ocrx_word' id='word_1_154' title='bbox 763 1362 965 1403; x_wconf 83' lang='grc' dir='ltr'><strong><em>Σελεύκου</em></strong></span> <span class='ocrx_word' id='word_1_155' title='bbox 1014 1362 1244 1415; x_wconf 83' lang='grc' dir='ltr'><strong><em>Φορμίωνα.</em></strong></span> <span class='ocrx_word' id='word_1_156' title='bbox 1300 1377 1429 1414; x_wconf 88' lang='lat' dir='ltr'><strong>neque</strong></span> <span class='ocrx_word' id='word_1_157' title='bbox 1474 1364 1580 1402; x_wconf 81' lang='lat' dir='ltr'><strong>alius</strong></span> <span class='ocrx_word' id='word_1_158' title='bbox 1623 1364 1786 1403; x_wconf 86' lang='lat' dir='ltr'><strong>videtur</strong></span> 
     </span>
     <span class='ocr_line' id='line_1_24' title="bbox 203 1418 1787 1480; baseline 0 -18"><span class='ocrx_word' id='word_1_159' title='bbox 203 1424 393 1464; x_wconf 90' lang='lat' dir='ltr'><strong>Phormio</strong></span> <span class='ocrx_word' id='word_1_160' title='bbox 426 1424 551 1464; x_wconf 85' lang='lat' dir='ltr'><strong>fuisse</strong></span> <span class='ocrx_word' id='word_1_161' title='bbox 582 1424 616 1464; x_wconf 93' lang='lat' dir='ltr'><strong>is</strong></span> <span class='ocrx_word' id='word_1_162' title='bbox 649 1437 766 1475; x_wconf 87' lang='lat' dir='ltr'><strong>quem</strong></span> <span class='ocrx_word' id='word_1_163' title='bbox 798 1424 842 1463; x_wconf 92' lang='lat' dir='ltr'><strong>in</strong></span> <span class='ocrx_word' id='word_1_164' title='bbox 872 1422 1059 1480; x_wconf 82' lang='grc' dir='ltr'><strong><em>Διαβόλῳ</em></strong></span> <span class='ocrx_word' id='word_1_165' title='bbox 1090 1424 1250 1463; x_wconf 87' lang='lat' dir='ltr'><strong>induxit</strong></span> <span class='ocrx_word' id='word_1_166' title='bbox 1280 1418 1582 1475; x_wconf 88' lang='lat' dir='ltr'><strong>Apollodorus.&#39;</strong></span> <span class='ocrx_word' id='word_1_167' title='bbox 1622 1423 1741 1463; x_wconf 85' lang='lat' dir='ltr'><strong>Mein.</strong></span> <span class='ocrx_word' id='word_1_168' title='bbox 1766 1423 1787 1462; x_wconf 96' lang='lat' dir='ltr'>I</span> 
     </span>
     <span class='ocr_line' id='line_1_25' title="bbox 202 1482 1786 1536; baseline -0.001 -13"><span class='ocrx_word' id='word_1_169' title='bbox 202 1485 301 1524; x_wconf 86' lang='lat'>465.</span> <span class='ocrx_word' id='word_1_170' title='bbox 335 1485 373 1523; x_wconf 87' lang='grc'><strong>6.</strong></span> <span class='ocrx_word' id='word_1_171' title='bbox 422 1484 589 1523; x_wconf 87' lang='lat' dir='ltr'><strong>fuerunt</strong></span> <span class='ocrx_word' id='word_1_172' title='bbox 619 1484 780 1523; x_wconf 85' lang='lat' dir='ltr'><strong>fabulae</strong></span> <span class='ocrx_word' id='word_1_173' title='bbox 812 1484 1069 1536; x_wconf 82' lang='lat' dir='ltr'><strong>cognomines</strong></span> <span class='ocrx_word' id='word_1_174' title='bbox 1091 1483 1351 1535; x_wconf 82' lang='lat' dir='ltr'><strong>Philemonis,</strong></span> <span class='ocrx_word' id='word_1_175' title='bbox 1376 1484 1546 1535; x_wconf 88' lang='lat' dir='ltr'><strong>Diphili,</strong></span> <span class='ocrx_word' id='word_1_176' title='bbox 1572 1482 1786 1534; x_wconf 76' lang='lat' dir='ltr'><strong>Anaxippi.</strong></span> 
     </span>
    </p>
   </div>
   <div class='ocr_carea' id='block_1_7' title="bbox 970 1613 1025 1655">
    <p class='ocr_par' dir='ltr' id='par_1_10' title="bbox 970 1613 1025 1655">
     <span class='ocr_line' id='line_1_26' title="bbox 970 1613 1025 1655; baseline 0 0"><span class='ocrx_word' id='word_1_177' title='bbox 970 1613 1025 1655; x_wconf 86' lang='lat'><strong>14</strong></span> 
     </span>
    </p>
   </div>
   <div class='ocr_carea' id='block_1_8' title="bbox 201 1694 1787 1931">
    <p class='ocr_par' dir='ltr' id='par_1_11' title="bbox 201 1694 1787 1931">
     <span class='ocr_line' id='line_1_27' title="bbox 322 1694 1786 1754; baseline -0.001 -15"><span class='ocrx_word' id='word_1_178' title='bbox 322 1700 536 1739; x_wconf 86' lang='lat' dir='ltr'><strong>Terentius</strong></span> <span class='ocrx_word' id='word_1_179' title='bbox 574 1700 735 1741; x_wconf 91' lang='lat' dir='ltr'><strong>Phorm.</strong></span> <span class='ocrx_word' id='word_1_180' title='bbox 771 1702 813 1751; x_wconf 92' lang='lat'><strong>1,</strong></span> <span class='ocrx_word' id='word_1_181' title='bbox 849 1702 891 1749; x_wconf 89' lang='lat'><strong>1,</strong></span> <span class='ocrx_word' id='word_1_182' title='bbox 927 1701 982 1739; x_wconf 83' lang='lat'><strong>14</strong></span> <span class='ocrx_word' id='word_1_183' title='bbox 1020 1712 1143 1749; x_wconf 79' lang='lat' dir='ltr'><strong>porro</strong></span> <span class='ocrx_word' id='word_1_184' title='bbox 1187 1701 1315 1739; x_wconf 87' lang='lat' dir='ltr'><strong>au&#39;tem</strong></span> <span class='ocrx_word' id='word_1_185' title='bbox 1352 1700 1430 1739; x_wconf 85' lang='lat' dir='ltr'><strong>alio</strong></span> <span class='ocrx_word' id='word_1_186' title='bbox 1466 1694 1650 1754; x_wconf 89' lang='lat' dir='ltr'><strong>(munere</strong></span> <span class='ocrx_word' id='word_1_187' title='bbox 1683 1699 1786 1739; x_wconf 82' lang='lat' dir='ltr'><strong>Geta</strong></span> 
     </span>
     <span class='ocr_line' id='line_1_28' title="bbox 202 1757 1783 1813; baseline -0.001 -14"><span class='ocrx_word' id='word_1_188' title='bbox 202 1757 406 1813; x_wconf 86' lang='lat' dir='ltr'><strong>ferietur),</strong></span> <span class='ocrx_word' id='word_1_189' title='bbox 436 1757 505 1800; x_wconf 89' lang='lat' dir='ltr'><strong>ubi</strong></span> <span class='ocrx_word' id='word_1_190' title='bbox 535 1762 608 1800; x_wconf 86' lang='lat' dir='ltr'><strong>erit</strong></span> <span class='ocrx_word' id='word_1_191' title='bbox 630 1762 757 1810; x_wconf 76' lang='lat' dir='ltr'><strong>puero</strong></span> <span class='ocrx_word' id='word_1_192' title='bbox 787 1761 936 1800; x_wconf 82' lang='lat' dir='ltr'><strong>natalis</strong></span> <span class='ocrx_word' id='word_1_193' title='bbox 967 1761 1072 1808; x_wconf 85' lang='lat' dir='ltr'><strong>dies,·</strong></span> <span class='ocrx_word' id='word_1_194' title='bbox 1108 1761 1177 1799; x_wconf 88' lang='lat' dir='ltr'><strong>ubi</strong></span> <span class='ocrx_word' id='word_1_195' title='bbox 1212 1761 1434 1800; x_wconf 72' lang='lat' dir='ltr'><strong>initiabant.</strong></span> <span class='ocrx_word' id='word_1_196' title='bbox 1496 1760 1682 1799; x_wconf 82' lang='lat' dir='ltr'><strong>Donatus</strong></span> <span class='ocrx_word' id='word_1_197' title='bbox 1715 1760 1783 1798; x_wconf 85' lang='lat' dir='ltr'><strong>Te-</strong></span> 
     </span>
     <span class='ocr_line' id='line_1_29' title="bbox 201 1819 1787 1872; baseline -0.001 -12"><span class='ocrx_word' id='word_1_198' title='bbox 201 1822 360 1872; x_wconf 85' lang='lat' dir='ltr'><strong>rentius,</strong></span> <span class='ocrx_word' id='word_1_199' title='bbox 391 1820 541 1872; x_wconf 87' lang='lat' dir='ltr'><strong>inquit,</strong></span> <span class='ocrx_word' id='word_1_200' title='bbox 578 1819 864 1870; x_wconf 76' lang='lat' dir='ltr'><strong>Apollodorum</strong></span> <span class='ocrx_word' id='word_1_201' title='bbox 894 1822 1085 1870; x_wconf 72' lang='lat' dir='ltr'><strong>sequitur,</strong></span> <span class='ocrx_word' id='word_1_202' title='bbox 1124 1821 1232 1869; x_wconf 77' lang='lat' dir='ltr'><strong>apud</strong></span> <span class='ocrx_word' id='word_1_203' title='bbox 1268 1832 1379 1869; x_wconf 78' lang='lat' dir='ltr'><strong>quem</strong></span> <span class='ocrx_word' id='word_1_204' title='bbox 1414 1821 1552 1869; x_wconf 72' lang='lat' dir='ltr'><strong>leyitur</strong></span> <span class='ocrx_word' id='word_1_205' title='bbox 1581 1822 1625 1859; x_wconf 84' lang='lat' dir='ltr'><strong>in</strong></span> <span class='ocrx_word' id='word_1_206' title='bbox 1654 1821 1787 1859; x_wconf 82' lang='lat' dir='ltr'><strong>insula</strong></span> 
     </span>
     <span class='ocr_line' id='line_1_30' title="bbox 202 1879 1731 1931; baseline -0.001 -11"><span class='ocrx_word' id='word_1_207' title='bbox 202 1879 501 1920; x_wconf 82' lang='lat' dir='ltr'><strong>Samothracum</strong></span> <span class='ocrx_word' id='word_1_208' title='bbox 532 1893 558 1920; x_wconf 95' lang='lat' dir='ltr'><strong>a</strong></span> <span class='ocrx_word' id='word_1_209' title='bbox 589 1884 690 1920; x_wconf 87' lang='lat' dir='ltr'><strong>certo</strong></span> <span class='ocrx_word' id='word_1_210' title='bbox 722 1884 889 1931; x_wconf 75' lang='lat' dir='ltr'><strong>tempore</strong></span> <span class='ocrx_word' id='word_1_211' title='bbox 911 1893 1060 1930; x_wconf 74' lang='lat' dir='ltr'><strong>pueros</strong></span> <span class='ocrx_word' id='word_1_212' title='bbox 1089 1882 1256 1926; x_wconf 79' lang='lat' dir='ltr'><strong>initiari,</strong></span> <span class='ocrx_word' id='word_1_213' title='bbox 1287 1892 1394 1920; x_wconf 87' lang='lat' dir='ltr'><strong>more</strong></span> <span class='ocrx_word' id='word_1_214' title='bbox 1422 1879 1731 1920; x_wconf 75' lang='lat' dir='ltr'><strong>Atheniensium.</strong></span> 
     </span>
    </p>
   </div>
   <div class='ocr_carea' id='block_1_9' title="bbox 971 1997 1026 2040">
    <p class='ocr_par' dir='ltr' id='par_1_12' title="bbox 971 1997 1026 2040">
     <span class='ocr_line' id='line_1_31' title="bbox 971 1997 1026 2040; baseline 0 0"><span class='ocrx_word' id='word_1_215' title='bbox 971 1997 1026 2040; x_wconf 87' lang='grc'><strong>15</strong></span> 
     </span>
    </p>
   </div>
   <div class='ocr_carea' id='block_1_10' title="bbox 204 2083 1786 2381">
    <p class='ocr_par' dir='ltr' id='par_1_13' title="bbox 204 2083 1786 2381">
     <span class='ocr_line' id='line_1_32' title="bbox 325 2083 1786 2137; baseline -0.001 -14"><span class='ocrx_word' id='word_1_216' title='bbox 325 2084 538 2124; x_wconf 86' lang='lat' dir='ltr'><strong>Terentius</strong></span> <span class='ocrx_word' id='word_1_217' title='bbox 580 2087 623 2136; x_wconf 87' lang='lat'><strong>1,</strong></span> <span class='ocrx_word' id='word_1_218' title='bbox 663 2087 707 2137; x_wconf 84' lang='lat'><strong>2,</strong></span> <span class='ocrx_word' id='word_1_219' title='bbox 747 2086 801 2124; x_wconf 78' lang='lat'><strong>37</strong></span> <span class='ocrx_word' id='word_1_220' title='bbox 854 2097 925 2124; x_wconf 88' lang='lat' dir='ltr'><strong>nos</strong></span> <span class='ocrx_word' id='word_1_221' title='bbox 967 2085 1080 2124; x_wconf 77' lang='lat' dir='ltr'><strong>otiosi</strong></span> <span class='ocrx_word' id='word_1_222' title='bbox 1122 2085 1280 2134; x_wconf 74' lang='lat' dir='ltr'><strong>operam</strong></span> <span class='ocrx_word' id='word_1_223' title='bbox 1323 2085 1515 2124; x_wconf 79' lang='lat' dir='ltr'><strong>dabamus</strong></span> <span class='ocrx_word' id='word_1_224' title='bbox 1557 2083 1786 2123; x_wconf 73' lang='lat' dir='ltr'><strong>Phaedriae.</strong></span> 
     </span>
     <span class='ocr_line' id='line_1_33' title="bbox 204 2141 1785 2195; baseline -0.001 -13"><span class='ocrx_word' id='word_1_225' title='bbox 204 2143 388 2183; x_wconf 83' lang='lat' dir='ltr'><strong>Donatus</strong></span> <span class='ocrx_word' id='word_1_226' title='bbox 432 2145 564 2184; x_wconf 88' lang='lat' dir='ltr'><strong>adfert</strong></span> <span class='ocrx_word' id='word_1_227' title='bbox 609 2145 735 2184; x_wconf 83' lang='lat' dir='ltr'><strong>verba</strong></span> <span class='ocrx_word' id='word_1_228' title='bbox 771 2144 1010 2195; x_wconf 87' lang='lat' dir='ltr'><strong>Apollodori</strong></span> <span class='ocrx_word' id='word_1_229' title='bbox 1046 2144 1289 2184; x_wconf 58' lang='lat' dir='ltr'><strong><em>NAAKEIS</em></strong></span> <span class='ocrx_word' id='word_1_230' title='bbox 1329 2144 1371 2183; x_wconf 85' lang='grc' dir='ltr'><strong>ὃε</strong></span> <span class='ocrx_word' id='word_1_231' title='bbox 1415 2146 1601 2195; x_wconf 85' lang='grc' dir='ltr'><strong><em>σιωεμαλι</em></strong></span> <span class='ocrx_word' id='word_1_232' title='bbox 1640 2141 1785 2194; x_wconf 86' lang='grc' dir='ltr'><em>μΕΟΛ.</em></span> 
     </span>
     <span class='ocr_line' id='line_1_34' title="bbox 206 2199 1786 2257; baseline -0.001 -14"><span class='ocrx_word' id='word_1_233' title='bbox 206 2199 347 2243; x_wconf 72' lang='lat' dir='ltr'><strong>‘codex</strong></span> <span class='ocrx_word' id='word_1_234' title='bbox 376 2203 670 2255; x_wconf 84' lang='lat' dir='ltr'><strong>Antverpensis</strong></span> <span class='ocrx_word' id='word_1_235' title='bbox 703 2207 886 2253; x_wconf 81' lang='grc' dir='ltr'><strong><em>αναλκεις</em></strong></span> <span class='ocrx_word' id='word_1_236' title='bbox 918 2205 962 2244; x_wconf 82' lang='grc' dir='ltr'><strong>δε</strong></span> <span class='ocrx_word' id='word_1_237' title='bbox 993 2215 1265 2257; x_wconf 84' lang='grc' dir='ltr'><strong><em>συνεμαμμωα</em></strong></span> <span class='ocrx_word' id='word_1_238' title='bbox 1303 2219 1471 2257; x_wconf 79' lang='grc' dir='ltr'><strong><em>εναργης</em></strong></span> <span class='ocrx_word' id='word_1_239' title='bbox 1504 2203 1547 2243; x_wconf 81' lang='grc' dir='ltr'><strong>δε</strong></span> <span class='ocrx_word' id='word_1_240' title='bbox 1578 2214 1786 2254; x_wconf 82' lang='grc' dir='ltr'><strong><em>συνεπιμε-</em></strong></span> 
     </span>
     <span class='ocr_line' id='line_1_35' title="bbox 204 2260 1786 2317; baseline -0.001 -14"><span class='ocrx_word' id='word_1_241' title='bbox 204 2265 367 2315; x_wconf 80' lang='grc' dir='ltr'><strong><em>λομεθα.</em></strong></span> <span class='ocrx_word' id='word_1_242' title='bbox 413 2265 439 2304; x_wconf 90' lang='lat' dir='ltr'><strong>i.</strong></span> <span class='ocrx_word' id='word_1_243' title='bbox 459 2277 491 2304; x_wconf 85' lang='lat' dir='ltr'><strong>e.</strong></span> <span class='ocrx_word' id='word_1_244' title='bbox 513 2260 915 2317; x_wconf 82' lang='grc' dir='ltr'><strong><em>συνεπεμελούμεθα.’</em></strong></span> <span class='ocrx_word' id='word_1_245' title='bbox 966 2266 1086 2305; x_wconf 86' lang='lat' dir='ltr'><strong>Mein.</strong></span> <span class='ocrx_word' id='word_1_246' title='bbox 1110 2266 1158 2304; x_wconf 89' lang='lat' dir='ltr'><strong>cf.</strong></span> <span class='ocrx_word' id='word_1_247' title='bbox 1179 2265 1369 2304; x_wconf 83' lang='lat' dir='ltr'><strong>Dziatzko</strong></span> <span class='ocrx_word' id='word_1_248' title='bbox 1390 2264 1493 2304; x_wconf 87' lang='lat' dir='ltr'><strong>Mus.</strong></span> <span class='ocrx_word' id='word_1_249' title='bbox 1513 2264 1640 2303; x_wconf 86' lang='lat' dir='ltr'><strong>Rhen.</strong></span> <span class='ocrx_word' id='word_1_250' title='bbox 1654 2262 1786 2302; x_wconf 90' lang='lat' dir='ltr'>XXXI</span> 
     </span>
     <span class='ocr_line' id='line_1_36' title="bbox 207 2322 1399 2381; baseline -0.001 -17"><span class='ocrx_word' id='word_1_251' title='bbox 207 2326 306 2364; x_wconf 84' lang='lat'><strong>371.</strong></span> <span class='ocrx_word' id='word_1_252' title='bbox 356 2322 529 2375; x_wconf 83' lang='grc' dir='ltr'><strong><em>ναλκεις]</em></strong></span> <span class='ocrx_word' id='word_1_253' title='bbox 562 2323 605 2364; x_wconf 78' lang='grc' dir='ltr'><strong>ἐν</strong></span> <span class='ocrx_word' id='word_1_254' title='bbox 637 2322 752 2381; x_wconf 82' lang='grc' dir='ltr'><em>λέσχῃ</em></span> <span class='ocrx_word' id='word_1_255' title='bbox 784 2325 887 2365; x_wconf 81' lang='lat' dir='ltr'><strong>Ellis</strong></span> <span class='ocrx_word' id='word_1_256' title='bbox 920 2326 1062 2366; x_wconf 85' lang='lat' dir='ltr'><strong>Journ.</strong></span> <span class='ocrx_word' id='word_1_257' title='bbox 1092 2325 1232 2376; x_wconf 90' lang='lat' dir='ltr'><strong>philol.</strong></span> <span class='ocrx_word' id='word_1_258' title='bbox 1263 2325 1299 2363; x_wconf 94' lang='lat' dir='ltr'>X</span> <span class='ocrx_word' id='word_1_259' title='bbox 1333 2326 1399 2363; x_wconf 82' lang='lat'><strong>21.</strong></span> 
     </span>
    </p>
   </div>
   <div class='ocr_carea' id='block_1_11' title="bbox 968 2454 1023 2497">
    <p class='ocr_par' dir='ltr' id='par_1_14' title="bbox 968 2454 1023 2497">
     <span class='ocr_line' id='line_1_37' title="bbox 968 2454 1023 2497; baseline 0 0"><span class='ocrx_word' id='word_1_260' title='bbox 968 2454 1023 2497; x_wconf 84' lang='lat'><strong>16</strong></span> 
     </span>
    </p>
   </div>
   <div class='ocr_carea' id='block_1_12' title="bbox 206 2538 1789 2769">
    <p class='ocr_par' dir='ltr' id='par_1_15' title="bbox 206 2538 1789 2769">
     <span class='ocr_line' id='line_1_38' title="bbox 326 2538 1787 2591; baseline -0.001 -12"><span class='ocrx_word' id='word_1_261' title='bbox 326 2540 539 2580; x_wconf 85' lang='lat' dir='ltr'><strong>Terentius</strong></span> <span class='ocrx_word' id='word_1_262' title='bbox 553 2541 636 2591; x_wconf 87' lang='lat'><strong>1,2‚</strong></span> <span class='ocrx_word' id='word_1_263' title='bbox 646 2542 700 2580; x_wconf 90' lang='grc'><strong>41</strong></span> <span class='ocrx_word' id='word_1_264' title='bbox 722 2541 925 2580; x_wconf 69' lang='lat' dir='ltr'><strong>intervenit</strong></span> <span class='ocrx_word' id='word_1_265' title='bbox 937 2541 1161 2581; x_wconf 72' lang='lat' dir='ltr'><strong>adulescens</strong></span> <span class='ocrx_word' id='word_1_266' title='bbox 1174 2541 1334 2589; x_wconf 80' lang='lat' dir='ltr'><strong>quidam</strong></span> <span class='ocrx_word' id='word_1_267' title='bbox 1347 2540 1582 2579; x_wconf 79' lang='lat' dir='ltr'><strong>lacrumans.</strong></span> <span class='ocrx_word' id='word_1_268' title='bbox 1603 2538 1787 2577; x_wconf 84' lang='lat' dir='ltr'><strong>Donatus</strong></span> 
     </span>
     <span class='ocr_line' id='line_1_39' title="bbox 206 2598 1789 2650; baseline -0.001 -12"><span class='ocrx_word' id='word_1_269' title='bbox 206 2598 469 2649; x_wconf 76' lang='lat' dir='ltr'><strong>Apollodorus</strong></span> <span class='ocrx_word' id='word_1_270' title='bbox 493 2603 684 2640; x_wconf 80' lang='lat' dir='ltr'><strong>tonsorem</strong></span> <span class='ocrx_word' id='word_1_271' title='bbox 708 2602 839 2650; x_wconf 77' lang='lat' dir='ltr'><strong>ipsum</strong></span> <span class='ocrx_word' id='word_1_272' title='bbox 861 2603 1045 2640; x_wconf 62' lang='lat' dir='ltr'><strong>mintium</strong></span> <span class='ocrx_word' id='word_1_273' title='bbox 1069 2602 1176 2650; x_wconf 80' lang='lat' dir='ltr'><strong>facit,</strong></span> <span class='ocrx_word' id='word_1_274' title='bbox 1202 2602 1268 2648; x_wconf 81' lang='lat' dir='ltr'><strong>qui</strong></span> <span class='ocrx_word' id='word_1_275' title='bbox 1296 2601 1400 2639; x_wconf 81' lang='lat' dir='ltr'><strong>dicat</strong></span> <span class='ocrx_word' id='word_1_276' title='bbox 1424 2611 1465 2638; x_wconf 85' lang='lat' dir='ltr'><strong>se</strong></span> <span class='ocrx_word' id='word_1_277' title='bbox 1488 2610 1613 2647; x_wconf 77' lang='lat' dir='ltr'><strong>nuper</strong></span> <span class='ocrx_word' id='word_1_278' title='bbox 1630 2599 1789 2647; x_wconf 78' lang='lat' dir='ltr'><strong>puellae</strong></span> 
     </span>
     <span class='ocr_line' id='line_1_40' title="bbox 207 2658 1789 2710; baseline -0.001 -12"><span class='ocrx_word' id='word_1_279' title='bbox 207 2670 358 2699; x_wconf 87' lang='lat' dir='ltr'><strong>comam</strong></span> <span class='ocrx_word' id='word_1_280' title='bbox 383 2661 428 2699; x_wconf 92' lang='lat' dir='ltr'><strong>ob</strong></span> <span class='ocrx_word' id='word_1_281' title='bbox 448 2660 592 2699; x_wconf 82' lang='lat' dir='ltr'><strong>luctum</strong></span> <span class='ocrx_word' id='word_1_282' title='bbox 616 2661 839 2700; x_wconf 80' lang='lat' dir='ltr'><strong>abstulisse:</strong></span> <span class='ocrx_word' id='word_1_283' title='bbox 868 2662 969 2710; x_wconf 79' lang='lat' dir='ltr'><strong>quod</strong></span> <span class='ocrx_word' id='word_1_284' title='bbox 999 2663 1078 2700; x_wconf 84' lang='lat' dir='ltr'><strong>scio</strong></span> <span class='ocrx_word' id='word_1_285' title='bbox 1104 2660 1215 2709; x_wconf 80' lang='lat' dir='ltr'><strong>(scito</strong></span> <span class='ocrx_word' id='word_1_286' title='bbox 1223 2660 1260 2708; x_wconf 77' lang='lat'><strong>?)</strong></span> <span class='ocrx_word' id='word_1_287' title='bbox 1292 2662 1460 2698; x_wconf 84' lang='lat' dir='ltr'><strong>mutasse</strong></span> <span class='ocrx_word' id='word_1_288' title='bbox 1482 2658 1714 2702; x_wconf 84' lang='lat' dir='ltr'><strong>Terentium,</strong></span> <span class='ocrx_word' id='word_1_289' title='bbox 1740 2670 1789 2696; x_wconf 91' lang='lat' dir='ltr'><strong>ne</strong></span> 
     </span>
     <span class='ocr_line' id='line_1_41' title="bbox 208 2721 1359 2769; baseline -0.002 -10"><span class='ocrx_word' id='word_1_290' title='bbox 208 2721 375 2759; x_wconf 65' lang='lat' dir='ltr'><strong>externis</strong></span> <span class='ocrx_word' id='word_1_291' title='bbox 404 2721 577 2760; x_wconf 87' lang='lat' dir='ltr'><strong>moribus</strong></span> <span class='ocrx_word' id='word_1_292' title='bbox 607 2723 858 2769; x_wconf 78' lang='lat' dir='ltr'><strong>spectatorem</strong></span> <span class='ocrx_word' id='word_1_293' title='bbox 887 2721 1114 2761; x_wconf 88' lang='lat' dir='ltr'><strong>Romanum</strong></span> <span class='ocrx_word' id='word_1_294' title='bbox 1144 2721 1359 2768; x_wconf 83' lang='lat' dir='ltr'><strong>offenderet.</strong></span> 
     </span>
    </p>
   </div>
   <div class='ocr_carea' id='block_1_13' title="bbox 974 2837 1027 2879">
    <p class='ocr_par' dir='ltr' id='par_1_16' title="bbox 974 2837 1027 2879">
     <span class='ocr_line' id='line_1_42' title="bbox 974 2837 1027 2879; baseline 0 0"><span class='ocrx_word' id='word_1_295' title='bbox 974 2837 1027 2879; x_wconf 85' lang='lat'><strong>17</strong></span> 
     </span>
    </p>
   </div>
   <div class='ocr_carea' id='block_1_14' title="bbox 209 2920 1789 3033">
    <p class='ocr_par' dir='ltr' id='par_1_17' title="bbox 209 2920 1789 3033">
     <span class='ocr_line' id='line_1_43' title="bbox 329 2920 1788 2973; baseline -0.002 -12"><span class='ocrx_word' id='word_1_296' title='bbox 329 2922 544 2962; x_wconf 87' lang='lat' dir='ltr'><strong>Terentius</strong></span> <span class='ocrx_word' id='word_1_297' title='bbox 577 2924 616 2973; x_wconf 91' lang='lat'><strong>3,</strong></span> <span class='ocrx_word' id='word_1_298' title='bbox 650 2925 687 2973; x_wconf 86' lang='lat'><strong>1,</strong></span> <span class='ocrx_word' id='word_1_299' title='bbox 722 2924 776 2962; x_wconf 89' lang='grc'><strong>18</strong></span> <span class='ocrx_word' id='word_1_300' title='bbox 820 2924 1007 2972; x_wconf 81' lang='lat' dir='ltr'><strong>quantum</strong></span> <span class='ocrx_word' id='word_1_301' title='bbox 1043 2923 1196 2961; x_wconf 85' lang='lat' dir='ltr'><strong>metuist</strong></span> <span class='ocrx_word' id='word_1_302' title='bbox 1225 2921 1339 2965; x_wconf 81' lang='lat' dir='ltr'><strong>mihi,</strong></span> <span class='ocrx_word' id='word_1_303' title='bbox 1378 2921 1506 2960; x_wconf 82' lang='lat' dir='ltr'><strong>videre</strong></span> <span class='ocrx_word' id='word_1_304' title='bbox 1536 2920 1610 2959; x_wconf 74' lang='lat' dir='ltr'><strong>leuc</strong></span> <span class='ocrx_word' id='word_1_305' title='bbox 1639 2921 1788 2959; x_wconf 81' lang='lat' dir='ltr'><strong>salvom</strong></span> 
     </span>
     <span class='ocr_line' id='line_1_44' title="bbox 209 2982 1789 3033; baseline 0 -13"><span class='ocrx_word' id='word_1_306' title='bbox 209 2993 313 3021; x_wconf 86' lang='lat' dir='ltr'><strong>nunc</strong></span> <span class='ocrx_word' id='word_1_307' title='bbox 341 2982 546 3033; x_wconf 59' lang='lat' dir='ltr'><strong>patrnam,</strong></span> <span class='ocrx_word' id='word_1_308' title='bbox 585 2982 695 3022; x_wconf 80' lang='lat' dir='ltr'><strong>Geta.</strong></span> <span class='ocrx_word' id='word_1_309' title='bbox 745 2982 929 3022; x_wconf 83' lang='lat' dir='ltr'><strong>Donatus</strong></span> <span class='ocrx_word' id='word_1_310' title='bbox 972 2995 1051 3021; x_wconf 82' lang='lat' dir='ltr'><strong>non</strong></span> <span class='ocrx_word' id='word_1_311' title='bbox 1093 2984 1198 3030; x_wconf 77' lang='lat' dir='ltr'><strong>optat</strong></span> <span class='ocrx_word' id='word_1_312' title='bbox 1238 2982 1392 3019; x_wconf 78' lang='lat' dir='ltr'><strong>salvum</strong></span> <span class='ocrx_word' id='word_1_313' title='bbox 1423 2984 1617 3029; x_wconf 77' lang='lat' dir='ltr'><strong>patruum</strong></span> <span class='ocrx_word' id='word_1_314' title='bbox 1659 2982 1789 3020; x_wconf 84' lang='lat' dir='ltr'><strong>venire</strong></span> 
     </span>
    </p>
   </div>
  </div>
 </body>
</html>
