2014 3334
281 242 337 288 82
826 231 829 233 ’
911 241 1210 279 MENANAPOT

977 397 1144 432 KNIAIA

1021 481 1108 523 290

494 563 628 608 οὐδὲν
659 564 816 619 γένους
846 563 975 618 γένος
1006 564 1090 619 γὰρ
1123 560 1246 618 οἶμαι
1278 562 1522 620 διαφέρειν,

494 634 588 679 ἀλλ’
625 637 666 678 εί
696 637 874 685 δικαίως
906 634 1133 688 ἐξετάσεις,
1165 633 1238 677 καὶ
1269 635 1451 689 γνήσιος

495 707 518 750 ὁ
549 709 736 764 χρηστός
767 707 900 761 ἐστιν,
933 706 956 748 ὁ
991 704 1039 748 δὲ
1070 707 1264 762 πονηρὸς
1294 705 1367 748 καὶ
1397 708 1546 756 νόθος.

402 806 595 845 Stobaeus
622 806 756 845 Floril.
780 807 846 854 86,
881 807 934 845 10
966 804 1214 858 Μενάνδρου
1246 804 1390 856 κνηδία
1408 804 1457 843 Α.
1521 807 1557 843 1.
1589 801 1715 844 οὐθὲν
1745 803 1848 843 libri.

284 869 322 938 23
351 863 528 962 ἐξεξάσης
559 866 672 905 Voss.
711 865 832 905 Hens.
870 865 960 904 fort.
999 862 1051 917 ἢν
1096 887 1150 892 -—
1195 863 1386 919 ἐξετάσῃς.
1446 864 1609 917 γνησίος
1644 863 1693 903 Α.
1753 878 1850 916 γνη-

282 936 374 971 σιως
444 938 518 964 oss.

1024 1028 1110 1071 291

494 1110 769 1167 ταύτόματόν
801 1110 921 1153 ἐστιν
952 1111 1011 1161 ὡς
1042 1109 1160 1154 ἔοικέ
1187 1125 1276 1154 που
1306 1113 1427 1165 θεός,

495 1180 618 1240 σῴζει
652 1199 697 1225 τε
727 1183 868 1225 πολλὰ
899 1190 988 1225 τῶν
1020 1182 1222 1240 ἀοράτων
1251 1182 1532 1239 πραγμάτων.

401 1282 595 1320 Stobaeus
636 1282 718 1320 Ecl.
760 1284 802 1332 1,
841 1276 960 1335 6(5)‚
999 1284 1023 1321 9
1064 1282 1264 1321 Wachsm.
1316 1278 1560 1332 Μένανδρος
1595 1279 1742 1335 Κνιδία
1773 1274 1850 1332 (sic

284 1341 471 1380 Clericus.
514 1341 653 1396 κηδεία
684 1341 732 1392 Ρ,
779 1340 916 1392 κηδεία
946 1341 990 1392 F,
1031 1341 1073 1379 in
1104 1355 1203 1393 ming
1236 1341 1324 1380 add.
1364 1337 1447 1394 σῆ).
1510 1340 1699 1379 Palladas
1736 1339 1848 1378 Alex.

282 1401 403 1439 Anth.
437 1401 521 1440 Pal.
556 1402 622 1451 10,
654 1402 708 1440 52
742 1395 786 1439 εὖ
818 1415 860 1453 γε
891 1398 1016 1453 λέγων
1046 1399 1114 1440 τὸν
1145 1399 1284 1454 καιρὸν
1322 1398 1422 1451 ἔφης
1452 1398 1565 1450 θεόν,
1597 1394 1640 1438 εὗ
1672 1412 1714 1451 γε
1735 1396 1848 1437 Μέν-

283 1460 437 1512 ανδρε.
463 1490 472 1498 .
498 1489 508 1499 .
533 1431 698 1499 πολλάκι
722 1458 796 1512 γὰρ
822 1465 892 1499 τοῦ
918 1459 1075 1512 σφόδρα
1099 1457 1449 1512 μεριμνηθέντος’
1434 1456 1598 1510 άμεινον
1623 1456 1848 1511 προσπεσὸν

283 1518 473 1571 εὐκαίρως
504 1514 592 1571 εὗρέ
617 1534 652 1558 τι
682 1518 936 1570 ταύτόματον.
987 1521 1024 1559 2.
1050 1519 1175 1559 πολλά
1206 1520 1328 1558 etiam
1353 1519 1396 1558 F.
1446 1517 1617 1566 πολλοὺς
1642 1514 1716 1571 (sic
1736 1513 1848 1570 Vae.)

283 1575 334 1617 δι’
376 1577 555 1632 ἀοράτων
586 1593 649 1632 πρ.
711 1579 759 1617 H.
792 1579 928 1618 Iacobi
961 1580 995 1617 V
1035 1591 1168 1619 CCLVI.
1218 1584 1296 1618 τῶν
1334 1576 1515 1631 ἀδράτων
1552 1578 1716 1617 Usener.
1749 1577 1850 1616 conl.

283 1638 452 1680 Bekker.
482 1638 631 1677 Anecd.
667 1641 702 1690 7,
738 1640 761 1677 6
794 1636 961 1692 ἄδρατα·
998 1636 1178 1690 ἀποίητα.
1227 1639 1485 1679 vehementer
1516 1638 1667 1677 dubito.

983 1775 1150 1814 ΚΟΛΑΞ

400 1853 631 1892 Athenaeus
652 1855 690 1904 6,
711 1854 794 1892 258
809 1866 828 1891 e
859 1851 1184 1904 κεχαρακτήρικεν
1210 1849 1262 1900 ὡς
1287 1851 1346 1891 ἔνι
1372 1851 1534 1904 μάλιστα
1559 1849 1748 1902 ἐπιμελῶς
1779 1849 1848 1890 τὸν

283 1911 442 1951 Κόλακα
474 1910 715 1964 Μένανδρος
751 1911 794 1951 ἐν
830 1914 883 1967 τῷ
920 1910 1118 1968 ὁμωνύμῳ
1157 1911 1333 1965 δράματι.
1394 1912 1500 1951 idem
1535 1913 1600 1962 14,
1635 1911 1761 1951 659d
1805 1909 1848 1950 ἐν

281 1977 325 2025 τῇ
358 1977 426 2023 τῆς
456 1971 668 2023 πανδήμου
695 1968 931 2023 Ἀφροδίτης
962 1970 1074 2027 ἑορτῇ
1112 1972 1272 2011 fabulae
1305 1971 1501 2011 actionem
1535 1971 1632 2021 fingi
1662 1972 1847 2010 testatur.

285 2032 331 2070 cf.
365 2033 411 2070 fr.
447 2034 542 2071 292.
594 2032 752 2070 Terent.
784 2031 965 2070 Eunuch.
998 2032 1098 2082 prol.
1132 2033 1189 2071 30
1234 2030 1354 2071 Colax
1384 2031 1649 2070 Menandrist:
1687 2032 1731 2069 in
1770 2033 1851 2069 east

275 2092 481 2139 parasitus
511 2092 620 2130 colax
650 2095 685 2130 et
707 2092 817 2130 smiles
843 2092 1054 2140 9l0ri6sns:
1085 2103 1151 2131 eas
1181 2103 1220 2131 se
1250 2091 1328 2130 ndn
1358 2094 1472 2140 neyat
1494 2090 1687 2139 persdnas
1718 2093 1848 2129 trans-

283 2152 413 2189 tulisse
442 2152 484 2190 in
509 2151 743 2189 Eumnelnim
773 2163 895 2189 snam.
929 2151 976 2190 cf.
1003 2151 1146 2190 Donat.
1173 2153 1211 2200 2,
1240 2153 1276 2202 1,
1294 2152 1360 2190 22.
1393 2150 1578 2189 Grauert.
1604 2149 1722 2188 Anal.
1755 2148 1847 2188 hist.

282 2210 377 2260 phil.
407 2211 491 2248 160
505 2222 560 2260 sq.
605 2210 702 2248 Ihne
729 2210 889 2255 Quaesb.
910 2210 1066 2249 Terenb.
1091 2212 1141 2250 15
1159 2223 1215 2262 sq.
1267 2210 1507 2249 Gnathonem
1532 2209 1710 2248 Terentii
1735 2208 1843 2258 apud

281 2269 543 2307 Menandrum
562 2269 786 2313 Simmiam,
815 2270 1050 2308 Thrasonem
1075 2273 1210 2308 autem
1234 2270 1418 2309 Biantem
1442 2269 1565 2307 fuisse
1591 2269 1844 2320 cognoscitur

283 2341 329 2366 ex
360 2330 406 2366 fr.
443 2330 524 2367 293
559 2330 598 2366 et
629 2328 832 2367 Plutarch.
863 2329 960 2367 Mor.
995 2331 1099 2368 57a.
1161 2329 1334 2368 Cramer
1365 2329 1512 2367 Anecd.
1545 2328 1634 2367 Par.
1666 2327 1748 2365 IIII
1776 2329 1847 2377 25,

286 2390 337 2426 17
376 2387 586 2438 Τιμαχίδης
617 2383 657 2440 (ὅ
682 2383 847 2440 Ῥόδιος)
882 2386 925 2426 ἐν
956 2390 1009 2444 τῷ
1040 2393 1109 2427 τοῦ
1140 2387 1314 2436 κόλεικος
1346 2383 1544 2440 (Κόλακος
1575 2383 1713 2439 Mein.)
1744 2384 1845 2425 ὑπο-

283 2446 466 2498 μνήματι,
496 2447 520 2485 1.
542 2460 573 2485 e.
598 2447 640 2485 in
671 2448 954 2486 commentario
988 2448 1135 2498 scripto
1167 2449 1208 2486 in
1235 2447 1444 2487 Menandri
1469 2446 1653 2486 Colacem
1676 2441 1844 2499 (Mein.)

283 2506 489 2545 Menandri
515 2506 689 2544 Colacem
714 2519 747 2545 a.
769 2506 835 2544 Cn.
857 2507 1007 2546 Naevio
1038 2508 1080 2545 in
1110 2507 1283 2546 latinum
1312 2507 1560 2556 translatam,
1592 2506 1677 2544 eius
1709 2507 1846 2544 aulzem

283 2567 461 2604 fabulam
481 2579 504 2603 a
523 2566 664 2604 Plauto
690 2567 948 2604 rebractatam
969 2570 1008 2605 et
1027 2580 1099 2616 pro
1126 2580 1230 2607 nova
1251 2567 1399 2606 datam.
1412 2579 1497 2605 esse
1524 2565 1660 2604 docuit
1679 2565 1845 2603 Ritsehl.

284 2625 443 2675 Parerg.
480 2626 694 2664 99—104.
744 2625 791 2663 cf.
825 2624 869 2663 Ο.
902 2626 1089 2666 Ribbeck.
1122 2626 1229 2665 Com.
1263 2627 1307 2666 R.
1339 2622 1405 2664 fr.2
1440 2628 1505 2664 11.

1026 2765 1112 2807 292

405 2846 590 2900 σπονδή·
630 2846 760 2889 δίδου
792 2848 847 2889 σὺ
879 2846 1090 2902 σπλάγχν’
1127 2846 1407 2889 ἀκολουθῶν·
1439 2854 1520 2890 ποῖ
1546 2845 1737 2902 βλέπεις;

405 2918 590 2971 σπονδή·
623 2914 722 2974 φέρ’
758 2915 791 2959 ὦ
823 2925 904 2960 παῖ
935 2920 1104 2960 Σωσία·
1143 2919 1331 2973 σπονδή·
1367 2922 1519 2968 καλῶς.
