2014 3334
326 234 413 277 636
613 225 616 230 ’
976 234 1237 268 ΑΔΕΣΠΟΤΑ

323 345 389 386 καὶ
427 346 469 385 οἵ
501 343 730 398 ἀμέλγοντες
768 343 814 383 τὰ
851 343 964 384 κοινὰ
1002 343 1160 397 ῥήτορες
1196 342 1263 384 καὶ
1301 345 1583 397 διαφοροῦντες
1620 342 1666 382 τὰ
1706 342 1886 395 δημόσια.

323 406 400 444 nisi
434 406 536 444 forte
567 405 742 455 pertinet
772 405 823 443 ad
855 404 1004 444 Oratin.
1038 406 1134 443 214.

1035 525 1037 527 ’
1053 519 1166 562 1352

609 601 923 658 ἄπομύζουρις,
955 601 1165 659 μύζουρις

443 689 682 727 Eustathius
704 690 801 739 862,
821 690 875 727 42
908 686 1060 739 κωμικὴ
1083 685 1181 735 λέξις
1201 686 1221 727 ὅ
1248 687 1521 738 νώθουρος,
1552 685 1680 740 ἤγουν
1705 685 1726 727 ὅ
1745 687 1894 740 νωθὴν

323 747 421 799 ἔχων
462 746 534 798 τὴν
575 746 701 799 οὐρὰν
742 746 784 786 ἐν
824 750 876 803 τῷ
918 747 1194 800 συγγίνεσθαι,
1233 744 1258 798 ἡ
1299 745 1340 786 δὲ
1378 745 1479 800 οὐρὰ
1515 745 1581 786 καὶ
1618 745 1892 801 ἀπομύζουριν

323 806 524 860 παρήγαγε
554 810 724 859 γυναῖκα
754 805 826 857 τὴν
858 806 1131 858 αἰσχροποιόν.
1151 838 1159 846 .
1181 805 1267 846 ,καὶ
1290 806 1488 846 πανδοσία
1511 803 1538 857 ’ἡ
1558 806 1717 858 τοιαύτη
1742 805 1888 860 ἐλέγετο

323 865 421 918 πρὸς
439 866 625 919 παίγνιον
650 872 719 918 τῆς
738 865 963 918 Πανδώρας
988 865 1053 905 καὶ
1071 865 1298 918 βορβορόπη
1324 863 1377 913 ὡς
1397 864 1632 917 ἀκάθαρτος.
1676 879 1889 918 congeram
1912 897 1914 899 -

323 928 426 965 hunc
456 940 580 964 unum
613 927 654 964 in
679 927 812 973 locum
845 939 979 965 omnes
1006 926 1142 965 sordes
1168 939 1267 977 quas
1300 925 1528 964 admirabili
1559 938 1651 966 cum
1677 926 1889 977 diligentia

323 986 596 1025 sanctissimus
629 985 950 1036 archiepiscopus
982 998 1029 1024 ex
1059 986 1195 1024 lexicis
1227 988 1409 1024 veterum
1442 985 1650 1035 excerpsit.
1678 986 1806 1036 1088,
1833 988 1886 1026 37

321 1043 418 1084 κατὰ
455 1043 528 1095 τὴν
567 1043 887 1100 κωμῳδουμένην
931 1044 1324 1096 σποδησιλαύραν
1368 1074 1377 1083 .
1421 1074 1431 1083 .
1475 1073 1485 1084 .
1527 1043 1749 1084 πανδοσίαν
1790 1041 1884 1099 παρ’

318 1101 567 1156 Ἀνακρέοντι
599 1136 607 1143 .
639 1133 649 1143 .
681 1102 747 1143 καὶ
777 1102 994 1155 λεωφόρον,
1025 1102 1078 1151 ὡς
1104 1100 1337 1155 Ἀνακρέων.
1372 1105 1504 1153 1413,
1537 1105 1590 1143 37
1630 1099 1694 1155 (αἱ
1720 1101 1886 1158 ἓταῖραι)

321 1162 645 1214 ἀνασεισίφαλλοι
671 1163 916 1215 φερωνύμως
941 1161 1118 1216 λέγονται
1142 1162 1249 1213 παρὰ
1274 1168 1318 1217 τῇ
1345 1163 1532 1218 κωμῳδίᾳ
1557 1160 1610 1210 ὡς
1635 1161 1888 1207 ἀνασείουσαι

325 1222 388 1262 τὸν
419 1223 595 1274 φάλητα,
634 1222 655 1262 ὅ
686 1222 788 1262 ἐστιν
827 1223 982 1262 αἰδοῖον
1019 1221 1174 1274 ἀνδρός.
1211 1225 1338 1272 1572,
1373 1224 1425 1261 13
1466 1227 1594 1273 κῆπος
1624 1221 1889 1274 μεταληφθεὶς

321 1281 399 1322 ὑπὸ
431 1287 606 1334 κωμικοῦ
646 1288 810 1333 σκῶμμα
841 1281 1008 1333 ἐποίησε.
1057 1285 1227 1335 γυναῖκα
1257 1281 1331 1334 γάρ
1369 1296 1424 1328 τις
1461 1280 1763 1332 μανιόκηπον
1807 1278 1888 1323 εἶπε

320 1340 392 1392 τὴν
431 1345 653 1393 μεμηνυῐαν
695 1340 784 1393 περὶ
827 1340 916 1388 vdes*
939 1342 1059 1392 μίξεις
1098 1339 1167 1394 (52).
1231 1343 1362 1391 1921,
1394 1341 1448 1380 58
1498 1340 1694 1380 σύνθετον
1735 1340 1779 1380 ἐκ
1819 1347 1889 1394 τῆς

320 1402 467 1453 λαύρας
487 1400 556 1447 ,καὶ
581 1399 606 1452 ἡ
633 1401 1016 1454 σποδησιλαύρα,
1041 1398 1217 1440 τουτέσιν
1243 1397 1268 1451 ἡ
1293 1399 1442 1451 πόρνη.
1463 1399 1590 1452 .παρὰ
1613 1399 1655 1439 τὸ
1677 1400 1889 1453 διατρίβειν

320 1459 366 1501 τὰ
397 1459 521 1500 πολλὰ
553 1459 595 1500 ἕν
625 1464 709 1508 ταῖς
741 1458 850 1507 ὁδοῖς
880 1458 906 1512 ἢ
936 1459 1004 1500 καὶ
1035 1460 1204 1515 δημοσίᾳ
1235 1457 1551 1510 συμπλέκεσθαι.
1573 1458 1691 1499 ..διὸ
1721 1457 1747 1511 ἡ
1788 1459 1887 1512 αὐτὴ

321 1518 387 1559 καὶ
424 1521 645 1572 χαμαιτύπη
683 1518 854 1573 λέγεται.
881 1550 889 1559 .
920 1551 928 1559 .
946 1518 999 1558 ἔτι
1037 1517 1078 1558 δὲ
1114 1518 1180 1558 καὶ
1216 1518 1441 1570 λεωφόρος.-
1463 1517 1554 1557 ,καὶ
1589 1519 1786 1560 πανδοσία
1824 1519 1890 1560 καὶ

321 1579 584 1631 χαλκιδῖτις
628 1578 693 1618 διὰ
735 1578 777 1618 τὸ
816 1577 963 1626 εὐτελὲς
1004 1583 1075 1618 τοῦ
1114 1576 1324 1629 διδομένου
1361 1578 1609 1629 νομίσματος.
1671 1578 1707 1618 εἰ
1741 1576 1784 1618 δὲ
1824 1578 1891 1620 καὶ

320 1639 568 1690 πολύυμνος,
605 1637 702 1678 ἀλλὰ
738 1643 852 1678 τοῦτο
886 1637 1117 1689 σεμνότερον
1147 1637 1298 1689 πόρνης
1329 1635 1511 1677 ἐπίθετον
1529 1668 1537 1676 .
1565 1668 1573 1676 .
1601 1637 1816 1690 ,φορτικὸν
1847 1637 1891 1679 δέ

320 1713 362 1751 γε
399 1695 425 1749 ἡ
470 1686 798 1750 μανιόκηγπος.
832 1729 839 1737 .
873 1696 971 1736 ,καὶ
1007 1696 1332 1747 ἀνασεισίφαλλος
1369 1695 1435 1735 καὶ
1478 1696 1706 1749 μύζουρις
1743 1696 1810 1737 διὰ
1849 1697 1889 1738 τὸ

321 1759 473 1809 μυζοῦν
505 1756 645 1810 οὐράν,
677 1757 699 1796 ὅ
730 1756 806 1797 ἐστι
837 1757 1040 1808 θηλάζειν,
1080 1755 1147 1796 καὶ
1178 1755 1432 1808 ἀνασύρτολις
1462 1754 1528 1795 καὶ
1559 1756 1737 1809 σατύρα
1757 1788 1766 1798 .
1793 1789 1801 1797 .
1823 1756 1890 1797 καὶ

319 1816 640 1870 γεγωνοκώμη
674 1814 811 1869 (quam
842 1817 1132 1867 interpretatur
1160 1818 1256 1866 909,
1289 1814 1347 1869 3).
1396 1816 1584 1867 μύζουρις
1615 1816 1737 1855 etiam
1765 1819 1891 1868 1821,

322 1879 390 1915 52.
440 1878 538 1915 haec
569 1890 822 1928 nequaquam
855 1877 987 1915 omnia
1018 1876 1258 1915 comicorum
1290 1879 1401 1925 sunt,
1439 1888 1488 1913 ne
1521 1889 1567 1914 ea
1598 1876 1758 1926 quidem
1789 1890 1890 1928 quae

324 1937 470 1975 diserte
503 1937 583 1975 illis
616 1936 818 1975 adscribit.
867 1949 961 1974 nam
991 1938 1039 1974 ut
1069 1935 1266 1974 πανδοσία
1292 1933 1575 1986 θθλεωφόρος,
1607 1935 1641 1974 si
1672 1948 1767 1974 vera
1798 1939 1891 1975 sunt

323 2009 422 2046 quae
461 1998 570 2034 1088
612 1996 724 2044 dicit,
764 1996 1004 2034 Anacreonti
1047 1996 1242 2034 debentur
1283 1990 1350 2044 (cf.
1383 1994 1503 2033 etiam
1535 1994 1642 2033 Suid.
1678 1990 1889 2048 μυσάχνη),
1941 2009 1943 2012 ·

322 2055 378 2093 sic
410 2057 494 2105 ipse
530 2056 655 2106 1329,
689 2057 742 2094 33
781 2053 1009 2106 βορβορόπη
1048 2057 1088 2093 et
1119 2052 1445 2104 ἀνασεισίφαλλος
1475 2053 1736 2104 Hipponacti,
1767 2054 1890 2094 πολύ-

323 2129 449 2164 υμνος
484 2115 723 2153 Anacreonti
754 2111 913 2153 tribuit.
964 2118 1084 2165 atque
1116 2114 1238 2152 etiam
1276 2111 1530 2164 ἀνασύρτολις
1562 2108 1891 2166 (ἀνασυρτόπολις

324 2174 425 2212 falso
458 2170 586 2227 Suid.)
619 2174 882 2224 Hipponactis
914 2175 977 2212 est
1014 2172 1178 2224 (Bergk.
1209 2173 1257 2212 fr.
1293 2174 1387 2211 110.
1423 2167 1538 2225 111).
1586 2172 1722 2222 itaque
1761 2186 1810 2212 ne
1842 2173 1890 2212 de

324 2234 548 2272 ceterorum
569 2232 729 2284 quidem
750 2233 914 2284 origine,
929 2246 1030 2282 quae
1051 2233 1243 2282 ampliore
1263 2232 1491 2270 litterarum
1510 2231 1721 2271 intervallo
1741 2233 1891 2283 notavi,

323 2292 422 2331 satis
455 2295 623 2332 constat.
674 2294 851 2331 ceterum
883 2293 932 2331 cf.
962 2293 1117 2331 Nauck.
1147 2291 1352 2342 Aristoph.
1383 2291 1477 2341 Byz.
1513 2291 1610 2331 168.
1630 2293 1668 2330 9.

1050 2418 1163 2461 1353

605 2502 1067 2558 βαρυσυμφορώτατος

439 2589 606 2627 Bekker.
640 2589 786 2628 Anecd.
821 2590 918 2640 225,
952 2590 1004 2627 28
1043 2587 1262 2640 βαρυτάτας
1299 2585 1506 2638 συμφορὰς
1543 2585 1687 2639 φέρων.
1747 2601 1883 2638 quarn—

321 2661 441 2698 quam
473 2648 715 2687 comoediam
744 2650 871 2698 sonat,
902 2649 1071 2686 fortasse
1104 2649 1332 2696 excerptum
1363 2660 1410 2685 ex
1434 2647 1623 2686 Herodot.
1647 2649 1683 2696 1,
1703 2648 1758 2686 45
1785 2649 1882 2686 extr.

1047 2762 1163 2806 1354

604 2822 898 2878 γεγωνοκώμη

441 2910 688 2948 Eustathius.
744 2909 793 2947 cf.
829 2910 954 2948 1352.
