2014 3334
723 260 930 295 ΑΔΗΛΩΝ
954 260 1221 295 ΔΡΑΜΑΤῼΝ
1675 258 1757 300 241

300 372 432 413 Sohol.
454 372 594 423 Eurip.
615 371 775 423 Hippol.
811 374 895 412 332
928 371 1027 412 κατὰ
1057 371 1133 426 γὰρ
1164 370 1412 426 Μένανδρον
1444 371 1486 411 τὸ
1517 375 1599 420 τοῖς
1631 371 1762 422 φίλοις

179 430 307 487 λέγειν
336 431 384 472 τὰ
414 431 613 486 ἀναγκαῖοι
649 437 790 484 σοφῶν
821 431 982 485 ἀνδρῶν
1013 431 1113 484 ἐστι,
1144 431 1188 472 ἐν
1219 428 1279 480 οἷς
1310 444 1410 484 φησι
1440 434 1519 472 κτλ.
1602 435 1640 471 1.
1671 434 1762 471 λαν-

179 492 326 533 θάνειν
357 493 425 533 ΒῙ.
457 493 574 533 scrib.
623 490 702 532 καὶ
738 492 942 543 φθάνει,
979 493 1004 532 i.
1037 506 1069 532 e.
1102 492 1198 532 dum
1236 506 1442 534 moramur
1472 506 1614 533 verum
1645 492 1763 532 fami-

178 554 348 594 liaribus
393 553 540 603 dicere,
579 565 643 592 res
674 553 787 604 ipsae
818 565 891 593 nos
924 553 1187 593 anteveniunt
1217 554 1259 592 in
1297 553 1523 604 aperiendis
1566 554 1622 592 eis
1661 566 1763 604 quae

180 614 290 654 facta
321 615 427 653 sunt.

932 694 1019 736 926

398 777 511 821 ἀλλὰ
540 777 827 835 προσέδωκας
857 777 1090 831 τάλαντον,
1124 777 1200 820 ἵνα
1231 776 1334 835 παρ’
1368 776 1495 833 ἡμῶν
1527 813 1535 820 .
1569 814 1576 821 .
1610 812 1619 822 .

394 848 468 893 καὶ
499 851 579 893 τὸν
610 853 780 916 ἴκτινον
811 850 961 907 λάβῃς.

302 937 602 978 choeroboscus
644 938 820 978 Bekkeri
864 938 916 976 ad
954 937 1132 987 Etymol.
1169 952 1220 977 m.
1261 939 1345 978 902
1391 935 1458 977 καὶ
1484 934 1526 988 -ἡ
1571 937 1762 990 αἰτιατικὴ
1818 974 1834 981 -

181 996 347 1049 ἴκτινον,
378 995 432 1046 ὡς
456 997 564 1051 παρὰ
584 997 829 1055 Μενάνδρω.
894 999 931 1037 1.
956 996 1202 1050 προσεδόκας
1232 1010 1304 1038 ms.
1330 997 1430 1037 Ven.
1452 997 1547 1038 Cob.
1574 997 1642 1037 ἵνα
1666 995 1760 1050 παρ’

180 1054 296 1110 ἡμῶν
323 1056 461 1110 Mein.]
494 1054 595 1098 εἶναι
625 1054 719 1112 παρ’
755 1055 864 1110 ἡμῖν.
914 1058 956 1096 in
982 1058 1095 1097 exitu
1125 1056 1206 1097 τὸν
1236 1051 1362 1097 ταῶν
1394 1058 1485 1097 add.
1516 1058 1565 1098 Κ.
1630 1061 1667 1098 2.
1698 1057 1765 1098 καὶ

181 1118 271 1158 add.
303 1118 424 1158 Mein.

931 1188 1017 1230 927

397 1270 497 1328 οὐχὶ
528 1270 896 1330 παρακληθέντας
926 1271 1042 1328 ὑμᾶς
1073 1272 1146 1314 δεῖ
1172 1272 1257 1329 γὰρ
1289 1271 1397 1329 ἡμῖν
1429 1271 1618 1327 εὐνοεῖν,

397 1342 494 1387 ἀλλ’
530 1344 746 1402 ὑπάρχειν
776 1349 920 1387 τοῦτο.

266 1409 271 1411 ¹
301 1431 470 1471 Photius
490 1434 532 1471 et
550 1431 695 1471 Sujdas
727 1429 970 1484 ὑπάρχων..
985 1461 994 1470 .
1020 1430 1063 1471 τὸ
1094 1430 1285 1484 ὑπάρχειν
1317 1430 1390 1484 οὐχ
1421 1429 1555 1480 ἁπλῶς
1588 1431 1631 1471 τὸ
1663 1427 1765 1472 εἶναι

184 1491 385 1542 σημαίνει,
416 1489 514 1530 ἀλλὰ
541 1489 584 1530 τὸ
615 1491 737 1530 πάλαι
768 1486 871 1531 εἶναι
901 1490 967 1539 ,καὶ
997 1495 1256 1545 προϋπεῐναι,
1281 1492 1471 1542 φθάνειν.
1522 1490 1766 1546 Μένανδρος

182 1553 261 1590 κτλ.
325 1553 362 1590 1;
393 1547 490 1603 ἡμῖν
511 1550 745 1602 Tyrwhitt]
772 1550 879 1603 ὑμῖν.
944 1554 982 1590 2.
1014 1550 1112 1591 ἀλλὰ
1142 1551 1210 1591 καὶ
1241 1551 1431 1604 ὑπάρχειν
1451 1553 1636 1603 Photius,
1667 1551 1765 1591 ἀλλὰ

183 1608 374 1663 ὑπάρχειν
411 1617 526 1651 τοῦτο
573 1611 729 1651 Suidas.
815 1615 850 1650 1.
882 1610 1039 1651 εὐνοεῖν
1083 1625 1159 1651 om.
1193 1612 1350 1651 VSuid.
1407 1610 1652 1665 Μένανδρος
1689 1627 1764 1652 0111.

183 1665 247 1708 *V
260 1670 369 1713 Suid,
415 1667 497 1711 ‘vos
535 1673 636 1711 enim
671 1673 782 1711 nobis
819 1674 981 1722 oportet
1023 1673 1123 1711 bene
1166 1673 1302 1713 favere
1347 1686 1427 1712 non
1471 1675 1655 1724 rogatos,
1697 1674 1765 1712 sed

182 1730 419 1783 priusquam
451 1726 676 1783 rogemini'.
740 1732 903 1772 Porson.
936 1732 1105 1773 Advers.
1139 1735 1237 1773 292.
1553 1752 1555 1754 ·

933 1849 1020 1892 928

245 1931 318 1974 δεῖ
343 1932 428 1989 γὰρ
460 1931 487 1987 ’ἢ
519 1935 730 1975 πλουτεῖν
762 1966 771 1975 .
807 1966 816 1974 .
850 1966 858 1975 .
891 1932 1010 1983 ὅπως
1041 1933 1100 1988 μὴ
1132 1932 1358 1990 μάρτυρας
1388 1935 1582 1984 πολλοὺς
1613 1935 1731 1990 ἔχειν

244 2005 350 2054 τοὺς
381 2003 591 2060 ὁρῶντας.

305 2091 437 2130 Schol.
458 2091 620 2131 Hesiod.
642 2091 716 2143 Op.
737 2093 821 2132 637
859 2089 1102 2144 Μένανδρος
1129 2089 1172 2130 δέ
1197 2103 1296 2143 φησι
1323 2094 1400 2131 κτλ.
1451 2093 1557 2132 inter
1580 2095 1765 2133 πλουτεῖν

184 2153 226 2190 et
262 2149 370 2198 ὅπως
414 2153 558 2190 lacuna
601 2154 663 2191 est
701 2152 839 2191 decem
881 2153 964 2191 fere
1002 2152 1231 2191 litterarum
1270 2165 1346 2192 sec.
1384 2152 1582 2192 Gaisford.
1645 2152 1764 2206 ἔχειν]

184 2208 286 2258 ἕξειν
316 2211 395 2251 duo
427 2212 512 2251 cod.
545 2214 586 2251 et
617 2212 750 2252 Trinc.
794 2208 974 2252 ‘divitias
1007 2214 1123 2263 optat
1155 2213 1239 2252 sine
1271 2209 1475 2252 testibus&
1514 2214 1645 2253 Bentl.

930 2330 1017 2373 929

365 2411 589 2469 Κρωβύλη
619 2418 673 2469 τῇ
705 2411 838 2470 μητρὶ
867 2410 1032 2456 πείθου
1062 2411 1135 2456 καὶ
1167 2414 1297 2469 γάμει
1327 2413 1410 2468 τὴν
1442 2421 1647 2470 συγγενῆ.

304 2498 559 2539 Herodianus
583 2499 720 2539 Herm.
748 2502 831 2540 302
866 2497 960 2540 οὐδὲ
993 2501 1204 2554 συγγενίδα
1225 2497 1424 2554 (λέγομεν)
1448 2499 1546 2540 ἀλλὰ
1578 2507 1763 2555 συγγενῆ,

186 2555 240 2605 ὥς
269 2572 349 2598 που
386 2556 452 2597 καὶ
483 2556 726 2613 Μένανδρος
756 2563 834 2600 κτλ.
897 2561 1071 2600 (ζ’-,Γᾶωω·
1104 2561 1252 2600 Anecd.
1286 2560 1356 2599 Ox.
1388 2561 1450 2599 III
1484 2563 1582 2612 247,
1592 2564 1640 2607 5
1678 2560 1764 2613 τὴν

187 2616 329 2671 εὐγενῆ
368 2650 376 2658 .
409 2648 418 2658 .
465 2618 649 2673 καθάπερ
686 2635 753 2659 και
793 2619 835 2659 τὸ
866 2618 1090 2674 ἀρσενικόν,
1122 2619 1175 2668 ὥς
1205 2634 1284 2659 που
1317 2618 1383 2659 καὶ
1413 2592 1655 2673 Μένανδρος
1685 2625 1764 2661 κτλ.

186 2677 399 2730 Κρωβύλε,
446 2681 494 2718 ut
536 2679 618 2719 sint
659 2680 835 2720 trimetri
878 2681 1016 2732 iamb.,
1066 2681 1185 2719 Mein.
1230 2683 1370 2719 contra
1411 2683 1576 2731 propter
1619 2695 1764 2721 nomen

186 2737 410 2790 Κρωβύλης
447 2739 497 2777 ad
528 2738 705 2779 Πλόκιον
741 2741 923 2780 referunt
954 2741 1207 2780 Hermannus
1241 2743 1283 2779 et
1313 2740 1517 2779 Herwerd.
1550 2740 1641 2780 Obs.
1675 2742 1764 2781 crit.

189 2798 256 2837 96.
305 2798 408 2839 Nov.
439 2798 529 2838 add.
561 2800 649 2838 crit.
681 2801 750 2839 42.

936 2881 1024 2923 930

247 2960 335 3017 ἡδύ
365 2960 407 3017 γ’
437 2959 750 3020 άποθνῄσκειν
782 2963 868 3023 ὅτῳ
902 2966 978 3019 ζῆν
1011 2964 1070 3020 μὴ
1102 2961 1294 3021 πάρεσθ’
1331 2964 1386 3014 ὡς
1416 2964 1633 3019 βούλεται.

260 3038 375 3065 Comici
396 3040 508 3074 graeci,
526 3040 572 3066 ed.
593 3040 647 3067 Th.
667 3041 763 3067 Kook.
783 3041 840 3067 ΙΙΙ.
1434 3038 1476 3069 16
