2014 3334
248 250 335 292 302
611 278 615 282 ,
884 249 1188 283 ΦΙΛΙΠΠΙΔΟΤ

1015 382 1041 423 3

460 441 754 496 κατεύχεσθαι

367 526 430 567 ἐπὶ
460 532 530 567 τοῦ
556 525 731 579 ἀγαθοῦ,
763 524 851 565 ἀντὶ
875 531 945 566 τοῦ
973 524 1169 578 εὔχεσθαι.
1222 527 1462 578 Φιλιππίδης
1476 523 1815 574 Ἁδωνιαζούσαις.

248 589 415 627 Bekker.
447 587 596 626 Aneod.
630 588 726 638 104,
762 588 831 626 26.

894 712 1178 745 ΑΜᾰῆΑΡΕῼΣ

370 789 427 827 Of.
461 801 562 838 quae
595 788 645 827 ad
677 788 961 838 Aristophanis
992 787 1281 837 Amphiaraum
1312 787 1606 827 adnotavimus.

1016 928 1045 969 4

462 1008 642 1067 ὄστρει’,
677 1010 905 1065 ἀκαλήφας
935 1009 1009 1053 καὶ
1041 1011 1231 1060 λεπάδας
1263 1009 1491 1067 παρέθηκέ
1519 1025 1605 1065 μοι.

367 1099 600 1137 Athenaeus
633 1099 670 1148 3,
706 1098 796 1136 90b
828 1102 897 1149 τῆς
928 1094 1060 1148 μέντοι
1089 1096 1309 1144 θαλασσίας
1340 1095 1549 1147 ἀκαλήφης
1580 1094 1821 1147 μνημονεύει

248 1157 315 1197 καὶ
350 1157 591 1208 Φιλιππίδης
623 1155 666 1196 ἐν
689 1153 920 1212 Ἀμφιαράῳ
953 1156 1077 1204 οὕτως
1107 1160 1185 1196 κτλ.
1236 1152 1373 1209 ὄστρει’
1402 1154 1539 1206 Mein]
1573 1152 1711 1208 ὄστρε’.
1754 1153 1821 1194 καὶ

247 1219 336 1257 add.
367 1218 505 1257 Dindf.
554 1214 783 1270 παρέθηκέν
812 1216 866 1266 A,

886 1320 1184 1355 ΑΝΑΝΕΟΤΣΑ

367 1397 398 1436 Ι.
431 1410 461 1435 e.
494 1396 640 1435 mulier
678 1409 779 1447 quae
810 1396 973 1435 Medeae
1012 1396 1139 1435 instar
1175 1396 1340 1447 magieis
1379 1396 1519 1446 opinor
1557 1395 1710 1434 artibus
1742 1395 1817 1432 hu-

251 1457 377 1496 manis
410 1456 643 1506 corporibus
676 1457 813 1494 florem
844 1457 989 1494 aessatis
1020 1456 1185 1494 reddere
1218 1468 1258 1494 se
1290 1468 1405 1504 posse
1446 1455 1723 1505 profitebatur.
1778 1454 1822 1492 in

248 1530 326 1568 quo
364 1516 487 1555 titulo
526 1528 596 1554 our
634 1515 844 1554 offenderit
874 1513 1099 1553 Meinekius'
1131 1512 1170 1567 (I
1202 1517 1300 1554 472.
1329 1510 1374 1568 3)
1412 1527 1491 1553 non
1522 1514 1650 1554 video.
1705 1509 1821 1552 Ἀνα-

251 1574 447 1628 νεουμένη
479 1575 558 1614 fui’n
587 1575 844 1614 Philemonis.

1025 1678 1052 1720 5

463 1760 596 1805 ἔπειτ’
634 1761 704 1805 ε’πὶ
735 1763 911 1812 τούτοις
941 1768 1076 1804 πᾶσιν
1107 1758 1176 1816 ἧκ’
1214 1763 1357 1818 ὄρχεις
1389 1760 1539 1817 φέρων

462 1835 667 1884 πολλούς.
729 1836 782 1876 τὰ
813 1832 894 1890 μὲν
927 1831 1008 1876 οὖν
1040 1834 1201 1888 γύναια
1232 1829 1353 1875 τᾶλλ’
1388 1833 1598 1887 ἠκκίζετο,
1641 1828 1645 1832 ’

463 1905 490 1959 ἡ
523 1904 563 1947 δ’
601 1905 882 1962 ἀνδροφόνος
915 1906 1148 1948 Γνάθαινα
1178 1905 1400 1958 γελάσασα

457 1975 608 2019 ’καλοί
635 1975 711 2030 γε’,
744 1979 898 2032 φησίν,
925 1974 992 2018 ⁶015
1018 1978 1193 2032 νεφροί,
1226 1976 1280 2030 νὴ
1313 1975 1395 2030 τὴν
1428 1977 1566 2030 φίλην

427 2060 446 2090 5
468 2046 704 2104 Δήμητρα’
770 2047 843 2090 καὶ
876 2046 946 2090 δύ’
983 2047 1216 2104 ἁρπάσασα
1246 2045 1464 2101 κατέπιεν,

465 2118 575 2161 ὥσθ’
613 2120 799 2168 ὑπτίους
830 2119 915 2161 ὑπὸ
947 2124 1028 2160 τοῦ
1057 2117 1248 2172 γέλωτος
1278 2125 1550 2160 καταπεσεῖν.

370 2219 601 2257 Athenaeus
623 2220 661 2267 9,
683 2219 796 2256 384e
825 2215 891 2255 καὶ
917 2213 1041 2267 ὄρχεις
1065 2213 1228 2266 ἤσθιον,
1254 2213 1324 2262 οὓς
1348 2214 1415 2254 καὶ
1439 2213 1613 2268 νεφροὺς
1639 2213 1818 2254 ἐκάλουν.

256 2276 532 2328 Φιλιππίδης’
515 2292 557 2316 εν
576 2282 620 2331 τῇ
637 2273 873 2315 Ἀνανεώσει
899 2271 944 2328 (i.
965 2289 996 2314 e.
1012 2269 1274 2329 Ἀνανεούση)
1301 2275 1534 2325 Γναθαίνης
1565 2279 1634 2325 τῆς
1666 2272 1820 2326 ἑταίρας
1860 2297 1864 2299 -

250 2337 291 2377 τὸ
324 2337 612 2390 γαστρίμαργον
643 2334 869 2387 ἐμφανίζων
894 2333 993 2387 λέγει
1012 2337 1089 2374 κτλ.
1132 2335 1373 2374 Eustathius
1397 2336 1521 2382 1231,
1543 2335 1596 2373 41
1633 2333 1820 2373 δοκοῦσιν

250 2396 410 2444 ἀστείως
449 2395 515 2435 καὶ
555 2396 596 2435 οἷ
633 2393 756 2447 ὄρχεις
796 2393 937 2468 νεφροὶ
976 2397 1177 2446 κληθηναι
1216 2392 1323 2445 παρὰ
1362 2396 1414 2450 τῷ
1456 2392 1604 2432 εἰπόντι
1641 2391 1682 2432 τὸ
1723 2388 1819 2444 ἧκεν

251 2455 375 2509 ὄρχεις
400 2454 533 2529 φέρων
558 2455 740 2502 πολλούς.
771 2453 837 2493 καὶ
867 2469 892 2504 η
919 2454 1130 2493 Γνάθαινα
1165 2459 1243 2492 τῶν
1274 2451 1403 2492 άλλων
1433 2458 1635 2526 γυναικῶν
1665 2450 1819 2500 ἀκκιζο-

250 2515 380 2568 μένων
404 2513 544 2555 καλοί
571 2511 626 2567 γε’
662 2510 805 2553 εἶπεν
814 2514 855 2553 οἵ
882 2510 1035 2564 νεφροί’
1070 2528 1134 2551 και
1168 2512 1241 2552 δύο
1272 2515 1350 2552 κτλ.
1401 2513 1523 2564 δηλον
1555 2527 1629 2552 ουν
1661 2511 1703 2551 ἐν
1728 2511 1819 2552 τού-

250 2590 331 2623 τοις
369 2575 426 2614 ὅτι
457 2574 511 2614 οὐ
542 2577 909 2627 κυριολεκτικῶς
948 2588 973 2624 η
1005 2572 1216 2611 Γνάθαινα
1248 2568 1456 2623 ἐλάλησεν,
1494 2567 1578 2611 ἀλλ’
1619 2570 1820 2623 ἐσεμνολό-

250 2647 369 2688 γησεν
389 2633 718 2686 εὐφημότερον
737 2632 830 2680 τοὺς
850 2631 974 2685 ὄρχεις
992 2630 1166 2684 νεφρους
1188 2630 1253 2670 διὰ
1271 2631 1339 2679 τὰς
1358 2630 1598 2683 αἰδουμένας
1615 2634 1818 2684 γυναῖκας.

254 2698 291 2734 2.
322 2692 440 2734 τάλλα
471 2693 644 2741 ἀκκίζετο
667 2688 882 2745 (superscr.
902 2687 947 2746 η)
967 2692 1015 2731 Α.
1047 2689 1132 2743 ηκκ.
1154 2690 1196 2730 C.
1259 2693 1295 2731 3.
1329 2692 1384 2730 sio
1404 2692 1451 2730 A.
1482 2686 1666 2744 γελάσασ’
1692 2687 1819 2740 ηδέως

251 2755 414 2793 Porson.
475 2749 674 2792 Γνάθαιν’
715 2747 992 2805 ἀναγελάσασ’,
1029 2748 1130 2803 άγαν
1169 2751 1322 2790 Iacobs.
1358 2751 1495 2791 Addi‘n.
1533 2750 1679 2789 Athen.
1719 2751 1816 2789 204.

252 2812 524 2866 ἀναγελάσασα
555 2811 604 2863 δὴ
638 2813 767 2862 Mein,
799 2806 1058 2864 ἀναγελάσασ’
1093 2810 1174 2861 άμα
1203 2810 1310 2849 idem
1340 2811 1382 2850 in
1407 2812 1502 2850 Ath.
1535 2831 1591 2836 —
1622 2810 1670 2848 de
1694 2810 1817 2848 verbo

252 2871 482 2919 ἀκκίζεσθαι
520 2873 569 2911 cf.
601 2873 768 2911 Philem.
801 2873 845 2922 4,
880 2873 946 2910 14.
994 2870 1173 2910 narratio
1213 2870 1354 2909 similis
1393 2872 1454 2911 esi]
1489 2869 1616 2920 illius,
1654 2868 1701 2907 de
1739 2882 1818 2919 qua

254 2933 334 2972 dixi
364 2933 501 2971 Herm.
531 2932 626 2970 XXI
658 2933 742 2971 406
756 2944 812 2983 sq.
