2014 3334
257 257 344 299 482
639 242 642 246 ’
909 259 1168 292 ΑΔΕΣΠΟΤΑ

1001 366 1087 409 390
1122 356 1131 359 “

472 450 518 490 τί
544 447 640 491 ποτ’
677 448 769 491 ἐστὶ
799 451 986 506 χλωρόν,
1020 448 1251 504 ἀντιβολῶ,
1283 450 1332 492 τὸ
1364 450 1569 505 χρυσίον;

472 523 521 562 Β.
555 517 736 575 δέδοικ’,
768 519 1168 576 ἐπιβουλευόμενον
1199 520 1285 563 ὑπὸ
1316 521 1495 563 πάντων
1527 514 1604 562 άεί.

381 606 510 645 Schol.
541 607 746 657 Aristoph.
778 607 884 646 Plut.
918 610 1003 647 204
1050 607 1119 646 καί
1159 622 1215 654 τις
1257 613 1334 646 τῶν
1376 612 1561 658 κωμικῶν
1604 617 1703 658 φησι
1745 608 1824 646 κτλ.

261 666 426 716 Diogen.
459 666 504 705 L.
539 668 575 714 6,
609 668 662 706 56
698 661 935 721 (Διογένης)
975 665 1185 718 ἐρωτηθεὶς
1222 665 1287 706 διὰ
1323 666 1361 705 τί
1393 665 1434 706 τὸ
1472 665 1633 719 χρυσίον
1677 664 1826 718 χλωρόν

262 724 378 775 ἔστιν,
410 723 487 776 ἔφη
521 725 578 764 ὅτι
607 725 778 773 πολλοὺς
809 724 885 778 ἔχει
915 741 1007 773 τους
1038 725 1376 778 ἐπιβουλεύοντας.
1426 726 1612 765 Eustath.
1639 727 1738 774 812,
1772 727 1825 765 56

261 783 303 823 τὸ
335 783 514 836 ῥηθῆναι
545 782 672 838 ὠχρὸν
704 780 805 824 εἶναι
836 784 903 824 τὸν
934 784 1079 839 χρυσὸν
1122 784 1186 824 διὰ
1217 784 1259 824 τὸ
1290 784 1460 832 πολλοὺς
1491 783 1592 836 ἔχειν
1622 783 1715 832 τοὺς
1745 782 1826 824 ἔπι-

261 843 538 896 βουλεύοντας.
594 845 786 884 indicavit
823 845 1048 885 H.Iacobi.
1098 845 1331 885 Boissonad.
1364 844 1606 883 Anecd.111
1637 846 1723 883 469
1763 841 1828 883 διὰ

261 903 300 942 τί
326 902 367 942 τὸ
400 903 561 956 χρυσίον
593 901 719 958 ὠχρόν
751 903 873 953 ἕστιν;
907 903 963 944 ὅτι
993 903 1164 952 πολλοὺς
1195 903 1430 956 ἐπιβούλους
1461 902 1536 955 ἔχει
1568 899 1769 955 (Nauck).

933 1021 1031 1063 391.
1065 1021 1153 1064 392

474 1103 532 1158 μὴ
565 1103 775 1153 πολλάκις
806 1104 915 1160 πρὸς
946 1104 1024 1146 τὸν
1056 1103 1192 1146 αὐτὸν
1224 1105 1357 1146 λίθον

475 1176 647 1217 πταίειν
679 1176 836 1231 ἔχοντα
866 1176 1023 1231 καιρὸν
1055 1174 1427 1230 ὁμολογούμενον.

382 1261 526 1300 Suidas
553 1259 606 1312 μὴ
632 1260 818 1308 πολλάκις
842 1264 919 1300 κτλ.
952 1256 1132 1314 (παίειν).
1188 1261 1332 1300 Suidas
1357 1260 1526 1300 πταίειν·
1557 1260 1830 1315 προσκρούειν.

263 1319 331 1359 καὶ
360 1320 567 1372 παροιμία·
599 1318 652 1372 μὴ
674 1335 713 1359 π.
745 1319 843 1373 πρὸς
867 1319 935 1360 τὸν
962 1319 1082 1360 αὐτὸν
1107 1323 1139 1360 λ.
1159 1334 1219 1360 πτ.
1243 1343 1292 1348 -
1316 1317 1424 1372 ὅμολ.
1443 1334 1478 1360 v.
1504 1324 1540 1360 1.
1560 1320 1698 1372 Polyb.
1721 1323 1790 1372 31,
1805 1322 1829 1360 6

263 1378 284 1419 ὅ
317 1377 358 1419 δὲ
391 1375 630 1433 (Πολύβιος)
662 1380 870 1431 παρεκάλει
901 1378 954 1432 μὴ
989 1375 1051 1428 δὶς
1081 1379 1179 1433 πρὸς
1209 1378 1277 1420 τὸν
1308 1378 1428 1420 αὐτὸν
1459 1379 1577 1420 λίθον
1608 1379 1830 1420 πταίειν...

261 1438 438 1487 πολλὰς
478 1438 564 1492 γὰρ
614 1437 956 1479 ὑποδεικνύειν
1003 1438 1221 1492 ἀφορμὰς
1267 1438 1377 1487 τοὺς
1422 1438 1678 1487 ἕνεστῶτας
1727 1454 1831 1479 και-

263 1499 387 1553 ρούς.
437 1500 580 1538 Zenob.
602 1501 640 1551 3,
661 1501 714 1539 29
750 1497 822 1546 δὶς
852 1498 971 1551 πρὸς
996 1497 1075 1538 τὸν
1107 1497 1251 1538 αὐτὸν
1283 1497 1480 1551 αἰσχρὸν
1511 1498 1831 1551 προσκρούειν

263 1559 422 1598 λίθον·
478 1557 542 1598 ε’πὶ
572 1564 650 1597 τῶν
682 1557 865 1611 δεύτερον
889 1562 970 1606 τοῖς
995 1557 1128 1605 αὐτοῖς
1159 1557 1483 1610 περιπιπτόντων,
1513 1559 1585 1598 ubi
1615 1557 1832 1610 εἶσκρούειν

263 1619 456 1657 Erasmus
488 1618 607 1657 metri
639 1631 768 1658 eausa.
819 1616 957 1671 αἰσχρὰ
994 1617 1256 1670 προσκρούειν
1288 1618 1407 1658 Mein.
1438 1618 1582 1658 Philol.
1601 1618 1712 1657 XXV
1734 1620 1832 1668 537,

264 1679 436 1717 alterum
456 1679 530 1717 hoc
551 1679 823 1730 fragmentum
842 1679 1035 1717 comicum
1055 1690 1140 1717 esse
1161 1690 1336 1717 censens.
1385 1678 1434 1717 cf.
1453 1677 1689 1729 Diogenian.
1709 1679 1748 1729 4,
1765 1679 1832 1716 19.

265 1738 383 1788 Greg.
417 1737 534 1788 Cypr.
569 1740 613 1788 2,
647 1739 713 1777 15.
774 1737 956 1788 Apostol.
991 1739 1036 1789 6,
1065 1740 1130 1777 29.
1179 1739 1348 1777 monost.
1384 1739 1464 1776 121
1510 1735 1569 1784 δὶς
1606 1734 1832 1789 ἐξαμαρτεῖν

263 1795 406 1836 ταύτὸν
438 1795 512 1836 ούκ
543 1794 688 1849 ἀνδρὸς
720 1802 860 1847 σοφοῦ.
932 1800 967 1836 1.
1000 1795 1053 1848 μὴ
1085 1795 1183 1849 πρὸς
1213 1795 1281 1836 τὸν
1312 1794 1434 1836 αὐτὸν
1464 1795 1650 1843 πολλάκις
1680 1795 1832 1835 πταίειν

264 1857 381 1896 λίθον
412 1857 573 1896 Kuster.
636 1854 688 1907 μὴ
722 1856 908 1904 πολλάκις
944 1855 1018 1909 γὰρ
1048 1854 1147 1909 πρὸς
1177 1854 1245 1896 τὸν
1276 1854 1398 1895 αὐτὸν
1429 1855 1494 1895 δεῖ
1516 1855 1646 1904 Mein„
1684 1855 1752 1894 ubi
1783 1853 1832 1895 ού

265 1930 336 1966 pro
369 1914 422 1967 μὴ
457 1916 667 1955 dicendum
699 1918 797 1955 erat.
829 1929 874 1956 ac
906 1916 961 1955 sio
982 1916 1026 1956 Gr.
1046 1916 1094 1955 A.
1114 1915 1314 1967 Hirschig.
1334 1915 1436 1955 Ann.
1457 1915 1542 1955 crit.
1563 1916 1630 1955 35.
1660 1915 1832 1954 fortasse

265 1974 318 2026 μὴ
355 1974 454 2028 πρὸς
484 1974 552 2015 τὸν
590 1974 710 2015 αὐτὸν
741 1975 926 2023 πολλάκις
964 1973 1078 2029 λέγω
1111 1975 1289 2025 (suadeo)
1321 1975 1439 2015 λίθον
1469 1974 1623 2014 πταίειν
1652 1996 1704 2002 --
1738 1971 1833 2025 ὅμο-

265 2034 553 2088 λογουμένως.

1003 2115 1090 2159 393

977 2199 1142 2249 ψελλόν
1173 2196 1265 2240 ἐστι
1295 2196 1368 2240 καὶ
1398 2199 1525 2239 καλεῖ

480 2271 561 2325 τὴν
593 2270 756 2327 ἄρκτον
788 2270 938 2326 ἄρτον,
969 2269 1050 2324 τὴν
1083 2267 1131 2311 δὲ
1168 2269 1297 2325 Τυρὼ
1328 2263 1591 2325 τροφαλίδα,

479 2343 529 2384 τὸ
563 2340 602 2384 δ’
639 2342 750 2384 ἄστυ
781 2346 903 2383 σῦκα.

386 2429 626 2467 Eustathius
660 2429 785 2477 1535,
820 2430 873 2466 22
918 2424 939 2466 ὁ
970 2424 1141 2478 κωμικὸς
1170 2424 1212 2465 τὸ
1243 2425 1379 2464 κάππα
1410 2422 1550 2472 ἐξελὼν
1582 2420 1649 2477 (ex
1671 2419 1848 2478 ἄρκτος)

268 2487 413 2541 γέλωτα
446 2486 624 2538 ἐκίνησεν
655 2485 777 2526 εἰπὼν
809 2485 911 2526 οὕτω
942 2489 1049 2526 κτλ..
1070 2515 1080 2525 .
1101 2517 1108 2525 .
1132 2484 1249 2539 ἀρκεῖ
1273 2482 1315 2523 δὲ
1347 2483 1667 2557 ἐπισημήνασθαι
1698 2481 1752 2531 ὡς
1782 2482 1832 2523 οὐ

268 2546 393 2597 ψελλὰ
423 2546 469 2586 τὰ
494 2545 678 2598 εἰρημένα
702 2546 861 2600 κυρίως,
892 2546 927 2586 εἰ
950 2561 1003 2597 μη
1029 2560 1085 2593 τις
1117 2550 1196 2584 πᾶν
1222 2543 1383 2583 παιδίον
1409 2542 1462 2594 μὴ
1490 2549 1627 2594 σαφῶς
1658 2542 1831 2596 διαλεγό-

269 2621 391 2658 μενον
422 2606 674 2657 ψελλίζεσθαι
704 2604 815 2659 λέγει.
864 2605 1125 2656 Aristophani
1151 2605 1249 2643 haec
1274 2604 1589 2655 adsignaverunt
1606 2603 1832 2641 Dindorfius

270 2664 374 2719 (536
409 2681 444 2716 p.
480 2660 583 2719 215)
617 2667 657 2705 ei]
686 2665 888 2717 Bergkius
921 2661 981 2719 (II
1015 2658 1161 2717 1195),
1191 2664 1304 2703 nulla
1333 2663 1583 2702 necessitate.

1012 2780 1100 2823 394

556 2899 563 2907 .
625 2863 881 2921 περιφέρειν
912 2863 1108 2920 ματτύην
1138 2860 1211 2904 καὶ
1241 2862 1473 2918 ποδάριον,

484 2933 556 2977 καὶ
588 2937 798 2992 γαστρίον
829 2936 1014 2991 τακερόν
1043 2949 1084 2976 τι
1116 2931 1188 2975 καὶ
1220 2934 1386 2989 μήτρας
1417 2937 1532 2982 ἴσως.
