2014 3334
227 215 315 258 488
615 234 618 238 ,
859 218 1120 252 ΑΔΕΣΠΟΤΑ

967 373 1054 415 422

1006 462 1058 512 τῇ
1090 458 1266 512 κλίμακι

438 523 780 580 διαστρέφονται
810 527 919 569 κατὰ
952 526 1059 582 μέλη
1093 529 1447 585 στρεβλούμενοι.

342 611 571 662 Etymolog.
591 625 642 650 m.
664 613 761 662 200,
796 613 849 652 56
883 613 1021 664 κλῖμαξ
1055 611 1098 652 δέ
1135 612 1237 653 ἐστιν
1276 609 1380 662 εἶδος
1417 612 1589 667 ὀργάνου
1627 617 1790 668 βασανι-

223 669 354 710 στικόν
374 665 410 723 (—
423 665 509 723 οῦ)·
542 665 628 710 οἷον
653 676 699 725 τῇ
731 671 888 723 κλίμακι
913 671 1228 725 διαστρέφονται·
1261 669 1348 714 οἷον
1379 672 1425 713 τὰ
1457 672 1551 726 μέλη
1584 676 1789 728 στρεβλού-

223 744 345 781 μενοι.
394 728 491 768 κατὰ
521 743 594 780 pro
626 726 713 770 οἷον
744 730 791 770 τὰ
821 732 939 771 Mein.

968 836 1056 879 423

1199 896 1424 952 ἀγάλματα

434 970 604 1022 χρυσοῦ
632 961 714 1007 ’στ’
751 965 976 1021 ἀπέφθου,
1010 974 1101 1017 τοῖς
1127 970 1368 1019 Παταίκοις
1399 968 1578 1026 ἐμφερῆ.

342 1052 484 1091 Suidas
510 1049 699 1103 ἀπέφθου
726 1053 906 1105 χρυσίου·
937 1051 1109 1093 τουτέστι
1133 1059 1202 1093 τοῦ
1227 1055 1413 1103 πολλάκις
1435 1054 1671 1107 ἓψηθέντος,
1696 1057 1792 1098 ὥστε
1835 1067 1839 1069 “

221 1108 409 1164 γενέσθαι
440 1108 620 1163 ὄβρυζον.
670 1108 795 1163 χρυσί’
838 1109 912 1151 ἔστ’
954 1110 1123 1164 ἅπεφθα
1159 1117 1240 1161 τοῖς
1271 1116 1488 1163 Παταικοῖς
1525 1114 1675 1168 ἐμφερῆ
1715 1113 1793 1171 (ita

222 1171 459 1221 Bernhardy
478 1184 551 1221 pro
571 1167 697 1224 χρυσί’
727 1169 895 1222 ἄπεφθά
914 1186 951 1212 τε
970 1175 1050 1226 τοῖς
1070 1169 1179 1226 κτλ.).
1211 1174 1386 1226 χρυσίαις
1404 1172 1595 1226 ἄπαιφθα
1614 1177 1661 1215 Α.
1699 1193 1791 1230 χρυ-

224 1230 326 1277 σίαις
357 1227 525 1281 ἄπεφθα
550 1230 591 1269 C.
648 1225 835 1285 (uterque
856 1245 932 1271 om.
951 1229 1019 1284 τε).
1081 1232 1208 1272 Bekk.
1226 1233 1374 1274 Aneed.
1396 1236 1494 1285 423,
1516 1237 1570 1274 23
1602 1233 1791 1286 ἄπεφθον

223 1289 384 1343 χρυσίον
416 1286 582 1342 (excidit
600 1287 911 1343 interpretatio).
962 1292 1092 1331 lucem
1114 1293 1268 1332 adferre
1288 1294 1449 1333 videtur
1466 1294 1655 1335 Herodot.
1678 1298 1716 1347 3,
1734 1298 1788 1336 37

222 1348 301 1388 ἔστι
318 1347 393 1402 γὰρ
412 1354 485 1388 τοῦ
498 1345 718 1400 εΗφαίστου
749 1349 930 1403 τῶγαλμα
956 1346 1017 1404 (τὸ
1045 1350 1087 1390 ἐν
1107 1348 1274 1405 Μέμφι)
1305 1356 1428 1392 τοῖσι
1462 1355 1792 1406 Φοινικηίοισι

221 1410 514 1448 Παταϊκοῖσι
557 1407 924 1461 ἐμφερέστατον,
967 1410 1059 1457 τοὺς
1103 1411 1144 1450 οἱ
1181 1412 1364 1459 Φοίνικες
1408 1411 1450 1452 ἐν
1489 1418 1574 1467 τῇσι
1613 1411 1792 1470 πρῴρῃσι

221 1473 298 1522 τῶν
322 1465 512 1520 τριηρέων
529 1468 772 1521 περιάγουσι.
821 1466 865 1517 ὃς
885 1467 927 1508 δὲ
946 1469 1109 1517 τούτους
1128 1469 1181 1521 μὴ
1209 1468 1356 1522 ὄπωπε,
1382 1470 1456 1524 ἐγὼ
1477 1471 1520 1511 δέ
1539 1473 1582 1512 οἵ
1596 1472 1788 1524 σημανέω.

219 1527 464 1580 πυγμαίου
497 1525 672 1579 ἀνδρὸς
709 1528 904 1580 μίμησίς
935 1527 1040 1568 ἐστι.
1091 1532 1184 1569 sunt
1214 1531 1341 1584 igitur
1358 1532 1515 1571 Pataeci
1540 1533 1603 1572 dei
1627 1534 1790 1573 navium

220 1581 426 1626 tutelares.
458 1587 629 1638 Hesych.
665 1587 872 1628 Πάταικοι·
898 1587 988 1628 θεοὶ
1011 1589 1206 1639 Φοίνικες,
1226 1588 1297 1638 οὓς
1317 1590 1442 1630 ἱστᾶσι
1461 1590 1557 1630 κατὰ
1576 1591 1643 1640 τὰς
1661 1593 1790 1645 πρύμ-

219 1661 293 1694 νας
325 1641 521 1703 (πρῴρας)
553 1652 630 1685 τῶν
660 1653 773 1688 νεῶν.
821 1649 971 1687 nullius
1011 1649 1131 1698 pretii
1170 1653 1262 1688 sunt
1292 1664 1393 1701 quae
1425 1651 1632 1691 adnotavit
1663 1653 1789 1692 Bern-

220 1706 361 1757 hardy.
411 1706 605 1746 Herodoti
631 1708 762 1746 verbis
796 1720 885 1746 cum
907 1708 1052 1746 Suidae
1085 1709 1220 1759 glossa
1251 1710 1480 1760 compositis
1505 1724 1583 1750 non
1610 1712 1789 1752 dubitavi

223 1766 393 1805 scribere
418 1768 464 1804 ut
489 1778 612 1816 Supra
636 1767 724 1805 feei.
773 1766 986 1806 Herodian.
1007 1768 1026 1814 I
1050 1769 1145 1819 151,
1167 1770 1191 1808 8
1218 1769 1558 1823 προπαροξύνεται
1575 1770 1789 1821 Πάταικος,

226 1824 425 1872 Φάλαικος
455 1828 533 1864 κτλ.
577 1826 624 1866 cf.
657 1826 696 1864 ΙΙ
730 1828 827 1876 424,
862 1828 927 1866 18.

965 1943 1054 1986 424

649 2057 658 2066 .
720 2025 918 2080 ποταμὸν
952 2005 1003 2068 δε
1033 2027 1214 2082 φεύγων
1245 2027 1420 2082 ἀγνοεῖς

433 2096 495 2146 εἰς
525 2096 607 2150 τὴν
637 2095 865 2138 θάλατταν
897 2096 1108 2152 ἐμπεσών.
1430 2153 1435 2158 ⁴

337 2181 537 2220 Aristides
562 2182 602 2220 ΙΙ
629 2184 682 2221 47
690 2185 712 2221 2
740 2183 874 2221 Dindf.
900 2197 940 2222 π.
961 2199 1002 2234 φ.
1036 2206 1090 2211 -
1117 2183 1331 2236 ἐμπίπτων,
1363 2183 1482 2239 ἀνὴρ
1514 2183 1535 2224 ὁ
1561 2185 1787 2226 σκώπτων

220 2238 307 2291 ἐρεῖ.
357 2236 545 2292 ‘agnosco
583 2242 729 2293 tragici
766 2240 1031 2283 sententiam'.
1073 2244 1271 2284 Reiskius.
1314 2250 1375 2284 est
1415 2245 1565 2284 comici.
1627 2246 1787 2285 videtur

218 2300 475 2349 proverbium
505 2301 641 2340 fuisse.

961 2407 1050 2449 425

787 2488 880 2531 οὔτ’
917 2489 1143 2544 ἀλφίτοισι
1174 2490 1427 2545 χαίρομεν·’

431 2560 599 2615 πλήρης
630 2560 714 2616 γὰρ
746 2561 893 2616 ἄρτων
924 2561 950 2615 ἡ
981 2562 1118 2610 πόλις.

335 2645 568 2684 Athenaeus
603 2648 646 2696 3,
683 2638 800 2685 113'a
847 2652 968 2686 ταῦτα
1017 2646 1116 2685 σιτία
1158 2647 1334 2698 Κρονικά
1382 2646 1503 2698 ἐστιν,
1553 2643 1584 2687 ὦ
1627 2647 1784 2702 ἑταῖροι,

216 2700 330 2753 ’ἡμεῖς
361 2703 435 2757 γὰρ
467 2700 555 2743 οὔτ’
591 2703 788 2755 ἀλφίτοισι
818 2709 894 2745 κτλ.
977 2709 1011 2746 1.
1045 2703 1156 2757 ἡμεῖς
1191 2704 1265 2758 γὰρ
1298 2703 1423 2746 οὐκέτ’
1458 2708 1578 2747 Dobr.
1612 2709 1710 2749 Adv.
1742 2709 1783 2748 II

220 2763 317 2801 300.
378 2763 610 2803 Athenaeus
647 2766 695 2803 ut
735 2778 851 2815 saepe
889 2779 983 2805 suae
1022 2765 1192 2805 orationi
1231 2770 1372 2815 poetae
1403 2767 1526 2806 verba
1565 2779 1784 2807 accommo-

220 2821 398 2873 daverat,
430 2824 497 2874 qui
528 2824 698 2863 fortasse
729 2838 809 2864 non
841 2826 1000 2876 scripsit
1025 2822 1050 2876 ἡ
1076 2823 1198 2871 πόλις,
1232 2827 1299 2864 sed
1325 2822 1350 2876 ἡ
1384 2825 1539 2877 σιπύη.
1590 2828 1636 2865 ef.
1657 2827 1781 2866 Arist.

216 2880 321 2920 Plut.
361 2883 456 2921 806.
