2014 3334
276 270 362 312 682
922 270 1183 303 ΑΔΕΣΠΟΤΑ

277 363 544 435 (εἰσηνέγκατο
572 380 578 431 Ι
605 384 647 419 θ.
681 374 732 419 αὖ
763 376 886 433 κάκᾎ)
925 379 1179 436 ε’πεντρυφᾷ
1217 382 1484 428 πολυτελῶς
1516 375 1575 434 (π.
1606 376 1680 433 τρ.)
1709 378 1717 432 Ι
1743 385 1845 421 καθ-

275 441 373 494 άπερ
405 438 691 493 ἐπειγομένη
722 438 903 491 πένητά
934 455 980 491 με
1012 445 1250 492 καταστῆσαι
1282 435 1483 494 (ποιῆσαι)
1515 440 1646 492 ταχύ·
1659 435 1846 513 Ιούδεὶς

275 500 360 554 γὰρ
402 499 588 552 ἐξαρκεῖ
623 502 826 547 πλοῦτος
870 499 1005 554 αὐτῇ,
1050 495 1150 539 οὐδ’
1198 498 1254 539 ἂν
1297 498 1345 539 ἐκ
1387 505 1608 551 ποταμῶν
1651 498 1844 556 ἐπιρρέῃ

278 558 383 611 (οὐδ.
416 576 465 612 γ.,
497 555 586 599 οὐδ’
622 558 671 598 ἀν
710 557 752 598 ἐκ
782 573 822 598 π.
862 557 920 598 ε’π.
948 556 1080 614 Ιαὺτῇ
1121 559 1277 612 διαρκεῖ
1307 555 1403 612 πλ.).
1465 562 1701 611 sequunbur
1727 573 1844 611 para-

274 621 439 670 phrases
471 619 936 658 Arist.N11b.53—55
970 622 1010 658 eb
1045 621 1111 659 73.

395 681 455 718 esb
481 678 660 731 διήγησις
687 679 868 729 opulenti
894 679 1065 718 alicuius
1091 679 1275 730 hominis,
1308 680 1377 730 qui
1403 691 1622 730 pauperem
1647 679 1844 730 virginmn

274 740 314 778 in
346 739 644 777 matrimonium
677 739 802 788 duxit,
833 741 925 789 post
947 739 1111 789 nuptias
1139 740 1202 779 vel
1227 739 1477 779 divitissimis
1505 739 1778 789 superbiorem
1804 742 1846 778 eb

273 799 589 848 insolentiorem‚
627 798 831 837 simillima
867 799 1110 838 narrationis
1149 798 1251 849 eius,
1290 811 1390 850 quae
1429 801 1490 837 est
1528 799 1770 849 Strepsiadis
1801 799 1844 838 in

273 859 468 898 Nubibus.
531 858 806 910 redintegrare
839 860 1005 898 conatus
1038 871 1126 898 sum
1159 859 1294 898 Herm.
1319 858 1413 897 XXI
1439 860 1521 898 401
1541 870 1599 909 sq.

1002 974 1116 1018 1576

392 1062 672 1101 Aristaenetus
710 1063 754 1112 2,
789 1063 841 1100 13
874 1075 912 1111 p.
942 1063 1024 1101 166
1067 1061 1216 1113 μάτην
1256 1060 1523 1111 ὑποκνίζει,
1563 1060 1847 1134 γλυκύτατε,

272 1121 424 1173 μάτην
456 1117 633 1193 ᾠήθης
651 1117 893 1173 (γλυκύτατ’,
926 1117 1029 1177 ᾠηθ.
1055 1120 1112 1175 μ.)
1141 1122 1148 1170 Ι
1175 1136 1228 1172 με
1259 1124 1433 1161 ποθεῖν
1465 1119 1626 1171 ἕτερον
1657 1119 1768 1171 μετὰ
1794 1118 1843 1160 σέ

271 1180 384 1232 (μετὰ
428 1179 470 1220 σὲ
501 1195 540 1219 π.
573 1177 633 1252 ἔμ’
668 1176 755 1232 ἔτ’)
800 1179 949 1228 οὕτως
993 1179 1127 1228 ἱλεως
1167 1178 1172 1232 Ι
1213 1180 1272 1232 εἴη
1317 1175 1499 1234 (γένοιτ’)
1539 1176 1804 1232 Ἀφροδίτη.
1833 1176 1839 1232 Ι

272 1240 383 1280 ὅσον
423 1236 532 1294 (add.
565 1236 602 1279 δ’
637 1236 732 1294 ἀφ’)
770 1237 902 1291 ημῶν
940 1239 1267 1292 ἕκδεδήμηκας
1312 1239 1504 1293 χρόνον,
1539 1240 1544 1289 Ι
1578 1238 1657 1279 τὸν
1695 1238 1842 1292 ἔρωτα

271 1300 440 1352 βεβαίως
483 1299 742 1350 ἀνεπίληστον
786 1299 1041 1352 διετήρουν
1081 1298 1162 1339 ἀεί.
1205 1297 1210 1351 Ι
1249 1300 1374 1339 καίτοι
1418 1315 1469 1351 με
1513 1298 1842 1339 καθεύδουσαν

271 1358 411 1410 ἀφεὶς
451 1357 708 1412 Μέγαράδε
752 1357 1013 1411 προσέπτης.
1046 1389 1055 1399 ,
1086 1389 1096 1399 .
1128 1357 1380 1411 κοιμωμένην
1422 1357 1677 1399 καταλιπὼν
1718 1356 1840 1415 ᾤχου

271 1416 462 1473 (fmtasse
501 1418 550 1458 σὺ
584 1415 621 1458 δ’
656 1417 771 1468 ἀφείς
808 1415 849 1470 μ’
885 1417 1061 1459 ἀπέπτου
1106 1415 1335 1472 Μέγαράδ’,
1373 1419 1455 1459 ευδ.
1493 1417 1619 1458 λιπὼν
1658 1419 1664 1468 Ι
1704 1401 1841 1474 ᾤχου).

267 1475 523 1530 Ἀριάδνην
566 1493 618 1529 με
661 1484 785 1518 πᾶσαι
827 1481 1026 1518 καλοῦσι
1064 1474 1256 1532 (fortasse
1295 1482 1379 1518 καλ.
1415 1478 1558 1526 πάντες
1591 1474 1669 1532 Ἀρ.
1707 1475 1806 1533 ἐμέ),
1833 1474 1838 1533 Ι

271 1538 319 1578 σὺ
364 1536 406 1578 δὲ
454 1537 606 1589 Θησεὺς
649 1537 755 1589 ἐμοί,
799 1538 884 1577 εἴθε
927 1536 994 1577 καὶ
1037 1537 1236 1586 Διόνυσος
1275 1569 1282 1577 .
1315 1568 1324 1577 .
1357 1569 1365 1577 .
1405 1536 1546 1578 οὐκέτι
1588 1538 1676 1590 γάρ
1709 1534 1746 1577 σ’
1780 1536 1840 1586 ὡς

271 1597 402 1649 ἐμόν,
430 1597 435 1647 Ι
463 1596 581 1637 ἀλλὰ
607 1596 672 1636 καὶ
698 1593 872 1651 (dcn')‘
851 1613 910 1645 ως
935 1596 1165 1649 ἐμαυτήν,
1192 1599 1222 1636 ὠ
1253 1598 1517 1648 Φιλωνίδη,
1543 1600 1676 1647 φιλῶ.
1719 1602 1840 1637 ταῦτα

269 1656 448 1711 γέγραφα
491 1655 546 1707 νὴ
590 1656 700 1705 τοὺς
745 1652 853 1711 (add.
892 1653 1054 1712 φίλους)
1089 1658 1095 1706 Ι
1125 1654 1334 1710 ’Ἐρωτας
1377 1655 1720 1708 ἀσθμαίνουσα
1763 1656 1842 1697 καὶ

272 1715 616 1769 δεδακρυμένη.

388 1778 525 1828 puella
556 1778 726 1816 amatori
757 1777 966 1827 perfidiam
999 1778 1226 1828 exprobrat.

1000 1894 1112 1937 1577

389 1968 670 2007 Aristaenetus
698 1971 736 2018 2,
770 1970 823 2007 14
856 1983 893 2019 p.
923 1971 1005 2008 166
1051 1967 1163 2020 χθὲς
1208 1965 1368 2022 (ἐχθὲς)
1408 1966 1472 2007 ε’πὶ
1514 1966 1562 2007 τὸ
1606 1966 1688 2007 σὸν
1716 1968 1722 2016 Ι
1751 1953 1838 2006 δωδ-

270 2028 439 2079 μάτιον
476 2028 694 2068 εἰσιοῦσα
737 2031 916 2068 θᾶττον
947 2026 973 2080 ἢ
1005 2028 1159 2080 βάδην
1187 2027 1193 2076 Ι
1221 2027 1361 2068 ἔκλαον
1405 2023 1484 2078 ὑφ’
1525 2024 1704 2078 ἡδονῆς
1742 2022 1835 2081 (ὑφ’

269 2085 331 2138 ἡδ.
369 2083 564 2141 κλάουσα)
597 2117 607 2127 .
639 2117 649 2127 .
682 2119 691 2128 .
722 2086 788 2127 καὶ
825 2088 1054 2139 μειδιῶσα
1092 2085 1151 2150 (μ.
1176 2083 1234 2141 τε)
1265 2089 1270 2134 Ι
1297 2086 1421 2140 γλυκὺ
1460 2086 1630 2138 μεταξὺ
1669 2084 1712 2125 δέ
1742 2101 1838 2134 πως
1875 2136 1891 2147 .

270 2146 488 2187 ἀπιστοῦσα
519 2146 616 2199 πρὸς
642 2145 815 2198 ἐμαυτὴν
841 2146 1069 2197 ἔφασκον·
1102 2143 1171 2199 ἀρ’
1200 2141 1516 2201 ἐγρήγορα;Ιῆ
1547 2146 1765 2185 πλανῶσί
1786 2161 1837 2197 με

269 2212 347 2246 τῶν
373 2205 623 2258 ὀνειράτων
649 2206 832 2254 εἰκόνες
860 2202 903 2260 (ἤ
920 2207 1000 2247 πού
1020 2203 1060 2259 μ’
1084 2205 1248 2258 ὀνείρων
1273 2205 1467 2246 ἀποπλαν.
1494 2201 1602 2257 εἰκ.);
1621 2201 1731 2259 Ιῦπὸ
1756 2211 1838 2245 τοῦ

270 2266 426 2319 σφόδρα
462 2265 550 2320 γὰρ
588 2265 852 2318 ἐπιθυμεῖν
881 2265 1104 2319 ἐλάμβανέ
1143 2265 1196 2318 με’
1233 2282 1289 2313 τις
1321 2261 1424 2319 (ὑπὸ
1455 2271 1525 2317 τοῦ
1554 2261 1656 2304 ’.ποθ
1693 2265 1768 2318 γάρ
1799 2261 1835 2316 μ’

270 2322 428 2379 ε’λαβεν)
474 2320 701 2379 ἀπιστίαΙ
735 2356 744 2365 .
777 2356 787 2365 .
820 2357 827 2365 .
865 2341 903 2377 p.
933 2329 1014 2366 167
1038 2325 1202 2399 Ιπολλὴ
1248 2340 1322 2365 ουν
1365 2324 1498 2377 χάρις
1538 2319 1589 2378 (χ.
1625 2320 1695 2378 δὴ)
1739 2327 1839 2372 τοῖς

270 2386 455 2436 φιλίοις
493 2381 608 2438 (add.
646 2381 767 2440 εστω)
805 2389 962 2436 θεοῖς,
996 2386 1001 2435 Ι
1035 2385 1105 2426 ότι
1143 2384 1192 2436 δὴ
1232 2382 1356 2439 (ὁτιη)
1393 2384 1536 2424 πάλιν
1573 2382 1688 2436 ἡμῖν
1722 2383 1838 2424 ἀνοι-

273 2450 436 2485 νεοῦσι
478 2444 559 2484 τὸν
602 2444 778 2496 πόθον,
806 2443 812 2497 Ι
840 2448 1016 2496 μᾶλλον
1043 2443 1109 2485 δὲ
1151 2450 1239 2484 νῦν
1282 2441 1586 2497 χαριεστέρου
1624 2442 1702 2483 καὶ
1738 2443 1839 2496 μεί-

271 2507 413 2553 ζονος
440 2505 446 2555 Ι
475 2505 719 2555 αἰσθάνομαι
749 2504 892 2544 τούτου
925 2503 1116 2559 (fortasse
1147 2499 1530 2558 ε’παισθανόμεσθα).

388 2566 523 2604 brevis
572 2565 732 2615 puellae
776 2566 825 2603 de
877 2578 1010 2604 amore
1058 2565 1313 2604 reconciliabo
1356 2564 1546 2603 narratio.
1615 2564 1663 2602 of.
1701 2563 1836 2601 Herm.

270 2625 363 2663 XXI
389 2627 487 2664 400.
517 2626 552 2663 1.
584 2646 631 2651 —
663 2623 875 2675 δωμάτιον,
901 2627 947 2663 ut
973 2625 1095 2663 Arist.
1120 2624 1214 2675 Lys.
1242 2625 1338 2663 160.
1384 2624 1487 2662 Eccl.
1516 2626 1553 2662 8.
1595 2623 1643 2662 cf.
1663 2622 1837 2661 Lobeck.

271 2685 417 2735 Phryn.
446 2685 541 2723 252.
570 2686 607 2723 3.
656 2687 805 2723 θᾶττον
824 2681 851 2735 ἢ
869 2683 1015 2735 βάδην,
1041 2686 1087 2723 ut
1110 2683 1292 2722 Menand.
1314 2684 1397 2722 837
1425 2681 1473 2722 τὸ
1500 2680 1556 2732 δὴ
1581 2680 1838 2735 λεγόμενον

270 2748 406 2783 τοῦτο
439 2747 587 2783 θᾶττον
618 2740 644 2795 ἢ
670 2741 813 2795 βάδην.

999 2823 1110 2866 1578

390 2897 671 2936 Arisizaenetus
705 2899 748 2948 2,
783 2898 836 2937 15
869 2912 906 2948 p.
937 2899 1018 2937 167
1057 2894 1146 2936 τὸν.
1175 2894 1258 2935 σὸν
1290 2897 1373 2948 μὲν
1405 2893 1614 2946 οἰκέτην,
1645 2893 1757 2946 ἐμὸν
1788 2893 1836 2934 δὲ

272 2955 505 3007 δεσπότην
528 2951 531 3010 Ι
553 2954 739 3010 ἐρωτικὸν
772 2955 894 2996 δόκει
925 2953 1196 3008 θυμουμένη
1228 2955 1322 3007 ἅμα
1353 2954 1440 3004 καὶἱ
1462 2955 1704 2999 τύπτουσα
1735 2950 1834 3009 (for-

2006 2698 2014 2756 ..na—s
2006 2616 2014 2690 „m-
2004 2422 2014 2610 Q
2006 2269 2014 2415 -ῥ--ιρ-
2005 2187 2014 2262 ..a-2.-
2010 2167 2014 2180 ..
2008 2143 2014 2161 a.
2000 1910 2014 2131 “add—M..
2008 1874 2014 1902 m..
2011 1848 2014 1858 ..
2012 1826 2014 1830 r
