2014 3334
699 237 905 272 ΛΔΗΛΩΝ
930 238 1190 274 ΔΡΛΜΑΤΩΝ
1652 240 1734 282 189

903 372 991 415 634

367 453 392 497 ὁ
424 454 652 510 φθονερὸς
683 454 802 513 αὐτῷ
834 453 1044 511 πολέμιος
1075 457 1356 499 καθίσταται·

367 524 654 582 αὐθαιρέτοις
684 527 770 582 γὰρ
803 525 1034 583 συνέχεται
1066 527 1226 578 λύπαις
1257 527 1336 570 ἀεί.

273 612 472 653 stobaeus
504 613 643 653 Floril.
677 614 744 664 38,
782 616 830 652 11
869 613 1119 666 Μενάνδρου
1150 614 1200 653 Α.

900 742 987 786 635

330 826 468 869 καλὸν
499 825 547 869 οἱ
573 827 704 882 νόμοι
738 824 899 883 σφόδρ’
937 827 1074 870 εἰσίν·
1107 826 1131 869 ὁ
1164 824 1204 869 δ’
1241 826 1360 883 ὁρῶν
1391 828 1495 878 τοὺς
1526 829 1692 884 νόμους

329 899 431 940 λίαν
463 897 656 955 ἀκριβῶς
688 898 972 955 συκοφάντης
1003 900 1222 955 φαίνεται.

271 983 469 1024 Stobaeus
502 985 642 1025 Floril.
675 987 743 1038 44,
777 987 802 1025 8
836 985 1085 1039 Μενάνδρου
1118 987 1166 1025 Λ.
1233 989 1268 1025 1.
1301 986 1344 1025 οἷ
1370 985 1487 1038 νόμοι
1519 983 1681 1038 σφόδρ’,
1712 984 1733 1026 ὁ

150 1039 188 1082 δ’
224 1042 419 1096 ἐπιτηρῶν
461 1044 600 1084 Cobet.
632 1046 778 1085 Mnem.
812 1046 932 1086 VIIII
969 1049 1064 1086 127.
1147 1049 1184 1086 2.
1217 1045 1418 1097 φαίνεται]
1459 1046 1607 1099 γίνεται
1639 1046 1734 1086 Cob.

150 1099 259 1143 ‘nam
285 1105 355 1156 qui
380 1106 454 1144 hoc
485 1105 652 1157 faciunt,
684 1119 766 1145 non
796 1108 921 1146 videri
952 1107 1274 1158 calumniatores,
1308 1107 1377 1145 sed
1410 1119 1489 1146 esse
1520 1103 1678 1146 solent’.

899 1235 986 1278 636

363 1316 388 1359 ὁ
419 1310 852 1375 προκαταγινῶσκων
885 1316 933 1361 δὲ
964 1317 1072 1375 πρὶν
1104 1318 1291 1362 ἀκοῦσαι
1325 1325 1478 1375 σαφῶς

363 1389 496 1440 αὐτὸς
526 1391 724 1447 πονηρός
755 1389 847 1434 ἐστι
878 1390 1116 1441 πιστεύσας
1146 1397 1301 1442 κακῶς.

268 1475 464 1517 Stobaeus
497 1477 635 1517 Floril.
668 1479 738 1529 46,
773 1480 795 1517 7
830 1476 1079 1530 Μενάνδρου
1113 1480 1160 1517 Α.
1227 1480 1263 1517 1.
1296 1475 1317 1516 ὃ
1350 1491 1427 1517 om.
1459 1477 1576 1517 Voss.
1608 1477 1729 1516 Hens.

147 1535 216 1575 fol.
249 1536 303 1575 72
319 1549 353 1575 r.
397 1558 450 1564 —
499 1538 537 1576 2.
575 1540 712 1585 κακοῖς
749 1532 1061 1578 Cobet.'Mnem.
1095 1538 1218 1577 VIIII
1252 1539 1349 1577 128.
1400 1533 1509 1576 ‘nam
1548 1537 1617 1589 qui
1656 1539 1730 1576 hoe

148 1594 248 1634 facit
276 1608 357 1635 non
389 1597 493 1636 male
520 1597 659 1648 credit,
693 1598 762 1637 sed
788 1598 918 1646 malis,
951 1600 992 1637 et
1017 1598 1074 1637 sic
1101 1598 1261 1637 demum
1287 1596 1404 1645 αὐτὸς
1429 1596 1606 1649 πονηρός
1631 1597 1729 1636 dici-

147 1657 216 1694 tur
234 1667 331 1695 esse.
373 1654 492 1704 αὐτός
517 1658 622 1696 enim
650 1660 756 1697 stare
782 1671 863 1697 non
888 1659 1035 1709 potest,
1061 1658 1140 1697 nisi
1167 1654 1236 1696 alii
1261 1658 1420 1708 inprobi
1445 1653 1729 1708 opponantur?

147 1727 238 1754 cum
270 1715 405 1766 adesp.
439 1718 523 1756 346
564 1717 773 1770 coniungit,
809 1717 859 1756 Η.
891 1718 1028 1758 Iacobi
1060 1718 1199 1770 Progr.
1232 1718 1348 1757 Posn.
1384 1719 1511 1767 1861,
1546 1719 1582 1756 9.
1652 1730 1725 1768 ego

146 1787 227 1814 non
258 1775 373 1815 video
406 1776 503 1827 quid
535 1778 911 1828 reprehendendum
943 1778 996 1817 sit
1029 1778 1070 1816 in
1102 1778 1174 1817 tali
1214 1777 1430 1817 sententia:
1483 1773 1567 1828 ‘qui
1598 1777 1727 1827 prius-

147 1847 268 1886 quam
306 1838 493 1875 acculate
532 1838 732 1877 audiverit
769 1838 1027 1888 condemnat,
1072 1838 1157 1888 ipse
1197 1832 1295 1892 (non
1333 1837 1620 1876 condemnatus
1660 1837 1727 1887 qui

147 1895 278 1934 malus
310 1908 396 1935 esse
429 1891 626 1951 ereditur)
659 1898 788 1937 malus
822 1900 894 1947 est,
925 1898 1031 1937 male
1063 1897 1236 1937 confisus
1269 1893 1519 1936 accusatori’.

895 2026 980 2068 637

361 2109 510 2175 namn
529 2124 578 2163 γε
610 2110 819 2164 βασιλεὺς
849 2115 902 2165 τῇ
934 2107 1015 2165 μὲν
1049 2109 1236 2167 ἀνδρείᾳ
1267 2116 1455 2165 κρατῶν,

361 2179 414 2221 τὰ
447 2177 497 2242 δὲ
526 2186 608 2223 τοῦ
639 2182 743 2236 βίου
776 2182 924 2224 δίκαια
957 2181 1180 2237 διατηρῶν
1211 2183 1364 2237 κρίσει.

268 2265 466 2306 Stobaeus
499 2267 637 2307 Floril.
670 2269 742 2319 48,
776 2271 798 2307 7
834 2268 1082 2320 Μενάνδρου
1116 2269 1164 2307 Α.
1231 2271 1266 2306 1.
1299 2266 1443 2322 ἀνδρίᾳ
1477 2264 1526 2305 A.

895 2397 980 2440 638

361 2478 420 2534 μὴ
452 2484 584 2521 τοῦτο
616 2478 781 2536 βλέψῃς
813 2482 854 2523 εἰ
883 2481 1098 2535 νεώτερος
1130 2479 1257 2533 λέγω,

362 2546 458 2592 ἀλλ’
493 2551 536 2593 εἰ
564 2557 845 2606 φρονοῦντος
875 2554 980 2603 τοὺς
1012 2553 1174 2606 λόγους
1206 2550 1369 2606 ἀνδρὸς
1401 2549 1499 2605 ἐρῶ.

267 2635 463 2676 Stobaeus
490 2637 762 2690 F101·il.52‚9
798 2639 1046 2690 Μενάνδρου
1073 2638 1120 2676 A.
1187 2640 1220 2675 1.
1250 2637 1542 2686 correptionem
1574 2636 1721 2675 vocalis

147 2695 188 2734 in
218 2699 332 2735 τοῦτο
364 2696 423 2748 βλ.
472 2697 696 2738 Meinekius
727 2712 852 2739 novae
885 2698 1112 2738 comoediae
1146 2697 1336 2746 exemplis
1368 2696 1546 2734 defendit
1578 2695 1596 2733 I
1624 2697 1722 2735 295.

147 2756 195 2794 cf.
216 2755 306 2794 add.
327 2757 365 2794 8.
410 2757 468 2795 ed.
490 2756 654 2796 Theoor.
677 2759 775 2798 331.
826 2761 1003 2798 attamen
1024 2758 1109 2807 ipse
1129 2754 1182 2807 μὴ
1203 2752 1307 2794 τοῦτ’
1332 2753 1485 2828 ἐλέγξῃς
1507 2755 1617 2794 Stob.
1639 2755 1721 2793 1111

146 2811 1303 2866 1111111.μέμψησθ’0011ε11;.Ν.1.57.8.2.ἀλλέι’]
1337 2829 1387 2853 αν
1419 2829 1463 2853 ευ
1496 2814 1590 2854 Cob.
1621 2829 1722 2865 φρο-

145 2873 374 2914 νούντων-
388 2873 548 2927 ἀνδρῶν
580 2889 628 2915 ex
659 2878 742 2916 eod.
772 2878 862 2918 Par.
882 2872 939 2931 (52)
972 2877 1147 2915 Brunck.
1197 2873 1289 2926 ἐρῶ]
1324 2872 1431 2925 φέρω
1458 2875 1591 2913 Benffl.
1622 2872 1720 2927 λέγω

147 2933 241 2974 Oob.
275 2955 330 2961 —-
363 2935 411 2974 de
443 2936 643 2975 sententia
674 2938 722 2976 cf.
756 2937 876 2988 Soph.
910 2937 1003 2974 Ant.
1039 2937 1134 2975 728.
