2014 3334
891 254 1113 291 ΑΔΕΛΦΟΙ
1703 252 1792 297 313

425 363 507 421 τὴν
538 360 626 422 ῥῖν’
664 362 812 421 ἕτερός
842 380 909 416 τις
938 364 1240 423 προσδραμὼν
1272 363 1519 422 ἀποσπάσῃ.

424 438 551 480 ΣΤΡ.
584 434 719 492 μέγας
745 433 787 479 εἷ
810 438 1019 493 τεχνίτης.
1070 440 1124 480 Α.
1150 436 1326 492 ἀγνοεῖς
1350 437 1461 494 πρὸς
1486 436 1540 481 ὃν
1564 439 1731 488 λαλεῖς·

422 510 617 560 πολλοὺς
647 507 733 564 ἐγὼ
765 506 929 565 σφόδρ’
967 506 1068 552 οἶδα
1099 516 1189 553 τῶν
1219 507 1506 565 καθημένων,

358 592 404 625 30
427 583 475 624 οἳ
501 580 860 638 καταβεβρώκασ’
898 577 1012 626 ἕνεκ’
1047 581 1156 638 ἐμοῦ
1187 582 1264 633 τὰς
1296 581 1463 633 οὐσίας.

330 668 563 708 Athenaeus
597 671 634 719 7,
669 669 788 709 290b
831 666 1068 717 ἀλαζονικὸν
1107 665 1143 708 δ’
1178 667 1258 709 ἐστὶ
1294 674 1376 708 πᾶν
1406 667 1450 709 τὸ
1481 674 1561 709 τῶν
1592 669 1791 723 μαγείρων

209 731 360 780 φῦλον,
392 726 445 777 ὡς
474 726 542 769 καὶ
566 724 842 782 Ἡγήσανδρος
880 727 924 769 ἐν
963 729 1123 781 δελφοῖς
1156 725 1233 782 (sic
1261 724 1317 778 A)
1355 729 1576 782 παρίστησι.
1625 729 1793 783 παράγει

210 786 252 829 δὲ
295 788 484 842 μάγειρον
528 786 689 843 λέγοντα
718 791 809 829 ..κτλ
872 791 992 841 atque
1018 785 1291 844 Ἡγήσανδρος
1324 789 1446 830 etiam
1478 790 1519 830 O.
1587 804 1624 830 v.
1667 794 1752 829 1—-
1765 792 1790 830 3

210 850 444 889 Athenaeus
484 851 528 901 9,
567 849 687 889 405d
732 846 901 902 βέλτιστε
933 871 990 877 -
1023 845 1195 902 εἰρημέν’
1237 847 1342 903 ἐστὶν
1384 848 1484 890 κατὰ
1526 849 1620 898 τοὺς
1654 846 1792 904 Ἡγη-

210 909 389 949 σι’ππου
434 905 710 960 Ἀδελφούς·
768 908 817 949 σὺ
868 904 945 950 οὖν
995 909 1101 962 δρῶν
1149 925 1186 949 τι
1235 909 1386 961 φαίνου
1433 908 1575 950 καινὸν
1619 931 1668 938 —-
1715 908 1792 962 ἐμέ.

210 984 246 1010 v.
283 971 457 1009 11-14
490 969 730 1009 Eustathius
763 971 890 1022 1604,
924 972 978 1010 27
1016 970 1137 1021 δηλοῖ
1161 969 1347 1023 μάγειρος
1377 969 1517 1010 εἰπών·
1550 969 1644 1010 ὅταν
1675 969 1720 1010 ἐν
1749 984 1791 1010 π.

209 1045 240 1069 τ.
273 1029 323 1081 δ.,
353 1028 586 1082 τούπίθημα
604 1051 663 1057 ——-
681 1032 809 1084 γελᾶν.
872 1044 908 1070 v.
944 1032 1117 1070 19-27
1151 1031 1394 1070 Eustathius
1429 1032 1556 1082 1709,
1585 1031 1641 1071 60
1667 1026 1792 1081 Ἀθή-

208 1105 320 1138 ναιος
351 1087 394 1130 δὲ
424 1088 645 1144 παραφέρει
676 1089 863 1143 μάγειρόν
894 1105 982 1130 τινα
1013 1089 1056 1130 ἐκ
1090 1095 1162 1131 τοῦ
1193 1089 1292 1130 κατὰ
1322 1089 1391 1138 τὰς
1421 1093 1622 1144 Σειρῆνας
1654 1090 1792 1143 μύθου

211 1148 493 1202 ἀστεϊζόμενον
525 1149 668 1198 οὕτως·
700 1147 753 1202 ἢν
784 1148 1044 1191 τούπτανεῖον
1075 1173 1134 1178 -
1159 1148 1385 1207 ἀποσπάσῃ.

329 1212 368 1250 2.
398 1212 515 1249 ΣΤΡ.
546 1211 635 1250 add.
668 1210 717 1249 K.
761 1214 998 1262 φαινουτιλη
1031 1211 1080 1250 Α.
1166 1213 1203 1251 3.
1236 1210 1353 1251 κόπτε
1384 1208 1452 1263 ἐμέ
1480 1211 1529 1252 A.
1611 1213 1651 1251 4.
1681 1210 1790 1264 Σύρε

209 1271 329 1310 Petit.
348 1271 459 1310 Misc.
483 1272 520 1322 6,
541 1269 587 1321 4]
620 1264 776 1323 εὗρεΑ.
840 1272 878 1310 5.
910 1270 1064 1324 εὕρημα
1091 1270 1217 1323 μόνον
1237 1269 1383 1311 εἰδέναι
1413 1276 1492 1311 τῶν
1519 1269 1791 1323 νομιζομένων

207 1328 274 1381 ε’μέ
299 1331 348 1370 Α.
397 1328 606 1383 εὑρηκέναι
636 1335 762 1370 τανῦν
787 1330 920 1382 νόμιζε
944 1330 1070 1382 μόνον
1101 1329 1168 1383 ε’μέ
1193 1331 1364 1371 Casaub.
1414 1329 1635 1383 εὑρημένον
1666 1330 1792 1383 μόνον

209 1387 356 1430 εἰδέναι
381 1386 509 1442 νόμιζ’
531 1388 598 1442 ἐμέ
616 1390 756 1430 Valck.
781 1391 923 1431 Annot.
947 1391 996 1430 N.
1015 1394 1043 1431 t.
1066 1393 1164 1432 331.
1196 1389 1407 1444 εὑρηκέναι
1437 1390 1603 1443 νόμισόν
1634 1406 1681 1444 με
1713 1398 1791 1431 τῶν

210 1448 337 1490 ὄντων
367 1445 452 1504 (vel
482 1448 595 1502 νυνὶ,
627 1449 799 1502 ζώντων,
829 1446 1011 1504 πάντων)
1044 1450 1170 1503 μόνον
1196 1451 1317 1492 Dobr.
1337 1451 1441 1492 Adv.
1461 1452 1501 1491 II
1528 1454 1629 1492 314.
1672 1450 1790 1505 εὑρη-

209 1508 320 1550 κέναι
350 1510 512 1565 πάντων
543 1509 676 1562 νόμιζε
707 1510 832 1563 μόνον
864 1509 931 1563 έμέ
960 1512 1080 1551 Μ6111.
1162 1514 1198 1551 6.
1232 1509 1349 1551 δυσὶν
1380 1511 1564 1563 Porsen]
1599 1512 1710 1552 δυεῖν
1741 1513 1789 1552 Α.

210 1573 247 1611 9.
280 1570 317 1610 εἰ
347 1568 396 1622 δὴ
431 1571 478 1610 Α.
527 1569 783 1623 βεμβράδων]
828 1571 1068 1625 μεμβράδων
1095 1571 1136 1612 C.
1186 1572 1292 1611 idem
1334 1574 1386 1611 17
1420 1571 1661 1625 μεμβράδας.
1727 1575 1793 1612 10.

210 1633 261 1670 A.
291 1629 334 1670 τὸ
365 1628 486 1683 πέρας
516 1645 585 1682 μοι
615 1628 699 1684 λέγε
730 1632 849 1670 Μ6111.
874 1631 992 1671 Anal.
1018 1632 1114 1671 Ath.
1143 1634 1240 1672 128.
1289 1645 1370 1671 non
1401 1632 1531 1672 credo.
1614 1635 1682 1672 12.
1713 1630 1791 1672 ἀπὸ

211 1691 328 1731 Μ6111.
354 1689 468 1741 ibid]
509 1689 561 1730 ἐκ.
644 1693 710 1731 13.
743 1687 880 1743 βάπτ’]
914 1688 1001 1742 (poce
1042 1692 1218 1744 Madvig.
1249 1692 1418 1732 Advers.
1451 1693 1538 1732 erit.
1565 1693 1625 1731 III
1654 1693 1721 1732 60.
1755 1696 1791 1732 1.

220 1753 286 1790 18.
317 1749 388 1790 ἐὰν
407 1750 456 1790 Α.
486 1747 540 1802 ἢν
560 1750 599 1790 C.
634 1748 676 1790 δὲ
697 1749 762 1802 δὴ,
793 1765 873 1791 11011
899 1749 942 1791 δὲ
973 1750 1042 1803 μὴ,
1071 1753 1119 1792 A.
1153 1749 1195 1792 δὲ
1215 1751 1257 1792 C.
1322 1755 1389 1792 19.
1419 1751 1679 1792 τούπτανεῖον
1709 1752 1791 1792 AC.

210 1812 278 1850 20.
310 1809 536 1862 ἔμπροσθεν
555 1811 714 1850 AEust.
754 1810 862 1865 Σύρε
889 1825 963 1851 0111.
985 1813 1099 1853 Eust.
1162 1814 1231 1851 22.
1265 1810 1339 1865 γὰρ
1371 1809 1497 1864 ὀσμῆς
1526 1813 1651 1852 Piers.
1670 1813 1793 1852 Moer.

214 1868 289 1922 59]
325 1868 450 1922 ὀσμῆς
491 1868 567 1924 γὰρ
598 1870 790 1911 ACEust.
882 1873 949 1911 26.
982 1868 1072 1925 ἄχρι
1114 1869 1165 1911 ἂν
1197 1870 1245 1922 C]
1289 1870 1456 1925 ἀχαριαν
1489 1873 1535 1911 Α.
1586 1869 1697 1926 ἄχρις
1740 1871 1791 1912 ἂν

209 1931 324 1970 Eust.
405 1932 473 1971 29.
503 1927 754 1982 κεκλημένων
779 1931 896 1971 Μ6111.
930 1931 1047 1971 Anal.
1079 1931 1174 1971 Ath.
1210 1933 1292 1972 128
1338 1928 1544 1982 ‘hospitum
1575 1934 1628 1973 ad
1658 1945 1792 1972 cenam

213 1987 490 2030 invitatorum?

330 2051 588 2102 conloquitur
619 2064 711 2090 cum
740 2064 854 2091 servo
881 2046 1022 2106 (Syro)
1048 2065 1199 2103 coquus
1230 2052 1445 2103 gloriosus,
1477 2065 1574 2092 suae
1607 2055 1654 2092 ut
1679 2053 1788 2093 vide-

211 2114 295 2161 tur,
330 2123 412 2149 non
443 2110 598 2150 alienae
632 2111 740 2151 domi
773 2105 870 2166 (23)
908 2125 1047 2152 cenam
1077 2112 1287 2163 adparans.
1345 2111 1387 2152 οἱ
1413 2111 1638 2163 καθήμενοι
1668 2127 1705 2153 v.
1734 2115 1787 2152 29

210 2170 398 2210 videntur
435 2183 521 2210 esse
559 2171 852 2211 adulescentuli
895 2172 965 2224 qui
1007 2172 1197 2223 popinam
1238 2173 1324 2212 eius
1368 2173 1644 2224 frequentant,
1686 2186 1791 2212 nune

211 2230 344 2281 ipsum
377 2233 577 2271 cenantes
659 2233 695 2272 3.
727 2230 860 2284 κόπτε,
891 2232 939 2271 cf.
958 2232 1158 2284 Anaxipp.
1186 2235 1222 2281 1,
1251 2234 1317 2272 23.
1388 2234 1454 2272 13.
1487 2232 1668 2284 colorati,
1700 2232 1724 2271 i.
1757 2245 1790 2272 e.

210 2292 341 2335 atrati,
378 2292 426 2330 ut
461 2291 503 2329 in
539 2291 690 2331 funere.
774 2294 840 2332 19.
872 2292 1087 2332 Herodian.
1119 2292 1139 2331 Ι
1173 2293 1277 2344 375,
1307 2293 1361 2331 28
1401 2289 1626 2332 ὀπτανεῖον·
1664 2290 1791 2344 παρὰ

210 2347 259 2389 δὲ
296 2352 395 2398 τοῖς
427 2346 656 2399 Ἀττικοῖς
702 2350 803 2402 [καὶ]
850 2350 915 2391 διὰ
946 2357 1017 2392 τοῦ
1050 2363 1064 2390 ῖ
1093 2352 1284 2405 γράφεται
1327 2350 1394 2392 καὶ
1433 2351 1789 2404 προπαροξύνεται,

210 2405 299 2450 οἷον
341 2407 540 2450 ὀπτάνιον.
603 2412 652 2450 cf.
673 2411 692 2449 I
714 2413 812 2461 363,
846 2414 884 2453 5.
916 2412 958 2451 II
990 2414 1089 2463 417,
1112 2414 1177 2452 13.
1212 2413 1311 2462 459,
1340 2414 1408 2452 32.
1440 2412 1655 2463 Phrynich.
1682 2412 1790 2463 Epit.

211 2471 295 2509 276
329 2466 519 2510 ὀπτάνιον
550 2468 754 2524 λέγουσιν,
790 2476 860 2524 τῆς
891 2469 963 2523 μὲν
1002 2469 1185 2524 δευτέρας
1223 2472 1422 2524 συλλαβῆς
1459 2469 1790 2523 ὀξυτονουμένης,

210 2534 278 2581 τῆς
311 2526 353 2568 δὲ
384 2529 512 2582 τρίτης
542 2529 859 2583 συστελλομένης.
915 2528 1123 2572 “ὀπτάνιον
1164 2532 1206 2571 111
1237 2532 1422 2571 omnibus
1454 2534 1635 2571 veterum
1667 2532 1787 2571 comi-

210 2602 349 2628 corum
384 2590 483 2635 l‚ocis
523 2591 642 2630 metri
678 2591 783 2631 ratio
821 2592 970 2643 partim
1011 2592 1090 2631 fert
1127 2592 1276 2642 partim
1315 2587 1466 2643 exigit?
1528 2591 1702 2632 Lobeek.
1740 2593 1790 2631 cf.

211 2649 336 2689 Arist.
375 2649 447 2700 Eq.
482 2651 608 2690 1033.
641 2651 733 2691 Pac.
766 2653 864 2691 891.
909 2652 1063 2691 Alexid.
1092 2653 1188 2702 173,
1224 2653 1290 2692 13.
1339 2651 1506 2690 Philem.
1540 2653 1608 2690 61.
1660 2651 1789 2702 Sosip.

212 2710 280 2748 39.
330 2709 495 2748 Damox.
518 2711 557 2758 2,
578 2711 647 2750 45.
696 2711 926 2751 Nicomach.
949 2713 985 2762 1,
1007 2713 1076 2751 25.
1158 2713 1224 2751 25.
1256 2711 1404 2750 Moeris
1438 2713 1492 2750 59
1525 2708 1676 2763 ἀχανὴς
1704 2707 1786 2751 Ἀτ-

211 2773 339 2819 τικῶς,
371 2765 537 2819 ἄφωνος
561 2765 819 2822 Ἑλληνικῶς,
859 2771 930 2810 ubi
963 2772 1011 2811 of.
1045 2783 1147 2822 quae
1180 2771 1312 2810 adnot.
1346 2770 1522 2811 Pierson.

854 2886 1139 2921 ‹DIAETAIPOI

335 2957 562 3014 Φιλέταιρος
593 2962 700 3014 apud
733 2962 908 3004 Suidam.
959 2964 1007 3003 cf.
1041 2963 1159 3003 Mein.
1191 2962 1208 3001 I
1242 2963 1341 3002 477.
