2014 3334
278 244 364 288 724
794 245 1138 279 SUPPLEMENTA
1161 244 1270 279 vo1..
1295 246 1313 279 1

276 359 381 397 enim
411 359 452 396 in
483 358 622 396 Attica
652 358 823 396 dialecto
856 357 1018 395 admitti
1048 370 1123 396 non
1157 370 1284 407 posse.
1335 360 1378 396 at
1408 359 1537 397 multa
1567 372 1614 398 ex
1640 359 1729 401 aliis
1755 359 1839 399 dia-

275 419 389 457 lectis
427 418 556 456 Attici
594 417 920 467 adsumpserunt:
958 417 1007 455 cf.
1038 416 1292 468 πουλύπους,
1323 418 1579 468 Πουλυτίων,
1619 418 1840 470 Πειρίθους

276 471 426 530 (Περ),
457 475 635 528 λοχαγός,
668 475 843 528 ξεναγός,
869 471 1073 523 Ἀναξίλας
1105 477 1192 515 sim.

396 538 492 576 684.
523 536 691 575 Aristot.
718 535 836 574 Polit.
867 539 903 584 1,
931 537 954 573 2
984 533 1103 574 οὐδὲν
1127 534 1202 588 γὰρ
1227 532 1252 586 ἡ
1279 535 1399 586 φύσις
1422 540 1535 576 ποιεῖ
1551 542 1731 577 τοιοῦτον
1753 532 1841 577 οἷον

274 595 509 647 χαλκοτύποι
538 593 623 646 τὴν
655 593 901 645 Δελφικὴν
933 594 1168 647 μάχαιραν
1198 601 1423 647 πενιχρῶς.’

393 657 490 695 693.
521 650 730 707 κενέβρεί·
763 652 920 705 ὁπόταν,
953 655 1060 705 quod
1090 655 1259 704 pluralis
1292 655 1542 695 desideretur
1567 650 1634 710 (of.
1660 653 1840 708 dovffiswt

272 709 366 768 cet.)
398 715 584 765 Blaydes.

395 777 490 814 701.
523 774 836 824 Aristophanem
867 773 1064 813 Boeotum
1096 774 1314 826 significari
1344 776 1480 814 monet
1510 774 1664 821 Kaibel.

394 836 489 874 705.
523 835 570 872 ef.
603 834 652 872 de
683 834 747 872 his
779 832 823 873 O.
851 832 1018 872 Crusius
1049 834 1164 873 Anal.
1196 834 1284 873 crit.
1317 836 1401 873 124
1427 847 1466 873 n.
1494 837 1530 873 1.

394 895 488 933 754.
521 891 542 932 ὁ
574 892 692 944 βάτος
730 893 985 932 scribendum
1025 893 1147 932 fuisse
1183 894 1307 934 verba
1344 906 1444 945 quae
1476 896 1700 945 sequuntur
1729 907 1840 934 mon-

272 955 412 991 strant.
465 953 533 992 sed
564 950 585 991 ὅ
617 952 827 1004 νάρκισσος
853 953 1145 992 restituendum
1179 965 1266 992 esse
1296 965 1369 1003 pro
1401 951 1422 992 ὁ
1453 952 1571 1005 βάτος
1608 954 1724 993 docet
1755 954 1840 993 cod.

272 1013 455 1052 Ambros.
488 1012 661 1062 Ziegleri
687 1008 742 1066 (p.
766 1007 840 1064 17)
866 1012 1093 1064 νάρκισσος·
1123 1015 1311 1063 θηλυκῶς
1342 1010 1489 1065 λέγεται
1513 1011 1704 1063 ἐνταῦθα,
1733 1011 1841 1066 παρὰ

271 1069 313 1111 δὲ
351 1068 625 1123 Ἀριστοφάνει
661 1070 884 1125 ἀρσενικῶς.
948 1073 1068 1122 plura
1105 1073 1153 1111 de
1191 1073 1267 1112 hac
1303 1085 1346 1111 re
1386 1073 1498 1112 Stud.
1538 1072 1708 1112 Vindob.
1740 1073 1841 1111 VIII

273 1134 368 1171 256·
391 1135 488 1232 7737.
519 1192 567 1231 cf.
601 1190 645 1231 O.
673 1191 854 1230 Kaehler.
888 1191 1023 1230 Herm.
1055 1191 1150 1230 XXI
1182 1193 1280 1231 629.

391 1253 487 1291 763.
520 1251 658 1290 eadem
688 1251 932 1290 Bachmann.
964 1251 1113 1290 Anecd.
1144 1251 1186 1290 II
1212 1253 1310 1300 339,
1343 1252 1410 1290 29.

390 1313 487 1350 812.
520 1311 607 1350 add.
641 1311 757 1351 Phot.
787 1313 1048 1361 λοφοπωλεῖν.

389 1372 487 1410 866.
521 1370 648 1422 σύρβα
678 1369 805 1423 τύρβα
834 1371 988 1410 Nauck.
1021 1371 1226 1421 Aristoph.
1258 1370 1353 1421 Byz.
1388 1371 1485 1409 242.

389 1429 486 1470 867.
519 1430 659 1469 eadem
691 1430 880 1480 Stephan.
910 1430 1007 1481 Byz.
1041 1432 1236 1481 Ταμιεῑον

389 1491 487 1529 891.
520 1490 608 1528 add.
641 1490 779 1528 Thom.
811 1490 917 1541 Mag.
949 1490 1047 1539 403,
1081 1491 1118 1528 8.

389 1551 546 1599 898,1
597 1549 713 1588 scrib.
757 1546 904 1599 ὀφλὼν.
975 1551 1000 1588 2
1032 1548 1253 1602 περίκειμαι
1295 1561 1368 1598 pro
1418 1546 1586 1600 ἐξῆμμαι
1634 1547 1837 1588 Herwerd.

268 1609 412 1648 Mnem.
443 1622 481 1647 n.
513 1609 550 1646 X
583 1611 649 1648 76.

388 1670 471 1708 901
505 1667 712 1718 Euripidis
738 1670 811 1718 est,
844 1670 926 1708 871
954 1668 1021 1707 N.:
1053 1680 1147 1706 nam
1179 1681 1265 1719 ευρι
1299 1667 1384 1706 eod.
1414 1667 1577 1706 Baroco.

390 1730 485 1768 903.
518 1728 566 1766 cf.
597 1740 703 1767 nune
736 1727 781 1767 O.
808 1726 975 1767 Crusius
1007 1727 1125 1766 Anal.
1151 1727 1237 1766 erit.
1268 1727 1535 1777 paroemiogr.
1563 1728 1617 1766 88
1644 1740 1682 1766 n.
1710 1730 1747 1765 1.

390 1789 487 1828 905.
519 1788 704 1827 Eustath.
740 1789 837 1837 722,
870 1789 894 1826 2
928 1787 1016 1826 add.
1051 1786 1095 1826 O.
1121 1786 1306 1826 Kaehler.

389 1848 486 1887 915.
526 1843 780 1898 Ἐνδυμίωνα
820 1848 947 1898 Κᾶρα,
1004 1842 1302 1897 Ἀριστοφάνης.
1363 1844 1432 1884 τὸν
1470 1841 1723 1896 Ἐνδυμίωνα
1758 1847 1836 1885 κτλ.

268 1907 501 1946 Sternbaeh.
535 1907 648 1946 Stud.
680 1906 852 1945 Vindob.
884 1906 984 1945 VIII
1017 1907 1115 1945 244.

388 1969 485 2006 921.
532 1966 660 2006 Schol.
699 1966 763 2005 Ai.
797 1968 881 2005 277
926 1966 968 2004 in
1011 1966 1185 2005 editione
1231 1965 1366 2004 Aiacis
1407 1965 1670 2004 Erfurdtiana
1707 1960 1835 2018 (Lips.

271 2020 405 2079 1811)
433 2039 457 2064 a
482 2026 682 2065 Lobeckio
713 2025 882 2064 indicari
913 2026 1049 2064 docuit
1079 2026 1233 2064 Nauck.
1266 2025 1470 2076 Melanges
1501 2023 1538 2062 V
1571 2026 1669 2063 228.

389 2086 668 2136 Aristophanis
701 2086 938 2136 fragmentis
971 2085 1152 2124 addenda
1183 2088 1278 2124 sunt

992 2202 1079 2244 344
1086 2205 1111 2243 b

551 2262 749 2317 ὄκλασμα

386 2347 488 2387 οὕτω
520 2346 594 2400 γὰρ
627 2346 669 2387 ἐν
711 2348 768 2387 Θε
777 2358 833 2398 σμ
842 2362 862 2386 ο
871 2362 902 2398 φ
911 2361 931 2386 ο
940 2361 961 2398 ρ
971 2362 984 2386 ι
994 2363 1018 2386 α
1027 2345 1105 2394 ζο’
1082 2361 1106 2385 υ
1116 2357 1218 2394 σαις
1261 2342 1490 2396 ὀνομάζεται
1526 2343 1568 2383 τὸ
1607 2342 1757 2397 όρχημα
1790 2343 1832 2384 τὸ

266 2406 462 2459 Περσικὸν
499 2405 566 2446 καὶ
603 2406 809 2446 σύντονον.
870 2407 1014 2445 Pollux
1040 2407 1217 2457 4,100.
1277 2405 1319 2444 111
1356 2405 1413 2444 eis
1448 2417 1550 2456 quae
1582 2407 1741 2444 exstant
1771 2417 1834 2444 co-

265 2468 431 2507 moediis
463 2480 542 2507 non
573 2467 784 2517 reperitur.

990 2546 1110 2588 5941>
1167 2581 1173 2585 .

385 2622 524 2661 Liban.
551 2623 571 2660 I
597 2623 746 2672 83,15
775 2621 822 2659 R.
870 2617 995 2676 ’ᾔτουν
1027 2617 1069 2659 δὲ
1100 2617 1238 2659 οὐδέν.
1290 2617 1385 2658 ,οὐκ
1415 2618 1558 2669 οἰκίαν,
1589 2633 1638 2658 ου
1665 2623 1761 2671 γῆν.

264 2679 330 2720 καὶ
355 2679 402 2720 τὸ
427 2686 510 2721 τοῦ
532 2678 906 2734 Ἀριστοφάνους
930 2678 1069 2732 λόγος
1093 2673 1152 2730 ἦν
1177 2677 1263 2718 οὐκ
1288 2676 1376 2717 ε’ῶν
1401 2677 1548 2717 κακὸν
1572 2676 1651 2716 τὸν
1670 2683 1828 2718 τοιοῦ-

265 2755 345 2779 τον
371 2740 534 2780 δοκεῖν
567 2737 784 2781 sermones
809 2739 939 2779 nostri
964 2739 1279 2779 contexebantur
1304 2751 1324 2776 e
1349 2737 1574 2788 praeceptis
1600 2738 1830 2788 sapientiae,

266 2813 367 2849 quae
398 2814 478 2840 non
508 2802 744 2851 paterentur
773 2800 900 2838 malos
929 2811 1107 2838 rumores
1133 2798 1181 2837 de
1207 2810 1253 2837 eo
1279 2798 1397 2848 exire,
1423 2797 1492 2848 qui
1515 2797 1641 2836 tantis
1666 2797 1829 2837 virtuti—

263 2859 338 2898 bus
376 2862 533 2898 tantam
571 2861 718 2899 famam
758 2859 834 2898 sibi
864 2859 1102 2909 peperisset,
1134 2858 1172 2896 h.
1198 2870 1230 2896 e.
1257 2857 1305 2896 de
1342 2851 1527 2896 Iuliano'.
1589 2869 1829 2907 quamquam

263 2918 381 2957 facile
413 2922 475 2958 est
505 2920 780 2959 trimetrorum
811 2918 1002 2969 reliquias
1034 2917 1249 2956 restituere
1282 2911 1429 2970 (λόγος,
1457 2911 1500 2967 Ι
1490 2913 1534 2962 ὂς
1558 2913 1626 2954 τὸν
1649 2920 1830 2955 τοιοῦτον
