2014 3334
524 250 935 284 ΔΜΦῙΣΒΗΤΗΣῙΜΑ
960 248 1044 284 ΚΑΙ
1067 248 1391 284 ΠΑΡΕΓΓΡΑΦΑ
1656 245 1740 288 611

904 357 1017 401 1223

458 429 567 480 θεὸς
597 427 638 472 δ’
675 427 746 473 ἐπὶ
778 436 1032 487 σμικροῖσιν
1064 428 1119 472 οὐ
1148 429 1458 485 θερμαίνεται,

459 499 556 544 ἀλλ’
593 501 652 553 ὡς
683 500 814 558 λέβης
844 518 910 553 τις
940 502 1140 558 μείζονος
1172 501 1311 543 δεῖται
1342 501 1495 555 πυρός.

294 576 424 616 Schol.
451 575 567 616 Hom.
594 576 642 615 ΙΙ.
669 578 715 629 3,
741 578 827 616 414
859 577 965 616 BVL
997 574 1040 616 τὸ
1071 574 1304 624 ἀνεξίκακον
1336 580 1405 627 τῆς
1435 574 1550 622 θείας
1574 573 1745 625 ἐδήλωσε

173 634 334 687 φύσεως
362 638 441 676 κτλ.
463 659 468 665 «
506 638 542 676 1.
569 632 606 675 δ’
637 636 792 676 Nauck.
818 637 884 676 Tr.
909 650 968 688 gr.
996 637 1044 677 fr.
1071 636 1204 686 adesp.
1233 633 1338 686 371]
1359 633 1446 688 γὰρ.
1510 636 1547 674 2.
1574 649 1631 682 τις
1656 634 1746 673 add.

172 695 338 737 Porson.
357 716 413 724 —
433 708 513 736 non
541 695 745 736 adsentior
763 696 946 736 Nauckio
972 695 1218 748 tragicorum
1244 695 1364 734 alicui
1390 696 1487 734 haec
1507 693 1746 734 vindicanti:

171 768 268 796 nam
297 756 545 807 comparatio
577 756 658 796 ista
687 756 824 807 potius
855 757 1050 796 comicum
1079 768 1176 807 prae
1209 767 1251 794 se
1283 756 1363 794 fert
1394 755 1580 795 colorem.

903 873 1020 916 1224

458 944 550 988 ἔδει
580 945 665 1002 γὰρ
696 944 810 1001 ἡμᾶς
839 950 900 1004 τῷ
931 948 1026 1004 θεῷ
1056 944 1211 999 θύειν,
1244 943 1352 987 ὅταν

457 1016 572 1072 γυνὴ
604 1016 923 1073 κατορύττηται
954 1016 1103 1074 τάφῳ,
1136 1015 1217 1071 οὐχ
1250 1014 1359 1058 ὅταν
1389 1021 1518 1073 γαμῇ.

293 1090 527 1142 Gnomolog.
554 1091 726 1131 Vindob.
752 1092 922 1131 Ritschl.
948 1090 1092 1143 Opusc.
1111 1091 1132 1130 I
1152 1092 1250 1141 570,
1271 1092 1326 1131 54
1355 1087 1518 1131 ‘senarii
1545 1104 1565 1130 o
1591 1103 1744 1131 comoe-

173 1150 241 1190 dia
271 1145 416 1202 petiti'.
472 1154 516 1190 at
541 1149 767 1203 Εὐριπίδης
790 1151 944 1200 Meliss.
965 1150 1072 1202 Aug.
1096 1150 1373 1191 Wachsmuth.
1407 1150 1520 1190 Stud.
1543 1152 1640 1191 143.
1690 1151 1746 1190 sic

171 1212 220 1250 ut
251 1210 402 1262 scripta
434 1213 539 1262 sunt,
569 1224 699 1263 neque
732 1211 938 1262 Euripidis
973 1224 1102 1262 neque
1134 1211 1275 1251 comici
1307 1223 1393 1250 esso
1424 1213 1603 1262 possunt.
1666 1211 1744 1250 for-

172 1272 280 1310 tasse
311 1268 414 1324 γυνὴ
449 1271 456 1321 Ι
490 1269 585 1311 ὅταν
621 1269 904 1323 κατορύττηταί
930 1267 1016 1311 ποτ’
1053 1265 1228 1326 (tandem
1256 1265 1501 1325 αῖίςιιιαηάο),
1527 1268 1600 1322 οὐχ
1632 1269 1684 1310 ὅτ.
1709 1286 1743 1323 γ.

173 1329 243 1369 sed
274 1331 396 1370 etiam
428 1335 534 1385 γαμῇ
567 1331 734 1370 offendit
764 1330 917 1371 dictum
948 1342 1020 1382 pro
1051 1335 1234 1384 γαμῆται.

898 1446 1018 1493 1225

461 1551 756 1561 .....
817 1523 903 1561 νῦν
936 1515 985 1561 δὲ
1018 1519 1238 1574 σωθείην,
1270 1517 1344 1561 ἵνα

460 1585 694 1646 διδάγματ’
729 1583 758 1646 ᾗ
789 1606 865 1646 μοι
896 1596 1034 1633 ταῦτα
1066 1596 1148 1634 τοῦ
1179 1593 1339 1633 λοιποῦ
1370 1591 1549 1648 χρόνου.

294 1677 482 1717 Provorb.
521 1676 640 1717 Coisl.
673 1690 736 1727 ap.
776 1678 964 1718 Leutsch.
1002 1678 1235 1729 Diogenian.
1270 1680 1313 1730 6,
1347 1680 1403 1718 90
1441 1683 1517 1718 νῦν
1555 1678 1745 1730 σωθείην,

173 1732 227 1776 ἵν’
254 1729 280 1793 ᾖ
306 1751 375 1788 μοι
406 1736 440 1775 δ.
471 1741 593 1776 ταῦτα
618 1751 648 1776 τ.
673 1739 706 1777 λ.
732 1751 788 1789 χρ.
820 1735 928 1790 παρὰ
958 1735 1026 1776 τὸν
1057 1740 1194 1788 μῦθον
1225 1737 1375 1790 εἴρηται
1405 1743 1520 1778 τοῦτο
1551 1743 1621 1790 τῆς
1646 1753 1744 1790 μαν-

172 1796 382 1848 θανούσης
418 1795 590 1848 χελώνης
627 1795 819 1836 ιπτασθαι
849 1795 957 1849 παρὰ
987 1802 1058 1836 τοῦ
1090 1795 1206 1836 ἀετοῦ
1237 1795 1304 1836 καὶ
1333 1797 1543 1849 πεσούσης.
1606 1797 1745 1849 ὅμοιον

173 1858 225 1912 τῷ
256 1852 414 1910 ερεχθὲν
446 1853 490 1895 δέ
525 1869 565 1895 τε
600 1855 743 1908 νήπιος
774 1853 903 1928 ἕγνωῖ
965 1856 1109 1896 Suidas
1139 1862 1217 1896 νῦν
1248 1868 1303 1907 σ.,
1336 1854 1388 1896 ἵν’
1416 1850 1442 1914 ᾗ
1475 1873 1542 1909 μοι
1574 1858 1745 1911 δίδαγμα

173 1921 288 1956 τοῦτο
313 1930 344 1955 τ.
370 1917 403 1955 λ.
428 1930 499 1968 χρ.,
531 1915 699 1966 atquo“
678 1931 744 1955 ινα
771 1908 830 1973 Ιῇ
856 1931 926 1989 μοι
957 1916 1127 1969 δίδαγμα
1156 1922 1270 1957 τοῦτο
1291 1886 1432 1958 ’Cobet2
1483 1918 1628 1957 Mnom.
1654 1931 1744 1958 nov.

173 1976 209 2014 X
237 1978 334 2016 143.
386 1975 562 2027 σωθείην
594 1972 636 2015 δὲ
667 1980 765 2028 νῦν,
797 1932 852 2015 ιν’
886 1992 912 2033 η
946 1975 1117 2030 δίδαγμα
1147 1981 1266 2016 τοῦτο
1298 1977 1547 2029 Bernhaldy.
1602 1978 1672 2017 alii
1704 1979 1743 2017 in

173 2035 419 2076 choliambos
462 2035 716 2088 redegerunt.
781 2037 830 2076 cf.
868 2037 1112 2076 Lachmann.
1155 2036 1275 2076 Babr.
1318 2038 1382 2076 10.
1449 2050 1496 2076 ex
1541 2037 1745 2077 comoedia

174 2096 357 2136 derivata
387 2107 472 2135 esse
503 2097 639 2135 censet
670 2096 894 2136 Meinekius
926 2097 1091 2136 Theocr.
1123 2110 1160 2147 p.
1188 2097 1286 2137 457.

901 2201 1016 2244 1226

862 2271 890 2327 ἡ
922 2273 1127 2328 Μιλησία

459 2320 732 2402 σμάραγδος,
764 2342 994 2400 ἐμπόλημα
1024 2342 1313 2400 τίμηέστατον

293 2430 475 2471 Clemens
506 2432 620 2471 Alex.
651 2431 1045 2482 Paed.2,12,118
1078 2429 1298 2483 ἄμέθυστοι
1329 2430 1395 2471 καὶ
1426 2434 1653 2483 κεραυνῖται
1678 2430 1743 2471 καὶ

173 2489 350 2538 ι’άσπιδες
380 2489 447 2530 καὶ
476 2490 661 2539 τοπάζιον
692 2490 718 2542 ἥ
750 2505 789 2530 τε
820 2490 1004 2542 Μιλησία
1035 2491 1274 2544 σμάραγδος,
1306 2490 1511 2543 ἕμπόλημα
1540 2489 1742 2543 τιμηέστα-

172 2563 252 2590 τον.
313 2548 621 2602 τιμαλφέστατον
658 2551 726 2591 vel
764 2550 995 2602 τιμιώτατον
1027 2551 1199 2590 Lobeck.
1231 2551 1375 2591 Philol.
1401 2551 1438 2589 V
1465 2553 1562 2591 244.
1624 2549 1742 2603 τιμιέ-

173 2620 313 2649 στατον
338 2610 493 2650 Nauck.
519 2610 584 2650 Tr.
610 2624 668 2663 gr.
695 2611 746 2650 fr.
772 2611 906 2662 adosp.
933 2612 1001 2650 82.
1023 2611 1244 2662 —tragici
1270 2623 1322 2650 an
1347 2611 1487 2651 comici
1513 2611 1594 2650 sint
1619 2612 1743 2650 verba

173 2669 370 2709 incertum
400 2669 632 2722 relinquunt
663 2670 887 2710 Meinekius
920 2672 961 2709 et
991 2670 1209 2721 Nauckius‚
1248 2671 1445 2721 satyricae
1478 2670 1639 2710 fabulae
1671 2671 1741 2710 ad-

173 2729 309 2779 signat
340 2729 477 2769 Cobet.
525 2730 574 2769 N.
600 2731 626 2769 1.
658 2732 728 2770 48.

902 2797 1014 2840 1227

458 2866 531 2911 καὶ
562 2869 644 2924 τὴν
674 2870 1013 2924 καταιγίζουσαν
1046 2867 1094 2911 ἐκ
1125 2866 1267 2923 μέθης
1298 2868 1432 2923 ζάλην

459 2939 572 2997 ῥᾷον
603 2939 833 2997 φέρουσιν.

1385 3010 1456 3046 39*
