2014 3334
246 229 330 271 140
629 281 632 286 .
881 230 1179 264 MENANAPOT

243 341 443 380 Waohsm.
474 339 547 391 τὴν
578 344 687 379 θεῶν
709 340 842 379 Bentl.
907 343 974 379 11.
999 338 1115 388 ἄλλος
1140 338 1266 388 ἄλλως
1285 342 1361 381 FP.
1394 338 1560 393 ὀνόμασι
1578 342 1654 381 FP.
1688 342 1811 395 χαίρει

243 396 310 451 ΡΞ]
343 400 489 451 χαίρειν
521 395 616 438 FP1.

360 458 455 510 τύχη
486 457 533 497 τὰ
564 462 726 509 θνητῶν
757 455 968 511 πράγματ’,
999 457 1073 499 οὐκ
1105 458 1293 511 εὐβουλία
1319 459 1523 500 Chaerem.
1546 463 1582 500 2.
1608 462 1656 500 ef.
1677 461 1811 512 adesp.

246 521 326 558 147
361 521 402 557 et.
432 519 570 557 incerb.
603 519 739 557 comio.
773 520 827 558 35
862 514 957 572 (48)
989 519 1105 558 Ribb.
1136 520 1303 567 felicitas
1342 523 1396 559 est
1431 521 1548 568 quam
1581 523 1718 560 vocant
1746 533 1810 560 sa-

236 579 425 626 pientiam
451 573 575 629 (cont.
595 578 648 618 M.
669 573 838 631 Haupt).
867 599 920 604 —
951 580 988 617 1.
1008 578 1144 628 Eurip.
1165 579 1213 617 fr.
1237 580 1289 617 22
1310 577 1456 630 1³1.va
1489 573 1526 618 δ’
1562 577 1811 632 εὐγένειαν..

241 636 295 688 μή
327 651 394 687 μοι
424 635 519 689 λέγε.
594 639 631 677 7.
663 650 710 676 ex
742 637 910 676 solemni
940 638 1219 688 precationum
1249 638 1432 677 formula.
1463 639 1560 678 Xen.
1594 639 1808 689 Hipparch.

243 697 329 736 init.
373 695 528 736 θύοντα
568 695 638 748 χρὴ
680 696 874 735 αἰτεῖσθαι
917 695 1040 744 θεοὺς
1079 701 1200 735 ταῦτα
1237 696 1391 736 διδόναι
1432 695 1516 736 καὶ
1558 701 1691 737 νοεῖν
1733 696 1812 738 καὶ

241 754 396 808 λέγειν
431 755 510 795 καὶ
546 755 789 807 πράττειν,
827 752 899 806 ἀφ’
941 757 998 795 ὡν
1027 759 1140 803 θεοῖς
1170 755 1526 808 κεχαρισμενωτατα
1562 754 1717 808 ἅρξειας
1747 755 1810 797 ἄν.

241 816 289 854 cf.
310 815 438 855 Anab.
459 817 497 866 5,
520 818 557 867 6,
581 818 633 855 28
659 813 796 867 (Mein.
819 811 874 869 1).
938 817 975 855 8.
1009 814 1249 866 [Demosth]
1285 818 1352 866 59,
1384 817 1439 856 43
1472 810 1524 867 ἦν
1556 816 1809 868 συκοφάντης

241 879 319 913 τῶν
350 904 359 913 .
392 904 402 914 .
433 904 443 914 .
475 873 802 928 ἐπιγραφομένων
847 878 928 922 ταῖς
969 873 1186 927 ἀλλοτρίαις
1226 874 1412 928 γνώμαις.
1474 876 1524 914 cf.
1555 875 1740 915 Aeschin.
1774 879 1811 925 1,

245 935 341 973 188.
376 956 426 962 --
463 937 641 974 ceterum
672 936 721 973 cf.
743 933 993 974 Studemund
1013 934 1294 974 Wochensehr.
1318 935 1344 973 f.
1364 935 1484 974 klass.
1504 934 1649 975 Philol.
1684 936 1810 990 1886,

244 996 311 1032 21.
344 995 381 1032 2.

979 1086 1068 1130 484

453 1169 505 1210 τὰ
538 1167 707 1225 δεύτερ’
744 1168 811 1212 ἀεὶ
842 1170 923 1226 τὴν
953 1177 1145 1225 γυναῖκα
1177 1170 1248 1212 δεῖ
1276 1169 1436 1224 λέγειν,

452 1240 534 1294 τὴν
566 1236 606 1282 δ’
640 1239 883 1296 ἡγεμονίαν
914 1248 1003 1284 τῶν
1036 1241 1154 1284 ὅλων
1185 1242 1264 1283 τὸν
1297 1239 1424 1296 ἄνδρ’
1461 1243 1588 1296 ἔχειν.

454 1308 574 1361 οἶκος
607 1309 648 1354 δ’
686 1311 734 1355 ἐν
765 1306 800 1370 ᾧ
832 1313 886 1354 τὰ
915 1313 1058 1355 πάντα
1090 1312 1304 1369 πρωτεύει
1336 1313 1465 1367 γυνή,

454 1382 536 1424 οὐκ
567 1383 688 1426 ἔστιν
720 1383 840 1434 ὅστις
870 1381 1036 1426 πώποτ’
1075 1383 1155 1426 οὐκ
1187 1383 1395 1426 ἀπώλετο.

358 1469 553 1508 Stobaeus
585 1470 723 1509 Floril.
760 1473 826 1522 74,
853 1471 877 1509 5
923 1470 1172 1522 Μενάνδρου
1193 1466 1517 1542 ρ,Υποβολιμαίου
1547 1470 1596 1508 Α.
1661 1473 1696 1508 1.
1747 1467 1808 1509 ἀεὶ

239 1527 375 1578 Mein]
410 1526 495 1567 αἰεὶ.
579 1532 616 1568 3.
653 1530 708 1568 sic
739 1502 872 1569 Ben’tl.
904 1529 1008 1569 οἰκία
1040 1526 1076 1568 δ’
1112 1528 1154 1568 ἐν
1185 1528 1211 1585 ᾑ
1242 1528 1433 1581 πρωτεύει
1462 1528 1591 1568 πάντα
1620 1529 1704 1568 ΑΒ.
1768 1533 1806 1568 4.

242 1587 345 1635 ὅστις
377 1586 525 1639 Bona]
558 1587 654 1639 ἥτις.
688 1610 743 1616 -
777 1592 815 1629 1.
846 1587 894 1629 τὰ
925 1589 1087 1642 δεύτερα
1118 1587 1243 1642 λέγειν
1273 1591 1321 1628 1113
1353 1590 1552 1639 223,17.

976 1727 1065 1771 485

912 1816 1060 1867 ,τοῦτο
1092 1813 1232 1866 μόνον
1265 1810 1488 1854 ἐπισκοτεῖ

454 1881 527 1924 καὶ
560 1883 794 1939 δυσγενείᾳ
825 1881 898 1925 καὶ
930 1884 1098 1938 τρόπου
1128 1884 1320 1940 πονηρίᾳ

454 1952 527 1995 καὶ
558 1960 694 1996 πᾶσιν
726 1948 793 2003 οἷς
824 1955 1006 2009 ἔσχηκεν
1038 1954 1279 2010 ἄνθρωπος
1309 1961 1474 2008 κακοῖς,

454 2026 502 2067 τὸ
535 2026 676 2067 πολλὰ
705 2029 964 2080 κεκτῆσθαι·
995 2026 1048 2067 τὰ
1080 2023 1120 2067 δ’
1157 2023 1252 2067 ἄλλ’
1289 2024 1520 2080 ἐλέγχεται.

360 2123 555 2162 Stobaeus
588 2124 825 2175 Florilf91,
860 2126 883 2163 9
928 2123 1175 2175 Μενάνδρου
1201 2120 1498 2179 ’Τποβολιμαίῳ
1530 2124 1578 2162 Α.
1641 2125 1679 2162 2.
1711 2123 1806 2162 δυσ-

239 2182 370 2236 γενείᾳ
402 2203 456 2209 --
489 2183 661 2237 πονηρίᾳ
692 2182 840 2233 Βο11151.]
875 2181 1104 2235 δυσγένειαν
1133 2205 1183 2208 --
1215 2183 1423 2234 πονηρίαν.
1486 2179 1609 2222 ‘solae
1641 2183 1806 2222 divitiae

241 2244 336 2280 sunt
366 2254 466 2292 quae
500 2243 705 2280 hominum
735 2242 838 2281 vitia
867 2239 1043 2294 tegant'.
1086 2238 1261 2290 ‘alioqui'
1294 2255 1341 2281 ea
1371 2242 1471 2282 vitia
1502 2237 1807 2291 ενεάανριινκηιῒκν

241 2304 276 2339 et
305 2297 555 2350 deteqwntur’.
618 2301 750 2340 Bentl.

984 2418 1071 2460 486

455 2501 510 2542 οὐ
541 2502 704 2551 παντὸς
736 2500 911 2555 ἀγαθοῦ
943 2501 1024 2555 τὴν
1054 2501 1271 2555 πρόνοιαν
1302 2502 1448 2557 αἰτίαν

454 2573 620 2628 κρίνων
651 2571 706 2614 ἂν
738 2572 886 2628 ὀρθῶς
917 2571 1159 2626 ὑπολαβεῖν
1192 2573 1258 2621 τίς
1289 2588 1364 2627 μοι
1397 2573 1531 2625 δοκεῖ,

455 2641 549 2685 ἀλλ’
586 2645 678 2686 εστι
710 2642 782 2686 καὶ
812 2643 1088 2699 ταύτόματον
1119 2644 1215 2685 ἔνια
1246 2644 1474 2699 χρήσιμον.

361 2729 556 2768 Stobaeus
588 2724 878 2783 Εο1.1,6(5),
914 2731 966 2768 lO
998 2729 1199 2768 Wachsm.
1232 2729 1479 2781 Μενάνδρου
1505 2725 1803 2785 “Τποβολιμαι’ῳ

242 2783 582 2838 (1111)1·.511ρο1801’.
609 2786 770 2840 τοξενω)
803 2790 846 2828 F.
912 2792 947 2827 1.
979 2787 1045 2837 οὐ]
1071 2803 1096 2827 υ
1124 2789 1155 2826 F
1187 2784 1227 2839 (ο
1253 2802 1324 2838 pro
1350 2783 1598 2842 1111)1·.0111..)
1631 2786 1652 2828 ὅ
1686 2790 1801 2828 Mein.

244 2849 280 2884 2.
313 2861 363 2884 αν
395 2845 469 2886 οὐκ
500 2845 633 2898 ὀρθῶς
663 2847 879 2899 ὑπολαβεῖν
910 2863 977 2899 μοι
1000 2848 1119 2886 Mein.
1182 2850 1219 2886 3.
1252 2846 1338 2887 ἔνια
1363 2849 1409 2898 F,
1441 2847 1526 2887 ε’νια
1557 2861 1654 2888 corr.
1680 2846 1802 2888 ἐνίοτε

242 2905 284 2943 Ρ.
328 2904 447 2952 ἐνίοις
477 2907 595 2946 Mein.
626 2906 728 2946 ε’νθα
759 2908 922 2947 Usener.
961 2907 1031 2947 sed
1061 2907 1109 2947 cf.
1137 2909 1233 2945 421.
