2014 3334
548 276 964 313 ΔΜΦῙΣΒΗΤΗΣῙΜΑ
988 276 1071 312 ΚΑΙ
1097 275 1421 311 ΠΑΡΕΓΡΡΑΦΔ
1684 272 1770 316 627

928 385 1043 430 1313

481 468 692 512 κνάπτειν
723 468 887 512 κελεύω
918 472 1137 524 γλῶσσαν.

315 554 542 607 Hesychius
575 553 753 608 συνέχειν
779 553 887 615 ἐντὸς
912 561 990 596 τῶν
1016 552 1192 596 ὀδόντων
1217 554 1363 596 κελεύω
1388 553 1461 607 τὴν
1485 558 1671 610 γλῶτταν.
1719 550 1771 596 ‘si

197 615 355 665 comici,
398 616 570 668 γλῶτταν
614 616 878 656 scribendum.
929 618 973 656 at
1015 616 1196 667 suspicor
1238 615 1404 668 satyrici
1446 615 1640 656 dramatis
1685 627 1770 656 esse

195 670 496 726 fragmentum?
527 675 645 715 Mein.
702 676 777 716 hoc
814 678 978 726 propter
1015 676 1233 716 articulum
1267 676 1460 716 omissum
1491 676 1637 727 probat
1667 674 1770 715 Her-

197 734 316 775 werd.
347 733 440 775 Obs.
473 735 562 774 crit.
591 737 686 776 115.
722 737 818 775 116.
867 735 1022 776 Nauck.
1055 736 1121 775 Tr.
1146 749 1205 788 gr.
1230 735 1279 776 fr.
1305 735 1437 787 adesp.
1467 737 1562 776 180.
1619 735 1689 775 sed
1720 735 1771 775 cf.

195 795 331 846 adesp.
366 796 432 835 10.
1596 828 1599 831 ,

926 864 1042 907 1314

479 944 636 1003 τέχνης
666 947 752 1004 γὰρ
784 945 866 1003 οὐχ
896 946 1097 1005 ἥμαρτες.

314 1032 543 1085 Hesychius
586 1031 717 1086 τέχνη·
754 1032 968 1086 ἐπιστήμη,
1004 1030 1032 1086 ἢ
1071 1032 1186 1082 δόλος
1222 1036 1301 1074 κτλ.
1355 1034 1408 1074 Μ.
1441 1033 1685 1074 Schmidtius
1722 1036 1769 1074 ut

194 1092 316 1132 aliam
347 1093 523 1145 glossam
557 1093 608 1133 ab
641 1093 699 1132 eis
725 1106 827 1145 quae
863 1093 1107 1145 praecedunt
1139 1093 1354 1145 separavit.
1413 1094 1659 1145 tragicorum
1690 1094 1767 1132 fra-

194 1153 368 1204 gmentis
399 1147 555 1207 (adesp.
584 1147 689 1207 211)
722 1153 894 1193 inseruit
924 1153 1143 1193 Nauckius.

924 1270 947 1313 1
953 1269 978 1311 3
986 1270 1007 1312 1
1013 1269 1040 1312 5

907 1338 1160 1396 τηλυγέτων
1191 1339 1408 1384 ἀποικιῶν

312 1426 538 1478 Hesychius
578 1431 658 1466 τῶν
700 1425 857 1480 μακρὰν
893 1424 1136 1479 ἀπεχουσῶν.
1199 1428 1370 1467 fortasse
1408 1428 1584 1468 comicus
1621 1427 1768 1479 aliquis

192 1498 311 1526 usum
335 1486 573 1526 Homericae
604 1486 713 1527 vocis
743 1486 966 1539 τηλύγετος,
996 1486 1146 1526 Atticis
1177 1487 1352 1539 ignotae,
1382 1488 1489 1540 apud
1515 1487 1652 1539 Eurip.
1679 1488 1767 1539 Iph.

194 1545 239 1586 Τ.
266 1537 351 1586 829
385 1546 451 1586 vel
481 1546 630 1585 inridet
662 1547 726 1587 vel
757 1547 951 1586 imitatur.

926 1662 1039 1706 1316

822 1746 906 1802 τὴν
937 1745 1048 1802 ἐμὴν
1078 1745 1263 1802 κάμνειν
1294 1747 1435 1790 νόσον

311 1833 481 1873 Photius
525 1835 566 1873 et
610 1832 755 1872 Suidas
805 1832 996 1884 παροιμία
1041 1830 1095 1879 ὡς
1131 1829 1157 1883 ’ἡ
1194 1831 1374 1884 τοιαύτη·
1417 1831 1560 1873 ταύτὸν
1603 1830 1766 1884 ἕλκομεν

193 1891 312 1945 ζυγόν
332 1887 472 1946 (524).
503 1891 665 1944 κάμνεις
681 1891 818 1932 Cobet.
833 1893 978 1931 Mnem.
986 1891 1064 1931 VII
1079 1893 1178 1932 480.
1215 1893 1252 1931 N
1255 1892 1433 1945 auckius,
1447 1893 1516 1944 qui
1535 1893 1765 1944 tragoediae

193 1951 372 1992 vindicat
402 1948 557 2005 (adesp.
584 1948 705 2006 267),
735 1950 886 2003 κάμνει.
937 1953 981 1992 at
1005 1951 1094 2004 quis
1121 1951 1290 2003 spondet
1314 1965 1394 1992 non
1418 1952 1542 1993 fuisse
1569 1953 1765 2004 scriptum

193 2009 326 2060 ἔοικας
355 2025 386 2052 τ.
411 2010 470 2064 έμ.
501 2011 667 2065 κάμνειν
698 2012 761 2052 v.‘?

923 2092 1035 2135 1317

976 2165 1177 2222 γλυκερῷ
1207 2162 1417 2221 Σιδωνίῳ

310 2249 537 2301 Hesychius
577 2249 707 2302 δρᾶμα
744 2246 787 2289 δέ
821 2247 944 2299 ἐστιν,
983 2247 1026 2288 ἐν
1058 2241 1090 2305 ᾧ
1120 2254 1189 2301 τῆς
1219 2247 1398 2301 θυμέλης
1429 2245 1594 2303 (parodi
1623 2245 1761 2305 Mein.)

192 2306 346 2362 ἄρχεται
372 2308 499 2358 οὕτως
525 2306 744 2350 εΣιδώνιον
768 2306 865 2348 ἄστυ
885 2307 1062 2356 λιπόντες
1079 2323 1147 2349 και
1166 2307 1360 2361 δροσερὰν
1380 2306 1583 2361 Ἄραδον)
1630 2310 1762 2363 διαβε-

192 2368 314 2421 βόητο
346 2366 388 2409 δὲ
418 2367 462 2410 τὸ
493 2367 609 2421 μέλος
639 2373 766 2410 τοῦτο.
815 2370 871 2409 sic
903 2382 950 2408 ex
982 2369 1135 2408 emend.
1161 2368 1334 2409 Schowii
1359 2371 1400 2408 et
1426 2369 1600 2422 Bergkii.
1649 2367 1764 2422 μέλος

192 2426 337 2480 Mein]
388 2427 516 2482 μέρος.
589 2428 807 2480 Phrynichi
857 2428 1001 2479 tragici
1047 2428 1269 2468 clarissima
1312 2428 1556 2468 canticorum
1601 2429 1765 2470 exordia

192 2488 359 2528 fuerunt-
395 2483 470 2542 (fr.
498 2491 564 2529 10.
594 2491 643 2528 11
671 2485 747 2541 N.)
791 2487 994 2528 Σιδώνιον
1037 2484 1135 2527 ἄστυ
1178 2486 1355 2536 λιπόντες
1398 2484 1594 2542 (λιποῦσα
1632 2489 1761 2530 Schol.

194 2547 318 2587 Arist.
351 2547 472 2599 Vosp.
512 2543 618 2603 220)
661 2546 728 2587 καὶ
771 2546 964 2600 δροσερὰν
1002 2543 1178 2599 ’Ἄραδον
1222 2549 1263 2586 et
1302 2547 1485 2596 Σιδῶνος
1520 2547 1764 2600 προλιπόντα

193 2605 306 2647 ναόν.
366 2607 511 2647 horum
554 2608 729 2648 alterum
760 2621 785 2647 a
815 2608 964 2648 comico
1006 2605 1197 2660 γλυκερὸν
1238 2606 1442 2647 Σιδώνιον
1485 2603 1650 2662 (μέλος)
1691 2609 1764 2648 ad-

192 2666 348 2717 pellari·
368 2667 514 2707 statuit
543 2667 779 2708 Meinekius.
833 2667 940 2718 quod
971 2667 1005 2706 si
1037 2679 1177 2707 verum
1209 2669 1282 2718 est,
1313 2667 1503 2719 antiquae
1534 2668 1762 2708 comoediae

192 2725 355 2767 videtur
384 2726 655 2767 tribuendum.

921 2806 1034 2850 1318

478 2878 575 2921 δεῖν
604 2878 707 2921 τόδε
736 2876 951 2933 γενέσθαι

312 2964 578 3017 EtymologiC.
606 2979 658 3005 m.
691 2967 794 3017 262,
829 2967 881 3005 13
927 2963 1056 3015 ὥσπερ
1099 2961 1178 3003 ἀπὸ
1219 2968 1288 3003 τοῦ
1325 2960 1448 3025 πλέον·
1480 2962 1629 3016 γίνεται
1663 2963 1761 3004 κατὰ

1403 3030 1477 3067 40*
