2014 3334
517 238 674 274 ‘mmm
724 238 1110 275 τΠοΒοΛῙΜΑιοΣ
1135 240 1171 274 Η
1195 240 1444 277 ΑΡΡοῙΚοΣ
1686 224 1780 293 ff37

194 348 368 404 βάτοηλος
398 348 420 391 ὅ
450 347 668 399 ἀπόκοπος,
729 348 924 403 μέμνηται
955 350 1078 405 αὐτῆς
1110 349 1355 405 Μένανδρος
1386 352 1432 394 ἐν
1461 350 1644 407 ’Τμνιάδι
1671 350 1781 411 (sic).

194 410 423 463 Hesychius
460 410 634 464 βάκηλος
670 408 691 451 ὁ
717 409 838 464 μέγας
868 408 896 464 ἢ
927 408 1118 464 ἀνόητος,
1149 409 1176 465 ἢ
1202 410 1223 454 ὁ
1249 411 1476 466 ἀπόκοπος,
1509 412 1530 455 ὁ
1556 412 1625 455 ὑπ’
1660 414 1781 457 ἐνίων

194 469 348 525 quinos.
410 470 454 512 οἱ
487 468 529 511 δὲ
570 469 832 525 ἀνδρόγυνος.
894 468 1004 511 ἄλλοι
1047 470 1303 526 παρειμένος,
1345 474 1613 528 γυναικώδης.
1673 475 1782 529 παρὰ

194 530 428 589 Μενάνδρῳ
454 527 637 583 “Yavneh
699 532 748 571 cf.
780 532 938 571 Alexid.
975 534 1070 572 100.
1121 533 1341 584 Antiphan.
1378 536 1482 586 113,
1517 537 1554 576 2.
1617 536 1782 577 Lucian.

197 590 380 631 Eunuch.
413 593 438 632 8
484 589 526 632 τὸ
563 596 634 632 τοῦ
667 590 862 644 εὐνούχου
900 590 968 631 καὶ
1003 597 1083 632 τῶν
1113 592 1302 646 βακήλων
1340 597 1470 646 χεῖρον
1506 590 1626 635 εἶναι·
1670 596 1782 645 τοὺς

195 648 282 703 μέν
311 649 399 706 γὰρ
431 649 520 692 κᾶν
550 652 879 705 πεπειρᾶσθαί
906 666 1018 692 ποτε
1051 651 1300 705 ἀνδρείας,
1339 659 1481 695 τοῦτον
1514 653 1556 695 δὲ
1587 654 1626 704 ἐξ
1659 654 1782 710 ἀρχῆς

197 709 324 759 εὐθὺς
355 710 641 763 ἀποκεκόφθαι
671 710 738 752 καὶ
768 710 996 765 ἀμφίβολόν
1028 727 1063 752 τι
1095 714 1197 769 ζῷον
1229 709 1341 753 εἶναι.

950 830 1037 873 478

485 891 738 946 κιγκλισμός

315 974 560 1029 Μένανδρος
591 975 634 1016 ἐν
658 973 799 1033 Ὑμίδῃ
833 974 1039 1030 (Tam-(51.)
1073 975 1198 1030 φησὶν
1229 976 1318 1018 ἀντὶ
1348 983 1420 1018 τοῦ
1451 979 1631 1032 τάραχος.
1681 981 1782 1032 Ety-

195 1037 290 1076 mol.
321 1036 424 1077 Gud.
457 1039 556 1088 321,
589 1039 658 1077 28.
720 1038 897 1078 Zonaras
932 1040 1044 1078 1209
1089 1036 1316 1092 κιγκλισμὸς
1359 1037 1447 1079 ἀντὶ
1489 1044 1562 1080 τοῦ
1603 1039 1782 1094 τάραχος.

197 1094 302 1136 οὕτω
321 1094 578 1150 Μένανδρος.
633 1098 805 1138 Bekker.
826 1097 975 1138 Anecd.
1000 1099 1112 1138 1215
1134 1100 1176 1138 οὺ
1199 1100 1310 1140 1459
1342 1101 1426 1139 not.
1445 1113 1494 1139 ex
1511 1100 1597 1140 cod.
1616 1101 1782 1142 Barocc.

199 1157 268 1206 50,
299 1156 475 1197 Cramer.
498 1158 644 1197 Anecd.
665 1157 737 1198 Ox.
756 1158 797 1197 H
827 1159 927 1207 454,
948 1161 1002 1198 22
1035 1157 1103 1198 καὶ
1128 1156 1374 1211 Μένανδρος
1406 1154 1470 1214 (ἐν
1489 1156 1660 1212 ”Υμνιδι
1692 1161 1781 1201 add.

195 1217 324 1257 Bekk.
358 1219 491 1267 1459,
524 1216 567 1257 ἐν
591 1213 752 1270 εΥμνίδι
784 1213 936 1272 Uram.)
967 1217 1195 1272 κιγκλισμός
1225 1230 1351 1271 φησιν
1383 1218 1471 1259 ἀντὶ
1501 1225 1572 1260 τοῦ
1603 1220 1781 1274 τάραχος.

928 1346 1037 1392 >479

484 1417 688 1476 παρυφές

317 1505 543 1558 Hesychius
586 1506 783 1559 παρυφίς·
827 1504 1073 1560 Μένανδρος
1110 1506 1153 1547 ἐν
1178 1504 1349 1559 Ὑμνίδι.
1412 1509 1559 1548 Pollux
1592 1511 1627 1558 7,
1662 1511 1717 1550 46
1754 1507 1780 1561 ἡ

197 1567 388 1618 παρυφίς.
439 1568 482 1606 at
511 1567 663 1606 rectius
683 1567 826 1606 Pollux
857 1567 943 1619 ipse
966 1570 1003 1617 7,
1025 1569 1079 1608 53
1108 1570 1149 1608 et
1172 1568 1344 1608 Photius
1379 1571 1479 1620 388,
1514 1571 1566 1609 13
1599 1568 1783 1622 παρυφές

199 1622 436 1682 (πάρυφες).
498 1628 547 1668 cf.
578 1627 787 1678 Aristoph.
818 1628 868 1668 fr.
902 1630 1001 1679 320,
1036 1631 1073 1669 7.

948 1756 1038 1801 480

483 1817 673 1860 πόσθων

317 1902 339 1945 ὃ
363 1903 639 1956 παιδαριώδης
657 1902 724 1944 καὶ
743 1902 963 1959 ἀνάγωγος.
1014 1902 1257 1957 Μένανδρος
1277 1904 1320 1946 ἐν
1339 1902 1510 1958 Ὑμνίδι.
1537 1907 1780 1947 Bachmann.

198 1965 348 2005 Anecd.
380 1965 400 2004 I
434 1967 532 2018 357,
565 1967 603 2004 8.
660 1965 832 2005 Photius
869 1964 1057 2006 πόσθων·
1096 1965 1217 2018 δηλοῖ
1247 1963 1290 2005 δὲ
1321 1965 1388 2006 καὶ
1424 1965 1492 2006 τὸν
1529 1966 1781 2020 παιδαριώδη

197 2023 264 2066 καὶ
294 2022 456 2078 ἄφρονα
488 2023 587 2064 κατὰ
618 2025 860 2078 μεταφοράν.
923 2026 1152 2079 Hesychius
1190 2025 1409 2075 πόσθωνας
1439 2057 1450 2067 .
1483 2058 1491 2066 .
1523 2056 1534 2067 .
1566 2026 1659 2075 τοὺς
1689 2030 1780 2067 παῖ-

198 2086 271 2134 δας
306 2115 318 2126 .
349 2115 359 2125 .
391 2115 401 2126 .
439 2083 551 2125 ἄλλοι
587 2084 747 2139 μωροὺς
777 2083 805 2138 ἢ
841 2085 1136 2140 παιδαριώδεις.
1198 2087 1306 2126 idem
1343 2086 1587 2140 σμόρδωνες·
1630 2085 1780 2128 ὑποκο-

199 2151 380 2200 ριστικῶς
410 2143 488 2186 ἀπὸ
519 2150 598 2186 τῶν
629 2145 795 2200 μορίων,
827 2143 880 2194 ὡς
911 2145 968 2186 πό
980 2150 1178 2195 σθωνες.
1235 2148 1284 2187 cf.
1317 2147 1441 2187 Arist.
1473 2148 1565 2187 Pac.
1594 2149 1722 2188 1300.

632 2249 1019 2309 ΤΠοΒοΑΙΜᾸΙοΣ
1044 2276 1081 2309 H
1107 2275 1356 2310 AFPOIKOZ

320 2351 498 2390 Fabulas
530 2351 787 2403 cognomines
814 2352 1063 2402 scripserunt
1082 2351 1273 2391 Cratinus
1299 2352 1441 2404 minor,
1473 2348 1626 2403 Alexis,
1652 2352 1783 2391 Phile-

202 2423 306 2460 mon,
339 2411 543 2451 Eudoxus.
593 2411 642 2451 de
673 2414 868 2463 quattuor
899 2406 983 2466 (vel
1015 2407 1193 2466 duabus)
1226 2411 1391 2451 Caecilii
1424 2411 1544 2451 Statii
1569 2413 1781 2460 Hypoboli-

201 2473 325 2511 maeis
355 2471 404 2510 cf.
437 2469 481 2510 Ο.
502 2471 694 2511 Ribbeck.
715 2471 824 2511 Com.
844 2472 890 2510 R.
910 2467 976 2512 fr.2
1009 2473 1063 2512 47
1081 2485 1138 2523 sq.
1188 2472 1355 2522 Agroik.
1391 2474 1458 2511 10.
1494 2474 1546 2510 12
1563 2484 1620 2522 sq.
1661 2474 1781 2523 atque

201 2532 439 2571 Basti-ariae
475 2531 638 2581 quidem
675 2545 895 2583 cognomen
928 2532 1078 2584 optime
1114 2532 1300 2572 convenit
1331 2544 1423 2571 cum
1459 2533 1586 2570 altero
1621 2532 1783 2570 Menan-

200 2591 319 2631 dreae
339 2591 566 2630 comoediae
585 2591 720 2631 titulo.
770 2591 901 2632 Varro
922 2593 966 2631 R.
987 2606 1019 2631 r.
1041 2594 1079 2641 2,
1110 2594 1177 2642 11,
1211 2594 1263 2631 11
1297 2595 1485 2631 vocantur
1514 2590 1723 2642 διφθερίαι
1741 2620 1751 2631 .
1771 2620 1781 2630 .

199 2653 243 2691 im
273 2652 477 2691 comoediis
507 2653 574 2700 qai
597 2653 640 2691 in
670 2654 851 2692 rustico
883 2664 1018 2702 opere
1047 2655 1263 2700 morantur,
1295 2654 1339 2690 ut
1369 2652 1477 2700 apud
1497 2650 1709 2690 Caecilium
1739 2653 1783 2690 in

203 2711 507 2761 Hypobolimaeo
543 2712 656 2751 habet
690 2713 926 2752 adulescens.
987 2725 1033 2751 ac
1064 2712 1148 2751 sine
1186 2711 1307 2750 dubio
1345 2711 1452 2750 filius
1485 2711 1657 2762 agrestis
1689 2724 1781 2750 cum

203 2773 336 2811 rastro
367 2770 647 2811 inducebassur.
698 2771 778 2812 Cic.
810 2772 889 2812 Pro
921 2772 1036 2811 Rosc.
1065 2772 1154 2810 Am.
1189 2773 1256 2821 16,
1290 2772 1344 2810 46
1379 2772 1512 2819 ecquid
1535 2771 1686 2809 videtur
1712 2801 1749 2809 ..

204 2843 318 2871 senex
348 2831 414 2870 ille
434 2829 684 2871 Caecilianus
712 2834 876 2872 minoris
906 2834 1036 2881 facere
1054 2831 1276 2879 Eutychum
1299 2832 1428 2878 silium
1451 2832 1639 2869 rusticum
1665 2843 1782 2879 quam

205 2891 316 2930 illum
347 2892 513 2930 alterum
545 2890 887 2932 Chaerestratum?
924 2920 935 2931 .
968 2922 975 2930 .
1010 2923 1017 2931 .
1057 2891 1223 2930 alterum
1259 2892 1302 2928 in
1338 2891 1433 2929 urbo
1469 2902 1597 2929 secum
1627 2891 1783 2929 honoris

209 2962 330 2990 causa
360 2951 511 2995 habere,
543 2951 710 2990 alterum
738 2964 811 2991 rus
840 2952 1022 3001 supplicii
1053 2963 1174 2990 causa
1203 2950 1418 2999 releyasse?
1453 2962 1556 3001 quae
1588 2949 1637 2988 ad
1670 2950 1782 2988 Men-
