2014 3334
302 226 389 268 546
660 210 663 214 ¹
949 231 1211 264 ΑΔΕΣΠΟΤΑ

303 344 535 390 φοιτητῆς
578 339 752 390 μανίας
796 338 871 379 ἐπὶ
914 340 1132 391 δεῖπνον,
1175 340 1274 380 κατὰ
1315 340 1383 381 τὸν
1426 342 1611 394 κωμικόν.
1675 343 1868 398 φαρύγων

300 397 448 448 Klotz]
481 398 709 451 φαρύγγων.
769 405 958 451 φοιτητῆς
990 399 1197 452 Sylburg.]
1230 399 1429 453 φοιτητὴς.
1479 400 1542 441 ἐπὶ
1574 403 1737 442 δεῖπνον
1763 403 1866 455 Pal]

300 456 526 498 ἕπίδειπνον
554 459 602 498 R.
648 457 884 498 ἐπιδείπνων
909 460 1067 498 FMPV.
1124 473 1284 500 versum
1307 474 1394 500 esse
1420 463 1719 512 anapaesticum
1745 466 1868 503 tetra-

299 519 473 556 metrum
506 518 686 570 adparet,
717 519 787 558 sed
818 519 1016 570 quomodo
1049 521 1296 570 supplendus
1327 521 1380 560 sit
1409 534 1489 560 non
1520 524 1688 561 constat.

1045 635 1130 678 783

482 750 492 760 .
524 750 534 760 .
568 752 577 760 .
601 716 794 773 Ἑκάβην
825 717 1123 770 ὀτοτύζουσαν
1152 716 1226 760 καὶ
1256 721 1476 775 καόμενον
1505 720 1585 763 τὸν
1616 719 1815 778 άχυρμόν

416 804 653 844 Eustathius
682 806 815 855 1698,
842 807 894 844 32
935 803 1079 857 ἀχυρὸς
1119 803 1217 843 κατὰ
1247 805 1390 845 Αἴλιον
1421 806 1639 846 Διονύσιον
1671 804 1691 846 ὅ
1723 805 1866 859 ἄχυρο-

298 862 439 915 βολών.
502 862 629 916 ἕτερος
661 862 704 903 δέ
734 879 790 911 τις
821 862 887 903 καὶ
917 869 1056 916 χρῆσιν
1087 863 1142 911 εἰς
1173 863 1286 904 τοῦτό
1318 876 1442 916 φησιν
1473 868 1549 904 κτλ.
1585 887 1635 893 —-
1670 865 1866 918 καόμενον

296 921 364 962 τὸν
390 921 567 975 ἀχυρμόν
595 922 730 974 Mein]
757 923 969 974 καιόμενον
994 922 1061 962 τὸν
1087 921 1245 976 ἀχυρόν.
1295 925 1466 964 fortasse
1492 923 1667 977 ἐχάρην
1687 922 1867 978 Ἑκάβην

302 1004 351 1009 —
381 981 557 1035 ἀχυρμὸν
584 978 668 1037 (καὶ
698 983 885 1039 Τρῳάδας
910 980 1120 1035 ἑλκομένας
1149 979 1324 1037 ἐσιδών),
1356 998 1459 1035 quae
1485 988 1663 1024 extrema
1687 987 1865 1025 tantum-

298 1043 414 1082 modo
460 1044 632 1094 exempli
674 1056 796 1082 causa
838 1043 987 1082 addidi.
1054 1043 1103 1081 cf.
1141 1043 1266 1082 Arist.
1303 1044 1402 1083 Ran.
1441 1046 1566 1083 1028.
1629 1057 1720 1083 cum
1762 1046 1866 1085 Plat.

297 1115 395 1141 com.
428 1103 476 1142 fr.
506 1105 529 1142 6
563 1103 833 1155 coniungebat
870 1102 1110 1152 Meinekius,
1149 1103 1256 1153 quod
1291 1116 1546 1155 nequaquam
1583 1105 1864 1144 necessarium.

296 1160 470 1215 ἀχυρμός
499 1163 565 1202 hic
597 1163 676 1202 dici
706 1163 867 1202 videtur
898 1176 1032 1201 rerum
1062 1162 1332 1212 pretiosarum
1364 1176 1543 1204 acervus.

1042 1279 1128 1321 784

475 1394 654 1404 .....
689 1361 904 1413 εὔξασθαι
936 1362 1044 1404 κατὰ
1075 1363 1328 1417 χρυσόκερω
1361 1363 1610 1416 λιβανωτοῦ

415 1449 615 1488 Aristides
641 1449 660 1487 Ι
688 1451 770 1488 321
810 1449 946 1487 Dindf.
982 1449 1178 1499 ffi’orphyr.
1209 1441 1269 1486 De
1308 1449 1453 1487 abstin.
1487 1451 1532 1499 2,
1561 1452 1614 1488 15
1649 1444 1704 1503 (p.
1734 1452 1808 1501 90,
1836 1452 1860 1490 9

296 1503 470 1562 Nauck.)
503 1507 551 1548 οὐ
582 1507 656 1561 γὰρ
687 1505 738 1546 ἄν
769 1522 861 1547 ποτε
878 1539 887 1547 .
914 1539 922 1547 .
950 1539 959 1547 .
978 1513 1048 1547 τοῦ
1085 1508 1277 1547 Θετταλοῦ
1310 1506 1462 1547 ἐκείνου
1494 1507 1587 1555 τοὺς
1618 1507 1864 1561 χρυσόκερως

296 1567 395 1619 βοῦς
431 1566 499 1606 καὶ
529 1566 598 1615 τὰς
635 1566 851 1619 ἑκατόμβας
887 1569 940 1623 τῷ
976 1567 1125 1623 Πυθίῳ
1168 1566 1436 1619 προσάγοντος
1476 1570 1624 1618 μᾶλλον
1660 1566 1808 1619 ἔφησεν
1838 1565 1864 1619 ’ἡ

295 1627 439 1666 Πυθία
469 1625 537 1666 τὸν
568 1624 779 1679 Ἑρμιονέα
809 1627 1041 1680 κεχαρίσθαι
1066 1626 1249 1666 θύσαντα
1267 1631 1345 1665 τῶν
1364 1632 1556 1678 ψαιστῶν.
1590 1628 1639 1666 cf.
1658 1627 1864 1678 Aristoph-

295 1688 343 1725 sr.
379 1689 477 1727 913.

1042 1755 1128 1797 785

475 1870 738 1880 .......
770 1839 936 1894 χρόνου
967 1840 1137 1880 πολλοῦ
1167 1839 1330 1880 νόστον
1363 1839 1670 1894 προμαθόντες

416 1925 641 1977 Hesychius
691 1924 831 1964 νόστον
878 1923 1156 1977 προμαθόντες
1199 1926 1275 1963 κτλ.
1350 1925 1594 1974 anapaestici
1636 1925 1864 1965 tetrametri

295 1987 454 2035 partem
479 1986 741 2035 posteriorem
772 1997 857 2024 esse
890 1985 1036 2024 statuit
1068 1984 1302 2023 Meinekius.
1352 1987 1506 2023 νοστεῖν
1531 1984 1593 2023 bis
1619 1986 1729 2024 terve
1756 1985 1864 2035 apud

296 2045 618 2095 Aristophanem,
651 2045 775 2084 semel
805 2045 913 2095 apud
943 2045 1235 2083 Pherecratem.
1297 2042 1434 2090 νόστος
1465 2038 1636 2097 (Diphil.
1665 2046 1730 2095 13,
1759 2046 1782 2083 9
1816 2057 1863 2083 ex

294 2099 451 2157 Eurip.)
484 2105 524 2143 in
556 2117 676 2144 versu
706 2105 961 2155 anapaestico
992 2104 1094 2143 nihil
1123 2104 1246 2143 habet
1277 2103 1383 2154 quod
1414 2103 1599 2142 offendat.

1041 2219 1125 2262 786

580 2305 788 2353 Σικελίας
820 2338 827 2345 .
862 2337 869 2345 .
902 2303 1077 2358 αὔχημα
1108 2302 1322 2358 τροφαλίς

414 2387 479 2441 ἥδ’
510 2388 591 2429 ἐστί
625 2400 698 2430 σοι.
752 2390 984 2429 Athenaeus
1013 2390 1087 2440 14,
1118 2389 1247 2427 6582„
1296 2387 1353 2425 sic
1383 2388 1430 2425 ut
1456 2386 1686 2437 scripsimus
1711 2387 1747 2426 A
1775 2382 1858 2440 (ηδ’

296 2449 375 2489 ἐστι
406 2445 498 2503 σοι).
561 2451 610 2489 cf.
643 2450 861 2501 Antiphan.
889 2450 987 2502 236,
1013 2450 1051 2487 4.
1101 2447 1268 2486 Philem.
1297 2448 1363 2485 76.
1411 2490 1414 2492 ,

1040 2564 1123 2606 787
1185 2593 1191 2597 ·

667 2681 676 2690 .
710 2681 719 2690 .
753 2647 861 2705 ἀτὰρ
893 2647 940 2690 ἐκ
971 2650 1181 2703 καθαρῶν

581 2719 759 2776 ἀχύρων
790 2726 915 2761 σῖτον
945 2718 1223 2775 τετρύγηκας.

416 2794 688 2846 Diogenianus
719 2796 762 2843 3,
790 2795 843 2832 13
878 2791 941 2831 ἐπὶ
979 2797 1057 2831 τῶν
1086 2789 1257 2843 μηδενὸς
1288 2788 1448 2843 ἀγαθοῦ
1479 2787 1858 2843 μεταλαγχανόντων.

295 2852 532 2905 τετρύγηκας
563 2856 672 2892 σῖτον
703 2855 900 2903 transpos.
925 2852 1055 2902 Mein„
1087 2851 1156 2902 qui
1186 2864 1256 2889 our
1288 2850 1476 2900 antiquae
1507 2850 1605 2888 haec
1633 2850 1859 2889 comoediae

294 2913 549 2963 potissimum
586 2913 862 2962 adsignaverit
897 2925 978 2951 non
1013 2911 1163 2952 videa·
1202 2923 1294 2949 nam
1334 2922 1382 2948 ex
1418 2909 1603 2959 parabasi
1642 2911 1748 2948 certe
1779 2922 1860 2948 non
