2014 3334
825 262 1177 298 ΣΑΜΟΘΡΑῙΚΕΣ
1702 262 1758 305 37
1766 267 1786 303 1

207 387 303 414 casu
341 375 476 426 aliquo
517 375 666 415 amissa
701 389 737 416 v.
773 377 826 415 26
860 376 1005 416 leviter
1042 376 1269 415 inmutatus
1306 376 1482 415 insertus
1519 375 1611 415 fuit.
1673 378 1795 427 atque

207 435 331 474 etiam
363 435 406 474 in
430 449 468 476 v.
490 437 674 475 23—25
697 436 882 475 nonnihil
913 436 1124 476 turbatum
1150 438 1223 475 est.
1273 430 1399 487 ηὖξον
1418 434 1575 486 Dindf]
1607 436 1796 487 τινηυξον

206 494 256 534 Α.
300 491 402 543 τινὲς
432 489 558 547 ηὖξον
579 494 620 535 C.
670 491 872 547 ‘apertum
904 498 967 536 est
997 492 1072 535 τιν’
1108 509 1154 536 ex
1186 497 1364 547 praeced.
1399 509 1519 536 versu
1550 492 1794 546 inrepsisse'.

205 555 326 595 Mein.
390 558 456 595 21.
490 552 630 608 ’ἤρεσεν
652 555 694 595 O.
746 554 899 606 αὐτοῖς]
925 559 1026 604 τοῖς
1051 557 1170 596 Mein.
1237 558 1303 596 22.
1336 555 1541 609 προσάγοι)
1567 554 1634 595 καὶ
1660 555 1795 609 ἐπάγει

205 613 343 663 καινὸς
380 614 455 669 γὰρ
490 637 541 643 -
575 615 826 668 παλαίφατος
858 611 956 671 (27)
990 630 1066 656 om.
1101 618 1289 656 28—46
1313 615 1354 655 C.
1405 617 1448 655 in
1485 617 1617 656 altera
1654 629 1795 657 versus

204 676 322 726 parte
359 676 615 716 scribendum
654 681 733 716 τῶν
777 676 895 729 ἱερῶν
945 675 1129 729 ἐράνων
1167 674 1330 728 μόνων
1372 674 1419 716 τὰ
1450 690 1491 715 π.
1524 676 1637 728 διατ.,
1681 675 1795 729 ὅπερ

204 732 303 787 ἡμῖν
340 734 422 787 ἅμα
460 731 574 791 (nam
611 735 715 788 μόνα
759 750 806 776 ex
844 751 881 777 v.
919 750 1050 788 praec.
1089 730 1244 790 ortum)
1291 735 1340 776 ἐν
1385 735 1534 776 ἅπασιν
1566 740 1643 776 κτλ.
1727 739 1794 776 24.

205 793 370 849 γέγονεν
401 796 449 835 A.
532 799 599 837 27.
637 796 824 850 πάρεστιν
858 795 996 847 Mein]
1042 796 1117 850 γάρ
1162 795 1278 836 ἔστιν.
1358 798 1427 837 30.
1459 795 1615 849 ἐρίφιον
1653 796 1794 848 Dobr.]

205 853 380 909 ἀκριβῶς
418 855 574 909 ἐρίφιον
606 858 656 896 Α.
711 859 862 914 πνικτῷ
901 854 1083 910 διέλαβεν
1121 857 1433 914 περικομματίῳ,
1475 857 1570 910 διεγ.
1602 858 1721 897 Mein.
1753 858 1796 896 in

204 915 301 956 Ath.
357 915 523 956 πνικτὸν
567 914 768 970 διέλαβεν,
811 917 1104 973 περικομματίῳ
1150 918 1244 970 διεγ.
1281 919 1360 956 κτλ.
1422 918 1586 957 Porson.
1627 918 1794 959 Miscell.

207 978 306 1017 247.
386 978 455 1017 31.
487 973 725 1031 &sybyypoecx’
760 976 902 1028 Dobr.]
943 977 1169 1031 διεπὺγγρας
1194 979 1242 1017 Α.
1292 976 1547 1030 ὑποκρούσας
1589 978 1685 1029 quid
1718 978 1796 1018 sibi

204 1037 305 1076 velit
323 1037 469 1077 nescio.
534 1039 600 1078 32.
629 1033 718 1078 οὐδ’
742 1035 966 1090 ὁρώμενον]
989 1031 1037 1078 εὖ
1070 1036 1404 1095 κεχρῳσμένον
1423 1038 1471 1078 Κ.
1503 1039 1552 1077 cf.
1572 1038 1794 1089 Antiphan.

206 1098 311 1146 217,
346 1099 396 1136 11
439 1096 573 1147 (schim
611 1099 831 1148 yebrciunt).
920 1100 988 1138 33.
1020 1098 1335 1146 πουλύποδας
1368 1097 1436 1148 Κ.]
1475 1096 1692 1146 πολυτελές.
1745 1100 1794 1139 cf.

205 1157 433 1197 Anaxandr.
456 1159 523 1198 30.
587 1159 656 1198 34.
689 1155 731 1198 δὲ
752 1158 841 1198 add.
860 1158 981 1198 Mein.
1008 1160 1114 1201 37.
1146 1155 1347 1212 ἐγένονθ’,
1376 1171 1456 1198 11011
1476 1156 1656 1212 ἐγένοντό
1675 1155 1720 1198 θ’
1745 1159 1792 1198 A.

205 1219 273 1257 39.
310 1216 400 1270 περὶ
436 1214 528 1257 πόδ’
572 1219 693 1258 etiam
719 1219 768 1258 A
830 1219 938 1258 inter
969 1233 1005 1259 v.
1045 1221 1099 1259 39
1134 1222 1175 1258 et
1210 1221 1268 1259 40
1306 1220 1424 1270 plura
1460 1219 1652 1259 videntur
1690 1220 1792 1258 exci-

204 1277 322 1317 disse.
385 1279 458 1317 40.
486 1274 736 1335 ἀπαρχόμεθ’
771 1279 890 1318 Mein.
912 1279 1029 1318 Anal.
1051 1279 1145 1319 Ath.
1170 1280 1271 1319 320.
1334 1281 1403 1318 42.
1435 1275 1556 1318 ταῦθ’
1594 1278 1793 1330 εἰρηκέναι

204 1332 301 1392 (sic)
329 1337 377 1377 A.
446 1340 516 1377 44.
547 1336 664 1389 ἀφεὶς
694 1328 848 1379 Iacobs.
882 1340 987 1379 Add.
1018 1338 1114 1379 Ath.
1150 1337 1254 1390 345]
1288 1354 1389 1390 αφες
1421 1341 1470 1378 Α.
1516 1337 1641 1390 σαφές
1673 1340 1793 1379 Both.

203 1395 289 1445 ἅλις
319 1397 466 1437 Naber.
498 1398 644 1438 Mnem.
676 1412 767 1439 nov.
799 1399 902 1438 VIII
933 1400 1031 1439 433.
1075 1398 1253 1452 ἥμαρτον
1292 1400 1419 1451 priori
1450 1413 1646 1450 personae
1681 1400 1793 1439 addit

205 1452 374 1510 (παῦσαι
404 1455 547 1511 λέγων
578 1455 775 1512 ἥμαρτον)
810 1458 947 1499 Cobet.
979 1459 1029 1500 N.
1062 1460 1087 1498 1.
1123 1461 1190 1499 25.
1260 1461 1329 1499 45
1363 1458 1411 1499 σὺ
1445 1459 1642 1508 ξυνείσιθι
1671 1455 1676 1514 Ι
1705 1459 1795 1512 ἐμοί

202 1516 342 1568 Dobr.]
377 1516 565 1558 συνέσθιε
595 1533 664 1570 μοι
695 1515 791 1573 (sic)
811 1519 859 1558 A.
886 1523 971 1559 νῦν
1003 1519 1201 1567 ξυνείσνθι
1233 1519 1327 1560 Cob.
1361 1523 1473 1560 44—
1482 1522 1538 1560 46
1572 1521 1644 1560 uni
1676 1534 1793 1560 servo

202 1578 456 1618 continuavit
487 1578 535 1618 K.

323 1633 431 1677 cum
463 1651 580 1679 servo
613 1640 870 1690 conloquitur
895 1652 1060 1692 coquus,
1092 1654 1211 1692 quem
1236 1640 1306 1680 ille
1333 1641 1553 1681 conducere
1581 1654 1605 1680 a
1630 1642 1790 1682 domino

203 1697 337 1737 iussus
364 1694 467 1738 erat'
471 1728 480 1738 .
512 1699 631 1739 Mein.
683 1712 827 1739 scaena
846 1702 909 1740 est
935 1696 1005 1754 (cf.
1027 1702 1095 1740 45.
1119 1696 1163 1754 6)
1190 1703 1283 1740 ante
1305 1702 1469 1740 domum
1490 1701 1558 1741 eri.
1624 1704 1661 1741 2.
1693 1716 1788 1755 προ-

203 1755 418 1810 φέρεσθαι,
444 1759 469 1798 i.
491 1772 523 1798 e.
550 1772 734 1805 crescere,
758 1762 970 1810 proficere,
1004 1760 1112 1811 apud
1137 1761 1382 1811 posteriores
1409 1763 1542 1801 aetate
1576 1763 1792 1813 scriptores

203 1818 313 1857 haud
325 1831 416 1858 raro
437 1819 653 1871 invenitur,
672 1820 857 1871 inprimis
877 1821 986 1871 apud
1000 1821 1276 1861 Plutarchum.
1341 1823 1378 1860 6.
1393 1817 1595 1861 ‘imitatur
1614 1823 1791 1874 tragicos

203 1879 486 1918 mansuetioris
501 1879 609 1919 vitae
623 1880 742 1919 initia
761 1876 1034 1931 exponentes'.
1053 1881 1172 1920 Mein.
1235 1884 1300 1921 19.
1323 1877 1496 1921 ‘nullum
1510 1883 1586 1922 hoc
1601 1883 1791 1923 disertius

203 1938 479 1978 testimonium
519 1953 543 1978 a
581 1940 676 1980 salis
713 1953 792 1980 usu
831 1941 1073 1980 abstinuisse
1117 1940 1292 1981 Graecos
1329 1942 1372 1980 in
1417 1942 1539 1981 sacris
1578 1940 1810 1983 faciendis''

203 1998 334 2049 Mein„
366 1999 408 2037 in
438 1999 514 2038 hac
545 2013 588 2039 re
622 2000 856 2040 aRomanis
889 2001 1185 2041 dissentientes.
1249 2003 1317 2042 20.
1350 2002 1375 2041 i.
1396 2015 1427 2041 e.
1462 1999 1529 2041 ‘ad
1561 2003 1671 2043 cibos
1698 2017 1789 2043 con-

203 2054 396 2098 diendos'.
446 2060 565 2098 Mein.
661 2062 728 2100 22.
773 2059 912 2112 ἕρανος
950 2074 1078 2113 genus
1117 2064 1204 2101 erat
1249 2062 1526 2102 conviviorum
1563 2065 1660 2103 tunc
1699 2078 1789 2103 cum

202 2118 373 2158 maxime
399 2119 611 2160 usitatum.
663 2121 770 2172 quod
796 2134 1042 2172 quamquam
1067 2121 1151 2161 fere
1171 2123 1389 2173 profanum
1414 2125 1513 2171 erat,
1539 2125 1676 2163 tamen
1695 2137 1787 2163 cum

203 2179 318 2218 cultu
358 2180 523 2219 deorum
567 2193 686 2232 saepe
733 2182 1067 2233 coniungebatur.
1137 2185 1244 2222 recte
1288 2183 1418 2234 igitur
1457 2183 1614 2222 addidit
1659 2183 1788 2237 ἱερῶν.

201 2238 244 2276 in
273 2239 444 2290 privatis
476 2242 518 2280 et
547 2241 727 2291 profanis
767 2242 898 2292 epulis
937 2242 1034 2281 salis
1065 2255 1184 2281 usum
1223 2243 1322 2282 dicit
1354 2256 1586 2283 concessum
1628 2257 1714 2284 esse
1748 2249 1790 2284 et

202 2299 244 2337 in
270 2299 393 2339 sacris
425 2302 584 2340 tantum
609 2301 727 2341 modo
747 2302 966 2352 pristinum
993 2315 1146 2342 morem
1178 2303 1384 2343 mansisse.
1450 2306 1517 2344 27.
1550 2305 1788 2354 Palaephaz‘o

202 2371 375 2410 coquum
413 2363 621 2412 comparat
651 2363 699 2400 ut
729 2362 983 2402 incredibilia
1014 2365 1247 2402 narrantem
1279 2365 1321 2403 et
1346 2364 1397 2403 ad
1421 2366 1647 2413 priscorum
1671 2366 1788 2405 homi-

201 2431 297 2458 num
321 2433 452 2460 mores
471 2421 727 2489 pertinentia.
792 2424 859 2462 30.
891 2425 1041 2478 πνικτῷ
1068 2421 1248 2475 διέλαβεν
1281 2419 1488 2472 suffocata
1508 2437 1625 2464 carne
1645 2427 1789 2475 dispes-

202 2475 308 2519 cuit’.
338 2479 457 2520 Mein.
522 2483 590 2520 31.
621 2482 646 2521 i.
668 2495 699 2522 e.
726 2484 810 2521 tam
836 2483 976 2522 mollia
1007 2485 1049 2522 et
1068 2484 1242 2523 delicata
1272 2484 1370 2523 fecit
1395 2498 1517 2535 quam
1549 2488 1666 2524 erant
1691 2484 1787 2537 μέλη

201 2539 414 2592 γιγγραντά
432 2539 612 2580 Axionic.
634 2543 672 2593 3,
694 2544 731 2581 3.
782 2543 962 2595 γλυκεῖ,
950 2557 975 2581 1.
997 2556 1029 2583 e.
1050 2542 1158 2599 οι’νῳ.
1222 2545 1290 2583 36.
1317 2540 1482 2584 ‘sociare
1507 2547 1627 2584 vitam
1647 2542 1786 2585 libuit'.

203 2598 317 2638 Grot.
397 2601 465 2640 39.
498 2601 546 2639 cf.
578 2601 682 2641 Plat.
715 2614 815 2642 com.
850 2605 946 2643 129.
982 2605 1078 2643 197.
1161 2606 1230 2643 41.
1262 2603 1440 2652 σπονδὰς
1479 2610 1687 2656 ποιοῦμεν.
1737 2607 1786 2645 cf.

201 2659 421 2709 Antiphan.
447 2662 543 2711 152,
563 2662 601 2700 3.
646 2662 830 2702 Menand.
866 2665 963 2704 273.
1026 2665 1095 2703 44.
1129 2677 1268 2704 servus
1301 2660 1363 2703 ut
1395 2677 1436 2704 se
1469 2666 1656 2715 expediat
1687 2663 1786 2719 ὑπὲρ

201 2717 403 2771 ευσεβείας
443 2713 519 2759 οὖν
559 2718 685 2771 σαφές
723 2722 856 2774 inquit
896 2726 937 2763 et
977 2724 1072 2776 quia
1112 2726 1232 2763 antea
1272 2724 1596 2774 addubitaverat,
1635 2731 1787 2766 παῦσαι

201 2776 346 2832 λέγων,
383 2778 561 2832 ήμαρτον
593 2777 739 2820 addit'·
779 2779 894 2823 ‘satis
927 2784 1153 2835 verborum,
1191 2785 1342 2835 inquit:
1380 2797 1485 2823 mmo
1517 2780 1656 2838 (δεῦρο
1689 2783 1785 2839 νῦν)

202 2852 356 2878 mecum
394 2840 604 2892 ingredere
637 2819 802 2881 domum
833 2845 875 2882 et
906 2857 1043 2883 cenam
1078 2844 1188 2883 intus
1219 2839 1352 2895 para'.
1404 2844 1543 2884 Cobet.
1576 2846 1625 2884 N.
1657 2847 1682 2885 l.
1717 2849 1784 2886 25.

1423 3043 1496 3080 24*
