2014 3334
788 252 957 289 ΔΔΗΛΔ
982 251 1243 287 ΟΠΟΤΕΡΔΣ
1711 247 1799 290 503

971 360 1060 404 515

506 446 678 491 ἅπαντα
709 452 892 502 συγχεῖν
923 445 1070 502 ὥσπερ
1103 444 1166 495 είς
1196 443 1416 487 Μύκονον
1447 443 1554 500 μίαν

340 535 585 575 Themistius
624 535 700 582 21,
738 535 853 573 2500
897 530 1058 572 ἀκούετε
1101 535 1172 571 τοῦ
1219 528 1442 581 νομοθέτου
1481 559 1491 569 .
1524 561 1532 570 .
1565 559 1574 569 .
1613 527 1667 580 μὴ
1706 528 1798 582 ξυγ-

221 600 443 649 χωροῦντος
474 606 583 648 συγχ.
614 590 714 644 μηδὲ
740 590 954 645 ξυμφέρειν
979 590 1134 631 ἅπαντα
1161 589 1290 643 ὥσπερ
1310 593 1387 630 κτλ.
1439 590 1543 629 Plut.
1563 590 1661 630 Mor.
1684 590 1798 628 6160

221 651 290 709 (οὗ
321 657 449 703 καλῶς
478 651 554 708 τις)
591 651 681 705 περὶ
716 651 785 700 τὰς
823 651 1065 698 κατακλίσεις
1100 648 1323 702 παρόψεται
1360 648 1428 697 τὰς
1465 647 1662 700 διαφορὰς
1700 643 1798 702 (τῶν

222 709 500 768 ἑστιωμένων),
532 711 657 761 εὐθὺς
689 710 731 752 ἐν
763 710 860 767 ἀρχῇ
888 710 959 763 τὴν
989 707 1204 764 λεγομένην
1235 708 1552 782 μίαντΜύκονον
1583 706 1799 759 ἀποφήνας

200 773 263 823 Ιτὸ
295 772 527 826 συμπόσιον.
577 772 710 813 Strab.
744 774 811 822 10,
842 774 927 812 487
962 769 1178 820 Μύκονος,
1217 765 1290 820 ὑφ’
1325 785 1351 825 ῃ
1384 768 1610 820 μυθεύουσι
1639 770 1800 808 κεῖσθαι

219 839 299 875 τῶν
335 833 531 888 γιγάντων
569 831 662 880 τοὺς
692 830 884 879 ὑστάτους
915 827 989 881 ὑφ’
1017 826 1259 883 Ἡρακλέους
1296 826 1603 878 καταλυθέντας,
1633 823 1707 878 ἀφ’
1742 821 1799 866 ὧν

219 891 246 946 ἡ
278 893 470 946 παροιμία
501 888 650 933 “πάνθ’
683 891 761 931 ὑπὸ
794 891 888 943 μίαν
908 885 1123 932 Μύκονον’
1154 887 1216 929 ἐπὶ
1241 894 1320 928 τῶν
1344 887 1424 928 ὑπὸ
1451 888 1546 940 μίαν
1572 885 1798 941 ἐπιγραφὴν

220 951 529 1054 ῧζξῖταίἔοῖἷαὶῙ
548 951 603 1052 u}
640 949 879 1004 διηρτημένα
922 956 966 1006 τῇ
1011 949 1143 1001 φύσει.
1193 950 1243 989 cf.
1275 950 1374 988 439.
1407 949 1601 988 Fritzsch.
1634 947 1797 987 Lucian.

970 1091 1057 1134 516

508 1175 674 1232 ἐσθῆτα
706 1173 755 1219 δὲ
786 1177 893 1231 μίαν
924 1175 1098 1231 μυρίων
1130 1172 1379 1229 ὠνούμεναι

340 1264 522 1305 Clemens
553 1264 667 1303 Alex.
698 1262 816 1319 l‘aed.
851 1264 889 1313 2,
924 1263 990 1311 10,
1025 1262 1107 1300 115
1153 1259 1247 1312 μίαν
1280 1257 1323 1299 δέ
1352 1256 1433 1299 που
1465 1256 1613 1311 ἐσθῆτα
1645 1257 1799 1310 μυρίων

222 1323 458 1377 [ταλάντων]
493 1321 719 1374 ὠνούμεναι
756 1327 861 1373 σφᾶς
892 1319 1014 1368 αὐτὰς
1045 1317 1289 1374 ἄχρειοτέρας
1313 1325 1402 1364 τῶν,
1417 1317 1663 1370 ὑφασμάτων
1698 1315 1799 1371 ἐλέγ-

221 1395 371 1438 χουσιν.
416 1384 555 1424 stolidi
573 1382 729 1423 librarii
748 1382 1070 1422 additamentum
1089 1380 1280 1431 expunxit
1300 1379 1437 1419 Cobet.
1458 1379 1601 1419 Mnem.
1622 1378 1679 1417 XI
1701 1379 1798 1418 385.

221 1444 376 1499 μυρίων
408 1445 431 1484 i.
452 1457 486 1485 e.
519 1443 713 1496 δραχμῶν.

888 1525 895 1533 ·
964 1509 1049 1552 517

507 1596 712 1653 ψιμυθίῳ
743 1595 937 1649 πίθηκος
968 1590 1302 1649 ἐντετριμμένος

342 1682 525 1723 Clemens
556 1682 670 1722 Alex.
699 1681 819 1720 Paed.
854 1682 891 1728 3,
925 1682 963 1731 2,
997 1681 1020 1719 5
1055 1674 1222 1733 (πόρνη)
1254 1683 1324 1730 τῆς
1353 1682 1488 1730 ψυχῆς
1517 1676 1726 1728 κατείληφε
1756 1675 1799 1716 τὸ

223 1741 371 1784 ἄδυτον
408 1742 451 1783 τό
488 1757 527 1782 τε
564 1739 762 1793 ἀληθινὸν
799 1740 946 1793 θηρίον
984 1738 1259 1793 ἐλεγχθήσεται
1287 1741 1366 1778 κτλ.
1419 1736 1635 1793 ψιμμυθίῳ
1667 1736 1716 1776 V.
1749 1736 1799 1776 ad

223 1803 471 1844 comoediam
501 1802 663 1842 rettulit
694 1801 847 1840 Nauck,
879 1800 1023 1839 Philol.
1057 1798 1140 1837 1111
1173 1799 1270 1838 359.

965 1915 1051 1959 518

511 2000 696 2059 αἰσχρὸν
729 1997 777 2044 δὲ
808 2001 978 2055 κρίνειν
1009 1999 1062 2042 τὰ
1093 1998 1204 2041 καλὰ
1235 2005 1324 2041 τῶν
1354 1999 1534 2040 πολλῶν
1565 1997 1709 2055 ψόφῳ.

345 2089 527 2139 Clemens
561 2088 672 2128 Alex.
705 2088 850 2127 Strom.
883 2088 921 2138 5,
955 2088 994 2138 3,
1029 2087 1080 2125 18
1114 2086 1202 2125 init.
1244 2083 1545 2138 γνωμικώτερον
1577 2081 1598 2123 ὁ
1629 2081 1801 2134 κωμικὸς

225 2148 268 2189 ἕν
305 2150 447 2202 βραχεῖ
469 2150 547 2188 κτλ.
602 2152 681 2187 τῶν
711 2145 887 2196 πολλῶν]
927 2147 978 2187 al.
1015 2147 1065 2202 τῷ
1103 2147 1246 2201 πολλῷ.
1314 2140 1425 2184 ‘sunt
1462 2144 1531 2195 qui
1568 2143 1711 2183 malint
1747 2144 1801 2200 τῷ

225 2211 382 2250 πολλῶν
406 2218 467 2260 ip„
485 2208 562 2248 -sed
587 2208 753 2247 retineri
778 2209 915 2246 tamen
940 2206 1058 2246 etiam
1088 2206 1256 2257 vulgata
1279 2205 1398 2244 lectio
1424 2199 1584 2254 potest'.
1617 2203 1800 2254 sylb.—

226 2271 499 2320 speetatorum
529 2268 570 2307 in
602 2267 776 2307 theatris
801 2267 969 2318 plausus
1000 2268 1124 2318 negat
1156 2266 1310 2304 eertum
1334 2263 1647 2316 pulchritudinis
1678 2275 1800 2315 argu-

226 2330 405 2369 mentum
435 2340 534 2368 esse.

974 2393 1060 2436 519

513 2478 727 2536 ἄρξαντος
757 2477 921 2534 ἀνδρὸς
952 2477 1144 2532 δημόσια
1173 2477 1227 2518 τὰ
1257 2477 1468 2533 χρήματα.

349 2566 553 2618 Eunapius
572 2566 757 2617 Excerpt.
793 2565 887 2604 Mai.
912 2564 954 2603 Π
981 2566 1065 2604 294
1098 2569 1222 2603 πᾶσαι
1252 2568 1351 2616 γοῦν
1383 2562 1503 2602 οἰκίαι
1533 2560 1631 2614 πρὸς
1661 2566 1802 2601 τοῦτον

229 2625 436 2666 ἕκενοῦντο
474 2623 524 2664 ἂν
555 2623 623 2664 τὸν
655 2623 792 2675 δόλον,
829 2622 895 2664 καὶ
925 2622 1046 2679 ῥᾷστα
1078 2618 1130 2675 ἧν
1162 2620 1259 2675 ὁρᾶν
1297 2621 1389 2670 τοὺς
1420 2619 1612 2674 ἄρξαντας
1644 2620 1801 2660 δεδεκα-

231 2683 412 2737 σμένους.
463 2683 593 2736 ὥσπερ
623 2699 703 2725 που
735 2683 802 2724 καὶ
832 2682 853 2723 ὁ
884 2682 1056 2735 κωμικός
1087 2694 1211 2734 φησιν
1230 2685 1308 2722 κτλ.
1357 2694 1429 2722 cur
1462 2682 1648 2732 antiquae
1674 2680 1801 2731 potis—

229 2746 375 2785 simum
406 2744 632 2784 comoediae
664 2744 938 2796 adsignaverit
969 2743 1190 2783 Meinekius
1221 2742 1365 2781 nescio.

968 2858 1056 2901 520

517 2942 580 2986 ὢν
611 2943 765 2999 ἄγριος
795 2942 935 2994 οὕτως
966 2940 1035 2985 καὶ
1070 2942 1266 2998 μονήρης
1297 2941 1376 2983 τὸν
1406 2941 1574 2997 τρόπον
