2014 3334
766 229 933 264 ΑΔΗΛΑ
960 229 1222 264 ΟΠΟΤΕΡΑΣ
1696 226 1785 270 469

572 406 580 410 “
656 402 903 452 ΑΔΗΛΑ
942 401 1326 454 ΟΠΟΤΕΡΑΣ

952 508 1040 551 336

417 590 529 648 αὕτη
562 593 689 643 πόλις
721 590 819 635 ἔσθ’
849 590 1053 648 Ἑλληνὶς
1083 590 1111 646 ἡ
1143 590 1295 648 ῥόδοις
1327 594 1430 646 ἴσην

418 663 612 707 εὐωδίαν
643 665 806 720 ἔχουσα
838 659 939 719 χᾶμ’
975 662 1150 719 ἀηδίαν.

416 735 470 778 τὰ
501 735 586 791 γὰρ
612 732 776 778 Ἁλίεια
807 736 860 778 τὰ
891 731 1045 791 μεγάλ’
1082 734 1145 784 εἰς
1178 733 1346 790 σχολὴν
1377 734 1489 788 ἄγει,

415 807 465 850 τὸ
498 802 541 849 δ’
577 806 761 850 ἁλιακὸν
792 807 889 857 ἔτος
920 821 973 862 με
1004 807 1248 862 μαίνεσθαι
1278 811 1414 848 ποιεῖ·

377 890 396 920 5
419 878 527 921 ὅταν
558 875 608 921 δὲ
638 878 721 935 τὴν
751 877 916 933 -λεύκην
946 893 1012 928 τις
1043 876 1192 920 αὐτῶν
1223 875 1397 934 πραέως

418 948 603 992 ἁλιακὸν
633 945 748 992 εἶναι
780 948 1006 1005 στέφανον
1037 952 1151 1005 εἴπῃ,
1184 949 1398 1004 πνίγομαι

419 1020 559 1072 οὕτως
592 1018 659 1064 ἐπ’
697 1020 861 1075 αὐτοῖς,
894 1020 1005 1064 ὥστε
1038 1022 1208 1076 μᾶλλον
1239 1017 1295 1062 ἂν
1326 1017 1480 1062 θέλειν

417 1092 736 1150 ἀποκαρτερεῖν
768 1092 794 1148 ἢ
826 1090 948 1135 ταῦτ’
986 1091 1164 1134 ἀκούων
1197 1096 1437 1147 καρτερεῖν.

418 1170 596 1208 τοιοῦτο
627 1171 717 1207 τῶν
750 1163 890 1216 ξένων
920 1179 962 1206 τι
994 1169 1244 1218 καταχεῖται
1276 1163 1442 1223 σκότος.

325 1261 632 1314 [Dicaearchus]
664 1264 746 1315 1,.5
780 1263 821 1302 in
854 1262 896 1302 O.
916 1262 1102 1302 Mueller-i
1134 1260 1279 1312 Geogr.
1300 1261 1394 1300 min.
1415 1260 1435 1299 I
1457 1263 1542 1300 100
1576 1255 1786 1313 (continuo

203 1326 296 1375 post
314 1324 483 1376 Lysippi
502 1324 550 1363 fr.
567 1318 625 1377 7).
691 1326 726 1362 1.
747 1320 773 1374 ἢ
793 1321 928 1375 ῥόδοις
947 1322 1032 1362 cod.
1050 1322 1139 1360 Par.
1184 1321 1275 1372 ἴσην
1296 1319 1451 1371 steph]
1475 1319 1627 1371 δίσσην.
1654 1318 1785 1373 ῥόδων

204 1383 320 1435 δίκην
339 1384 531 1423 Naekius.
594 1385 632 1422 2.
658 1379 748 1435 χᾶμ’
779 1381 925 1434 ἀηδίαν
948 1383 993 1421 G.
1016 1378 1174 1431 Herm]
1196 1378 1262 1420 καὶ
1282 1378 1517 1431 ἀμαληδίαν.
1583 1382 1620 1419 3.
1639 1376 1786 1419 Ἁλίεια

202 1442 248 1483 τὰ
279 1439 409 1498 μεγάλ’
442 1440 587 1493 Naek.]
627 1440 773 1482 ἀλιειτα
813 1441 989 1495 μεγάλην
1021 1442 1105 1481 cod.
1151 1439 1206 1488 εἰς
1238 1438 1383 1492 σχολὴν
1416 1438 1571 1491 81θρ11.]
1605 1438 1785 1492 εἶσχολὴν

202 1504 287 1544 cod.
332 1501 381 1543 οὐ
414 1514 469 1555 σχ.
490 1499 711 1543 Naek.‘A)..
742 1499 813 1554 μὲν
845 1500 1018 1554 μεγάλην
1050 1499 1126 1554 ἔχει
1151 1499 1296 1552 σχολήν
1323 1500 1645 1549 (oblectationem)
1665 1499 1785 1539 Mein.

203 1563 242 1603 II
278 1556 374 1603 14³7.
407 1558 498 1617 (μὲν
530 1561 704 1615 μεγάλην
730 1560 876 1614 σχολὴν
907 1559 992 1614 ἅγει
1018 1561 1054 1598 V
1089 1562 1154 1600 32.
1179 1554 1238 1614 3.)
1283 1558 1455 1613 μεγάλην
1493 1555 1533 1611 μ’
1568 1559 1624 1607 εἰς
1664 1557 1786 1612 χολὴ-ν

132 1661 140 1663 ,
205 1619 398 1674 (debebat
428 1625 535 1662 certe
568 1622 623 1669 εἰς
653 1621 828 1674 μεγάλην
854 1620 974 1673 χολήν
999 1615 1066 1675 μ’)
1092 1620 1275 1660 Holsten.
1338 1622 1377 1659 4.
1409 1617 1574 1658 ἀλιακὸν
1604 1615 1671 1673 (ut
1695 1633 1787 1658 mox

172 1676 174 1678 ’
203 1678 370 1736 iterum)
403 1680 487 1730 ἔτος
506 1682 591 1721 cod.
635 1680 730 1729 ἔθος
751 1681 889 1732 Steph.
927 1679 1020 1728 ἔπος
1040 1681 1169 1720 Holst.
1212 1677 1302 1726 ἕδος
1321 1678 1467 1719 Osann.
1490 1677 1532 1730 (i.
1554 1693 1586 1718 e.
1606 1680 1785 1719 colossus

203 1737 416 1794 Rhodius).
466 1740 575 1788 ἔτνος
599 1741 717 1780 Mein.
737 1742 840 1781 conl.
860 1741 1006 1792 Bergk.
1027 1753 1098 1779 zur
1117 1740 1314 1779 Monatsk.
1335 1753 1373 1789 p.
1395 1741 1463 1788 69,
1496 1739 1616 1777 etiam
1639 1741 1787 1788 pultem

206 1815 287 1853 qua
316 1801 470 1841 Halieis
501 1801 785 1851 vescebantur,
816 1802 981 1840 solarem
1013 1801 1160 1849 pultem
1199 1799 1348 1838 dictam
1388 1811 1475 1838 esse
1507 1811 1684 1838 censens.
1748 1801 1786 1839 5.

206 1859 352 1912 λευκὴν
373 1861 456 1901 cod.
520 1863 557 1901 9.
584 1865 738 1900 τοιοῦτο
758 1865 836 1899 τῶν
856 1858 968 1910 edit]
989 1858 1180 1899 τοιούτων
1199 1859 1284 1898 cod.
1328 1860 1548 1910 καταχεῖται
1569 1857 1615 1898 G.
1629 1857 1784 1909 Herm.]

209 1923 380 1960 καλεῖται
411 1921 495 1960 cod.
527 1923 723 1972 κακχεῖται
755 1919 925 1959 Oasaub.

326 1980 512 2020 Rhodum
549 1980 628 2019 dici
665 1983 883 2030 praeeunte
917 1978 1155 2019 Casaubono
1193 1978 1350 2017 monuit
1381 1977 1559 2016 Naekius
1593 1976 1737 2028 Opusc.
1766 1978 1787 2017 Ι

209 2042 306 2081 339.
357 2040 391 2079 si
421 2053 458 2080 v.
490 2042 516 2079 4
556 2040 733 2079 colossus
765 2039 963 2091 Rhodius,
1001 2038 1185 2078 Charetis
1218 2037 1352 2076 Lindii
1390 2050 1490 2087 opus
1529 2032 1684 2090 (strab.
1719 2039 1786 2087 14,

209 2102 306 2140 652.
345 2099 446 2138 Plin.
466 2100 516 2138 N.
538 2100 576 2139 h.
599 2101 666 2150 34,
687 2101 758 2140 41.
779 2094 836 2152 2),
863 2099 1171 2150 significaretur,
1196 2098 1379 2149 eclogam
1404 2109 1532 2137 novae
1558 2097 1786 2136 comoediae

209 2173 296 2199 esse
327 2162 540 2199 constaret.
591 2159 711 2198 scribi
735 2172 816 2198 non
840 2160 1020 2210 potuisse
1053 2160 1145 2197 ante
1167 2156 1228 2196 Ol.
1248 2159 1316 2204 93,
1341 2160 1375 2205 1,
1409 2169 1488 2207 quo
1514 2169 1618 2196 anno
1639 2156 1787 2196 Rhodii

208 2233 255 2259 ex
285 2219 416 2259 tribus
449 2219 606 2270 oppidis
624 2218 766 2269 Lindo,
785 2219 932 2270 Ialyso,
953 2217 1111 2257 Camil-o
1144 2218 1186 2256 in
1218 2230 1341 2256 unam
1373 2216 1580 2256 civitatem
1601 2215 1787 2255 Rhodum

207 2279 572 2331 commigraverunt
603 2274 789 2331 (Diodor.
819 2280 885 2330 13,
912 2278 1000 2332 75),
1032 2278 1212 2328 adparet.
1264 2276 1305 2316 O.
1337 2276 1557 2315 Muellerus
1591 2290 1682 2315 cum
1707 2276 1785 2327 Ly-

208 2339 313 2390 sippi
344 2339 393 2378 fr.
429 2340 451 2378 7
484 2338 560 2378 hoc
591 2338 780 2389 coniungi
811 2351 928 2389 posse
961 2340 1112 2389 censet,
1145 2338 1178 2376 si
1199 2336 1321 2388 loqui
1352 2336 1551 2386 fingamus
1583 2336 1787 2374 hominem

208 2398 512 2448 Atheniensem,
549 2398 681 2437 Rhodi
718 2397 941 2449 degentem.
1003 2411 1083 2437 non
1122 2397 1334 2436 coniuncta
1369 2396 1494 2434 fuisse
1532 2396 1660 2435 multo
1699 2396 1785 2436 veri

211 2458 385 2498 similius
415 2459 488 2496 est.
569 2459 607 2497 3.
639 2458 686 2497 de
720 2459 875 2498 Halieis
907 2458 955 2497 cf.
989 2458 1134 2496 Athen.
1169 2458 1236 2503 13,
1269 2457 1349 2496 561
1364 2469 1397 2495 e.
1446 2455 1613 2494 Aristid.
1644 2455 1664 2493 I
1698 2456 1783 2494 808

210 2517 328 2556 Dind.
361 2517 547 2556 Eustath.
584 2518 708 2557 1562.
759 2517 923 2557 Preller.
955 2517 1083 2568 Myth.
1115 2511 1193 2566 gr.²
1224 2515 1244 2554 I
1276 2516 1374 2555 335.
1438 2516 1476 2554 5.
1509 2514 1639 2554 Schol.
1670 2515 1785 2554 Pind.

210 2576 270 2616 Ol.
293 2579 331 2627 7,
354 2578 435 2616 147
469 2573 490 2615 ὅ
516 2574 708 2628 στέφανος
740 2572 867 2629 (παρὰ
888 2570 1072 2630 Ῥοδίοις)
1104 2575 1225 2626 λεύκη
1252 2574 1414 2614 δίδοται.
1477 2575 1516 2613 8.
1548 2575 1595 2613 cf.
1618 2574 1649 2612 T
1653 2574 1785 2614 imocl.

213 2638 279 2688 18,
311 2638 349 2676 4.
383 2638 421 2676 5.

958 2716 1042 2760 337

332 2801 601 2853 [Dicaearch]
638 2807 674 2855 1,
707 2805 760 2842 25
794 2804 835 2842 in
868 2803 909 2842 C.
929 2803 1108 2842 Mueller.
1142 2802 1286 2852 Gcogr.
1308 2802 1401 2840 min.
1420 2801 1440 2840 I
1470 2802 1554 2840 104
1586 2799 1787 2852 ἱστοροῦσι

213 2859 250 2902 δ’
285 2863 327 2902 οἱ
354 2861 520 2902 Βοιωτοὶ
558 2861 604 2901 τὰ
636 2858 720 2902 κατ’
762 2861 907 2910 αὐτοὺς
938 2861 1166 2914 ὑπάρχοντα
1205 2861 1286 2900 ἴδια
1324 2858 1580 2911 ἀκληρήματα
1610 2858 1787 2912 λέγοντες

213 2927 349 2961 ταῦτα·
380 2921 464 2973 τήν
496 2919 580 2974 μὲν
613 2919 1007 2975 αἰσχροκέρδειαν
1039 2923 1280 2960 κατοικεῖν
1311 2918 1360 2959 ἐν
1380 2916 1594 2975 Ὠρωπῷ,
1625 2917 1705 2959 τὸν
1738 2917 1786 2959 δὲ
