2014 3334
278 244 364 286 164
803 219 807 221 ’
916 240 1214 275 MENANAPOT

396 356 590 393 Stobaeus
616 353 752 392 Floril.
779 354 848 402 43,
881 354 936 391 30
971 351 1219 403 Μενάνδρου
1245 351 1293 390 Α.
1359 355 1393 390 l.
1425 346 1626 390 ἀδικοῦντ’
1662 347 1840 401 ἀσμένως

275 415 387 454 Grot.
442 412 631 464 ἐπιμελῶς
668 413 786 451 Mein.
825 411 934 450 Stob.
966 411 1006 449 ΙΙ
1038 424 1091 449 XI.
1177 413 1215 449 2.
1256 410 1538 463 συνηγωνίζετο
1578 408 1666 460 AB]
1718 420 1840 460 συνη-

274 473 465 526 γωνίσατο
487 474 600 512 Voss.
620 472 740 511 Hene.
809 473 848 510 4.
881 469 1192 521 συνεπράττομεν
1222 470 1403 520 Heringa
1431 469 1523 509 Obs.
1543 471 1641 509 273.
1672 467 1837 521 πικρῶς]

274 538 458 585 πονηρῶς
498 532 609 572 Voss.
643 532 692 570 H.
773 532 811 570 5.
850 527 986 580 ηὔξετο
1025 527 1175 579 BentL]
1219 526 1381 580 ηὕξαιτο
1421 529 1503 569 AB.
1537 542 1611 568 om.
1643 528 1760 568 Voss.
1790 527 1840 567 H.

277 595 314 632 8.
347 591 502 643 σφόδρα
540 588 611 643 μὲν
643 590 761 630 Voss.
794 589 845 628 H.
877 611 933 617 —
966 585 1166 628 ἀδικοῦντ’
1211 587 1384 640 εὐμενῶς
1419 610 1468 615 ——
1503 585 1599 639 ’ἡμῖν
1635 609 1684 614 -
1719 598 1841 638 συνη-

274 652 454 705 γωνίζετο
483 647 488 704 Ι
516 656 664 703 πικρῶς
693 672 751 676 —
784 647 978 700 ἀλλήλοις,
1010 648 1103 695 ἴσως
1130 648 1136 699 Ι
1164 646 1239 688 οὐκ
1269 646 1320 688 ἂν
1351 651 1429 688 κτλ.
1490 647 1693 688 Herwerd.
1726 647 1842 686 Anal.

278 712 365 752 crit.
399 714 465 751 31.

394 771 507 810 nulla
537 784 574 810 v.
597 772 616 808 1
653 769 879 808 emendatio
905 781 1044 807 earum
1067 780 1168 818 quae
1195 767 1324 806 adhuc
1348 767 1529 818 prolassae
1557 769 1651 806 sunt
1681 766 1841 806 sufficit.
1891 785 1893 787 ·

275 832 444 870 fortasse
470 829 724 869 scribendum
755 827 790 868 εἰ
819 826 938 880 χειρὶ
968 830 1066 875 τοῖς
1097 824 1438 878 ἀδικουμένοις
1469 823 1639 878 ἠμύνετο
1665 828 1743 864 κτλ.
1793 826 1842 864 cf.
1880 833 1891 836 ²

275 891 496 929 Plat.com.
521 890 706 938 174,14
751 886 977 939 ἀμύνεσθαί
1006 902 1081 926 τινι
1100 886 1205 926 Plat.
1225 887 1336 936 Reip.
1357 888 1396 937 5,
1422 887 1540 925 464e
1571 884 1674 936 ἥλιξι
1704 884 1842 936 ήλικας

275 948 501 1001 ἀμύνεσθαι
542 947 673 987 καλόν.
738 948 808 987 sed
851 960 1006 987 omnem
1043 959 1169 996 paene
1215 945 1505 985 dubitationem
1550 945 1688 984 eximi‘c
1724 957 1843 996 quem

277 1009 497 1049 Meinekius
530 1008 668 1047 attulit
699 1008 814 1059 Diog.
847 1007 891 1046 L
927 1010 969 1055 1,
1002 1007 1055 1046 59
1096 1003 1308 1058 ἐρωτηθεὶς
1340 1000 1557 1058 (Σόλων)
1595 1009 1677 1051 πῶς
1713 999 1839 1055 ἥκιστ’

276 1067 326 1107 ἂν
352 1066 527 1107 ἀδικοῖεν
555 1083 593 1107 οι
618 1065 842 1119 ἅνθρωποι,
868 1066 904 1106 εἰ
928 1064 1121 1117 ὁμοίως,
1147 1064 1239 1116 ε’φη,
1264 1061 1495 1116 ἄχθοιντο
1521 1066 1619 1110 τοῖς
1645 1062 1842 1102 ἀδικου

275 1126 436 1179 μένοις
468 1127 510 1167 οἱ
537 1125 589 1178 μὴ
623 1125 889 1178 ἀδικούμενοι.
951 1126 999 1164 cf.
1032 1125 1151 1164 etiam
1187 1126 1283 1164 679.

1022 1289 1108 1331 543

488 1374 712 1431 Δέρκιππε
743 1372 817 1416 καὶ
847 1374 1104 1428 Μνήσιππε,
1134 1379 1227 1421 τοῖς
1257 1370 1505 1428 εἰρημένοις

488 1446 613 1501 ἡμῶν
644 1445 730 1487 ὑπό
761 1460 881 1494 τινος
912 1443 938 1498 ἢ
971 1444 1248 1486 πεπονθόσιν
1278 1450 1422 1493 κακῶς

489 1518 609 1559 ἔστιν
639 1516 869 1571 καταφυγὴ
902 1521 1050 1570 πᾶσιν,
1083 1515 1130 1557 015
1156 1512 1337 1570 χρηστοὶ
1369 1515 1504 1569 φίλοι.

487 1586 562 1630 καὶ
592 1588 676 1644 γὰρ
709 1585 989 1643 ἀποδύρασθ’
1025 1587 1117 1628 ἔστι
1149 1586 1206 1641 μὴ
1239 1585 1503 1640 γελώμενον,

449 1671 469 1701 5
488 1657 562 1701 καὶ
594 1656 1009 1713 συναγανακτοῦνθ’
1046 1657 1212 1700 ὁπόταν
1244 1658 1415 1706 οἰκείως
1446 1655 1529 1712 ὁρᾷ

489 1730 668 1781 ἕκαστος
694 1730 812 1788 αὑτῷ
844 1730 922 1772 τὸν
953 1731 1165 1786 παρόντα,
1197 1729 1381 1771 παύεται

488 1808 647 1845 τοῦτον
679 1801 864 1871 μάλιστα
895 1802 974 1843 τὸν
1005 1802 1168 1856 χρόνον
1199 1805 1279 1842 τοῦ
1312 1800 1570 1855 δυσφορεῖν.

395 1900 589 1940 Stobaeus
624 1900 756 1938 Floril.
781 1902 876 1948 113,
898 1903 920 1939 9
956 1899 1204 1951 Μενάνδρου
1235 1898 1283 1937 A.
1361 1901 1396 1938 2.
1429 1894 1524 1948 ἡμῖν
1557 1891 1620 1934 B2.
1696 1897 1734 1934 4.
1769 1893 1844 1936 ἀπ-

277 1957 471 2012 οδύρασθ’
507 1959 584 1999 ἔστι
615 1959 659 1998 L.
679 1959 861 1998 Dindorf.
893 1960 996 1998 Ann.
1028 1958 1222 1997 Fleckeis.
1257 1959 1383 2007 1869,
1416 1955 1521 2005 524]
1564 1953 1849 2007 ἀποδύρασθαί

275 2035 310 2059 τι
346 2020 431 2059 AB.
476 2021 547 2058 alii
591 2018 699 2058 ἐποδ.
760 2032 839 2058 non
884 2019 1087 2057 adsenffior
1123 2017 1322 2057 Meinekio
1362 2017 1471 2056 Stob.
1503 2015 1587 2054 IIII
1624 2027 1724 2054 xnn.
1807 2016 1843 2053 6.

275 2078 381 2135 αὑτῷ
412 2079 530 2118 Mein
550 2077 676 2128 St0b.]
711 2077 855 2118 αὐτῶν.
883 2099 936 2105 -
963 2090 1130 2118 novasse
1158 2077 1420 2115 Menandrum
1451 2074 1492 2114 τὸ
1524 2060 1683 2127 λέγομάι
1714 2078 1845 2120 κακῶς

275 2137 354 2178 υπό
379 2154 485 2186 τινος
509 2152 581 2189 pro
614 2136 748 2177 ἀκούω
775 2143 904 2185 κακῶς
930 2138 979 2176 ad
1011 2150 1193 2176 nmmam
1220 2140 1291 2175 τοῦ
1316 2133 1413 2189 λέγω
1439 2133 1525 2174 τινὰ
1550 2139 1679 2180 κακῶς
1710 2135 1843 2172 monet

278 2198 414 2238 Cobet.
445 2199 494 2237 N.
527 2199 552 2237 1.
587 2199 654 2237 54.
689 2199 726 2237 5.

1020 2325 1107 2367 544

772 2407 1048 2464 παράδειγμα
1078 2408 1183 2457 τοὺς
1214 2406 1394 2463 Σύρους
1425 2404 1546 2460 λαβέ·

490 2479 596 2522 ὅταν
627 2477 798 2535 φάγωσ’
838 2480 973 2534 ἰχθὺν
1004 2477 1179 2532 ἐκεῖνοι,
1213 2478 1287 2519 διά
1317 2493 1416 2519 τινα

490 2551 636 2594 αὐτῶν
668 2550 883 2607 ἀκρασίαν
913 2552 1017 2600 τοὺς
1047 2550 1187 2600 πόδας
1217 2547 1290 2592 καὶ
1320 2547 1511 2604 γαστέρα

490 2624 708 2677 οἰδοῦσιν,
741 2623 901 2677 ἔλαβον
933 2623 1102 2676 σακίον,
1135 2617 1212 2663 εἶτ’
1250 2621 1312 2670 εἰς
1342 2620 1422 2675 τὴν
1454 2619 1561 2662 ὁδὸν

449 2706 468 2736 5
490 2694 705 2738 ἐκάθισαν
737 2693 899 2744 αὐτοὺς
929 2691 999 2736 ἐπὶ
1030 2681 1214 2747 κόπρου,
1246 2689 1318 2734 καὶ
1349 2691 1430 2745 τὴν
1460 2690 1571 2733 θεὸν

490 2765 744 2817 ἐξιλάσαντο
776 2771 836 2826 τῷ
866 2767 1187 2807 ταπεινοῦσθαι
1219 2763 1405 2818 σφόδρα.

395 2864 643 2915 Porphyrius
674 2865 734 2903 De
766 2864 910 2903 abs‘nin.
931 2865 970 2912 4,
1004 2865 1086 2902 347
1121 2858 1238 2916 (177,
1273 2863 1298 2899 4
1329 2855 1503 2912 Nauck.)
1536 2857 1578 2898 τὸ
1610 2857 1740 2910 με’ντοι
1765 2864 1843 2898 τῶν

278 2922 430 2975 ἰχθύων
457 2921 671 2975 ἀπέχεσθαι
696 2921 783 2975 ἄχρι
808 2928 885 2962 τῶν
905 2921 1152 2974 Μενάνδρου
1179 2920 1331 2972 χρόνων
1359 2924 1429 2959 τοῦ
1456 2923 1632 2970 κωμικοῦ
1660 2916 1843 2969 διέμεινε·

2004 2900 2014 2988 nn-n-n.
