2014 3334
275 218 362 261 550
650 217 653 221 ’
921 222 1181 256 ΑΔΕΣΠΟΤΑ

275 328 394 382 λιμὴν
418 327 690 382 κ,αλούμενος.’
741 331 878 371 Cobet.
903 332 952 372 N.
979 334 1004 371 1.
1031 335 1128 372 381.
1188 334 1236 373 cf.
1264 334 1441 385 Thucyd.
1468 335 1507 385 5,
1534 336 1558 373 2
1585 331 1842 375 κατέπλευσεν

277 389 315 437 ἐς
345 389 412 429 τὸν
450 389 603 440 Κωφὸν
636 386 720 444 (sic
751 391 947 443 Pluygers
984 406 1055 442 pro
1087 390 1390 447 Κολοφωνίων)
1429 391 1565 444 λιμένα
1599 399 1676 433 τῶν
1711 396 1842 446 Τορω-

277 449 402 489 ναίων
433 447 626 501 ἀπέχοντα
658 449 707 490 οὐ
738 450 839 490 πολὺ
871 456 939 503 τῆς
970 451 1128 500 πόλεως.
1181 454 1228 492 cf.
1253 453 1489 503 Diogenian.
1517 455 1554 504 5,
1580 455 1647 493 43.
1700 452 1842 503 [Plut.]

276 522 386 559 prov.
421 512 487 548 91.
549 510 657 549 Suid.
688 509 925 562 κωφότερος.
978 512 1234 560 proverbium
1266 525 1290 551 a
1318 513 1476 552 comicis
1514 513 1720 552 inventum
1757 525 1850 552 esse>

278 569 472 608 existimo.
536 571 667 609 versui
698 583 777 609 non
808 583 887 609 uno
919 571 1035 610 modo
1067 571 1190 610 inseri
1221 574 1367 621 potest.
1777 579 1795 600 Χ

1014 686 1102 729 804

398 771 596 810 Zenobius
636 774 680 821 4,
721 773 773 811 69
815 767 981 825 (Zenob.
1019 773 1164 812 Miller.
1187 767 1238 823 '2,
1274 775 1328 812 26
1367 788 1404 824 p.
1439 769 1543 826 361)
1581 774 1844 826 Κρωβύλου

279 831 462 882 ζεῦγος·
499 831 690 883 παροιμία
722 830 784 870 ἐπὶ
815 835 896 878 τοῖς
921 830 1221 888 ὑπερβαλλούσῃ
1245 832 1417 887 πονηρίᾳ
1439 831 1692 884 κεχρημένοις
1716 847 1846 874 ταττο-

280 887 389 941 μένη.
427 890 700 941 μετενήνεκται
720 888 761 929 δὲ
781 889 859 930 ἀπὸ
873 892 1150 943 πορνοβοσκοῦ
1164 907 1270 939 τινος
1283 891 1520 943 Κρωβύλου,
1540 891 1692 944 ἑταίρας
1705 904 1845 944 κτησα-
1864 894 1869 896 “

279 947 400 1000 μένου
422 949 508 989 δύο.
552 951 600 989 cf.
621 951 736 989 Phot.
758 953 798 989 et
817 951 989 1002 Hesych.
1015 973 1072 977 —
1097 951 1240 996 Suidas
1265 951 1476 1005 Κροβύζου
1503 953 1652 1005 ζεῦγος·
1679 951 1743 991 ἐπὶ
1766 958 1845 991 τῶν

279 1007 340 1047 ἐπὶ
365 1009 482 1064 κακίᾳ
506 1007 572 1048 καὶ
596 1010 767 1065 πονηρία
793 1008 1082 1061 σπενδομένων.
1131 1016 1245 1050 τοῦτο
1275 1009 1317 1050 δὲ
1345 1011 1494 1062 εἴρηται
1520 1009 1597 1050 ἀπὸ
1631 1011 1844 1064 Κροβύζου
1888 1036 1898 1047 .›

281 1067 387 1115 τινὸς
411 1070 705 1120 πορνοβοσκοῦ,
732 1069 805 1109 δύο
835 1068 989 1121 ἔχοντος
1014 1068 1166 1124 ἑταίρας
1192 1067 1252 1109 ἐπ’
1282 1068 1433 1126 ὀλέθρῳ
1458 1073 1624 1111 πολλῶν.
1674 1073 1746 1124 Κρ.
1773 1066 1847 1111 οὖν

281 1129 309 1174 ζ.
341 1126 404 1167 ἐπὶ
437 1129 639 1184 διασυρμῷ
679 1128 752 1168 δύο
792 1126 1089 1180 ὁμονοούντων·
1135 1127 1205 1177 οὓς
1235 1129 1468 1183 πρότερον
1499 1135 1579 1169 τοῦ
1611 1129 1847 1170 ἀναπνεῖν

281 1198 430 1238 φασιν
465 1185 492 1240 ἢ
523 1193 608 1227 τοῦ
652 1192 945 1242 κακουργεῖν
987 1189 1280 1229 παύσασθαι.
1352 1203 1398 1228 ex
1442 1190 1644 1229 comoedia
1686 1190 1846 1230 fluxisse

280 1248 466 1287 arbitror.

399 1390 624 1441 Hesychius
663 1390 882 1442 δημίαισι
917 1390 1109 1439 πύλαις·
1150 1395 1321 1441 κοιναῖς,
1359 1390 1442 1431 ἐπεὶ
1478 1391 1766 1444 προεστήκεσαν
1804 1390 1847 1431 ἐν

275 1453 364 1497 ,ταῖς
395 1448 537 1496 πύλαις
569 1449 614 1488 αἵ
640 1449 815 1503 πόρναι.
849 1482 857 1489 .
891 1482 899 1489 .
923 1450 1071 1502 μήποτε
1103 1445 1177 1490 οὖν
1209 1449 1296 1490 ἀντὶ
1326 1456 1396 1491 τοῦ
1433 1454 1639 1506 Διομῇσι
1676 1451 1847 1499 πύλαις

284 1508 486 1559 ὃημίαισιν
530 1504 639 1548 εἶπεν
683 1508 748 1549 διὰ
791 1507 863 1560 τὴν
907 1509 1095 1563 ἐγγύτητα
1137 1516 1214 1550 τῶν
1258 1508 1474 1562 ὀνομάτων.
1537 1514 1720 1550 comicum
1763 1512 1847 1550 Sine

285 1569 405 1607 dubio
437 1569 638 1620 significat
662 1571 736 1608 hac
764 1571 1086 1621 agnominatione
1110 1583 1240 1609 usum.
1285 1572 1333 1611 cf.
1359 1571 1411 1610 M.
1438 1570 1628 1610 Schmidt.
1677 1572 1848 1626 Διομῇσι

283 1649 340 1656 -
366 1628 580 1679 Δημίαισιν
612 1630 663 1667 M.
690 1628 897 1679 Schmidt]
933 1629 1094 1682 διομῆσι
1119 1652 1175 1657 -
1202 1630 1387 1681 δημίασιν
1418 1631 1500 1670 cod.
1545 1652 1588 1656 -—
1617 1630 1848 1681 Alciphron.

285 1689 323 1738 3,
351 1689 389 1738 3,
418 1690 442 1727 3
468 1686 567 1740 πρὸς
597 1693 642 1743 τῇ
675 1689 864 1740 Διομηίδι
893 1688 1009 1744 πύλῃ.
1065 1690 1248 1729 Bursian.
1277 1689 1420 1739 Geogr.
1446 1704 1504 1741 gr.
1530 1691 1548 1728 I
1576 1692 1660 1730 303
1685 1703 1724 1729 n.
1752 1691 1787 1728 1.

1026 1817 1112 1859 806

402 1901 546 1941 Suidas
584 1902 819 1950 Κιλίκιος»
840 1902 1026 1956 τράγος·
1060 1901 1080 1942 ὅ
1113 1903 1247 1950 δασύς.
1293 1909 1464 1943 τοιοῦτοι
1500 1902 1574 1956 γὰρ
1614 1901 1657 1942 ἐν
1693 1903 1849 1959 Κιλικίᾳ

283 1961 461 2014 γίνονται
486 1961 632 2014 τράγοι.
664 1962 833 2002 Photius
857 1965 952 2014 164,
973 1965 998 2002 8
1018 1963 1189 2002 Κιλίκιοι
1207 1963 1358 2016 τράγοι·
1383 1961 1471 2002 ἀντὶ
1488 1968 1559 2002 τοῦ
1580 1963 1720 2010 δασεῖς.
1765 1964 1849 2003 cod.

283 2020 567 2074 κιγκιόπραγοι.
624 2022 797 2061 correxit
829 2022 1151 2062 Schleussnerus.
1201 2024 1249 2062 cf.
1274 2023 1511 2074 Diogenian.
1537 2023 1582 2075 5,
1617 2024 1673 2062 54
1705 2017 1850 2076 (Vind.

286 2083 324 2130 3,
352 2078 408 2132 2).
459 2081 624 2132 Gregor.
657 2081 776 2133 Cypr.
808 2084 845 2129 2,
873 2083 929 2121 80
962 2076 1106 2135 (Mosq.
1128 2084 1165 2130 3,
1193 2077 1279 2135 86).
1329 2082 1508 2132 Apostol.
1531 2084 1570 2133 9,
1598 2083 1666 2121 78.
1710 2082 1850 2121 Zonar.

289 2142 414 2179 1208.
465 2144 650 2191 corrupte
689 2141 861 2192 Hesych.
891 2141 1062 2180 Κιλίκιοι
1093 2139 1235 2194 λόγοι.
1299 2142 1466 2180 Varron.
1492 2142 1538 2179 R.
1563 2155 1593 2180 r.
1623 2143 1660 2191 2,
1690 2143 1755 2192 11,
1785 2143 1850 2180 12.

287 2200 517 2239 Schneider.
555 2199 708 2239 Colum.
736 2202 779 2251 7,
807 2202 850 2251 6,
880 2203 915 2239 1.
966 2200 1117 2239 Oratin.
1144 2202 1241 2240 338.
1278 2221 1327 2228 --
1368 2201 1541 2240 comicus
1578 2201 1723 2251 aliquis
1766 2200 1850 2239 sine

288 2260 410 2298 dubio
449 2260 649 2298 hominem
689 2262 729 2298 et
766 2260 907 2299 habitu
946 2262 986 2299 et
1015 2260 1194 2299 moribus
1225 2262 1424 2311 agrestem
1455 2273 1501 2300 eo
1532 2260 1765 2311 cognomine
1789 2260 1850 2298 in-

289 2319 444 2358 riserat.
493 2319 636 2359 Macar.
659 2320 697 2368 5,
722 2320 773 2359 15
799 2319 971 2359 Κιλίκιοι
995 2319 1146 2372 τράγοι·
1183 2317 1247 2358 ε’πὶ
1276 2324 1354 2358 τῶν
1385 2318 1612 2358 δασυτάτων
1634 2317 1702 2358 καὶ
1731 2322 1850 2371 θρα-

287 2377 496 2417 συτάτων
527 2377 605 2417 καὶ
636 2377 884 2432 ἀγροίκων.

1028 2459 1111 2501 807

407 2544 575 2583 Photius
606 2545 707 2594 159,
735 2547 758 2584 9
785 2542 954 2591 Κέσκος·
991 2539 1042 2596 ἦν
1078 2543 1197 2596 πόλις,
1226 2542 1268 2583 ἐν
1306 2544 1462 2598 Κιλικίᾳ
1499 2543 1564 2583 καὶ
1598 2540 1691 2597 παρ’
1726 2542 1851 2594 αὐτὴν

288 2602 463 2654 ποταμὸς
493 2604 607 2650 Νοῦς
639 2601 781 2654 ὄνομα·
821 2600 873 2643 δι’
903 2602 997 2655 ὅπερ
1029 2603 1072 2643 οἱ
1097 2602 1263 2655 κωμικοὶ
1292 2604 1494 2651 παίζοντες
1524 2602 1617 2651 τοὺς
1648 2608 1747 2643 νοῦν
1778 2602 1853 2643 οὐκ

289 2662 449 2714 ἔχοντας
485 2660 640 2702 Κέσκον
683 2661 807 2713 φασὶν
845 2661 919 2702 οὐκ
961 2661 1073 2715 ἔχειν.
1137 2661 1341 2714 κεσκότην·
1379 2662 1490 2711 πόλις
1521 2666 1562 2702 et
1592 2665 1683 2714 post
1713 2660 1852 2714 κε’σχον

290 2722 374 2761 cod.
408 2742 465 2749 ——
498 2723 546 2761 cf.
579 2722 687 2761 Suid.
724 2719 877 2770 Κέσκος
914 2720 989 2762 οὐκ
1025 2717 1077 2774 ἦν
1114 2724 1156 2761 et
1192 2723 1240 2761 de
1275 2722 1477 2773 Hesychio
1515 2723 1568 2762 M.
1595 2721 1774 2761 Schmidt
1811 2724 1852 2761 et

290 2781 441 2820 Stiehle
480 2782 622 2820 Philol.
653 2782 690 2820 X
723 2784 820 2822 227.
877 2782 1062 2822 Eustath.
1091 2782 1221 2832 1392,
1256 2783 1322 2821 18.
1371 2782 1525 2821 Plinius
1555 2782 1604 2821 N.
1629 2781 1667 2819 h.
1694 2782 1767 2831 31,
1795 2782 1848 2821 15

289 2843 332 2880 in
365 2840 504 2881 Cilicia
534 2843 641 2890 apud
671 2843 855 2890 oppidum
887 2841 1046 2881 Cesewm
1080 2843 1191 2880 rivus
1218 2843 1307 2889 fluit
1336 2842 1435 2886 Nus,
1468 2854 1512 2881 ex
1542 2853 1615 2890 quo
1645 2841 1850 2880 bibentiwm

292 2896 510 2940 subtiliores
539 2913 674 2940 sensus
703 2903 791 2949 fieri
821 2901 881 2939 M.
915 2899 1042 2941 Varro
1079 2901 1208 2941 tradit.
1269 2900 1488 2941 Proverbia
1522 2900 1640 2940 Coisl.
1670 2901 1750 2939 143
1783 2898 1850 2948 εἰς
