<?xml version="1.0" encoding="UTF-8"?>
<!DOCTYPE html PUBLIC "-//W3C//DTD XHTML 1.0 Transitional//EN"
    "http://www.w3.org/TR/xhtml1/DTD/xhtml1-transitional.dtd">
<html xmlns="http://www.w3.org/1999/xhtml" xml:lang="en" lang="en">
 <head>
  <title>
</title>
<meta http-equiv="Content-Type" content="text/html;charset=utf-8" />
  <meta name='ocr-system' content='tesseract 3.04.00' />
  <meta name='ocr-capabilities' content='ocr_page ocr_carea ocr_par ocr_line ocrx_word'/>
</head>
<body>
  <div class='ocr_page' id='page_1' title='image "./comicorumatticor03kockuoft_0156.png"; bbox 0 0 2014 3334; ppageno 0'>
   <div class='ocr_carea' id='block_1_1' title="bbox 1821 0 2014 68">
    <p class='ocr_par' dir='ltr' id='par_1_1' title="bbox 1821 0 2014 68">
     <span class='ocr_line' id='line_1_1' title="bbox 1821 0 2014 68; baseline 0 3266"><span class='ocrx_word' id='word_1_1' title='bbox 1821 0 2014 68; x_wconf 95' lang='lat' dir='ltr'><em> </em></span> 
     </span>
    </p>
   </div>
   <div class='ocr_carea' id='block_1_2' title="bbox 268 205 1202 270">
    <p class='ocr_par' dir='ltr' id='par_1_2' title="bbox 268 205 1202 270">
     <span class='ocr_line' id='line_1_2' title="bbox 268 205 1202 270; baseline 0 -10"><span class='ocrx_word' id='word_1_2' title='bbox 268 228 352 270; x_wconf 76' lang='lat'><em>136</em></span> <span class='ocrx_word' id='word_1_3' title='bbox 819 205 823 207; x_wconf 62' lang='grc'><strong>’</strong></span> <span class='ocrx_word' id='word_1_4' title='bbox 904 225 1202 260; x_wconf 74' lang='grc' dir='ltr'><strong>ΜΕΝΑΝΔΡΟΤ</strong></span> 
     </span>
    </p>
   </div>
   <div class='ocr_carea' id='block_1_3' title="bbox 1002 334 1088 375">
    <p class='ocr_par' dir='ltr' id='par_1_3' title="bbox 1002 334 1088 375">
     <span class='ocr_line' id='line_1_3' title="bbox 1002 334 1088 375; baseline 0 0"><span class='ocrx_word' id='word_1_5' title='bbox 1002 334 1088 375; x_wconf 82' lang='grc'><em>473</em></span> 
     </span>
    </p>
   </div>
   <div class='ocr_carea' id='block_1_4' title="bbox 387 403 1832 614">
    <p class='ocr_par' dir='ltr' id='par_1_4' title="bbox 387 403 1832 614">
     <span class='ocr_line' id='line_1_4' title="bbox 480 403 1533 461; baseline -0.002 -12"><span class='ocrx_word' id='word_1_6' title='bbox 480 407 534 448; x_wconf 89' lang='grc' dir='ltr'><em>οὐ</em></span> <span class='ocrx_word' id='word_1_7' title='bbox 565 407 684 448; x_wconf 88' lang='grc' dir='ltr'><em>πάνυ</em></span> <span class='ocrx_word' id='word_1_8' title='bbox 715 421 756 447; x_wconf 94' lang='grc' dir='ltr'><em>τι</em></span> <span class='ocrx_word' id='word_1_9' title='bbox 787 405 1089 461; x_wconf 76' lang='grc' dir='ltr'><em>γηράσκουσιν</em></span> <span class='ocrx_word' id='word_1_10' title='bbox 1122 405 1172 446; x_wconf 78' lang='grc' dir='ltr'><em>αἱ</em></span> <span class='ocrx_word' id='word_1_11' title='bbox 1198 403 1346 460; x_wconf 82' lang='grc' dir='ltr'><strong><em>τέχναι</em></strong></span> <span class='ocrx_word' id='word_1_12' title='bbox 1376 408 1533 457; x_wconf 81' lang='grc' dir='ltr'><em>καλῶς,</em></span> 
     </span>
     <span class='ocr_line' id='line_1_5' title="bbox 480 476 1426 532; baseline -0.001 -13"><span class='ocrx_word' id='word_1_13' title='bbox 480 477 535 519; x_wconf 80' lang='grc' dir='ltr'><em>ἂν</em></span> <span class='ocrx_word' id='word_1_14' title='bbox 566 478 623 532; x_wconf 89' lang='grc' dir='ltr'><em>μὴ</em></span> <span class='ocrx_word' id='word_1_15' title='bbox 656 476 823 531; x_wconf 87' lang='grc' dir='ltr'><em>λάβωσι</em></span> <span class='ocrx_word' id='word_1_16' title='bbox 854 477 1106 531; x_wconf 76' lang='grc' dir='ltr'><em>προστάτην</em></span> <span class='ocrx_word' id='word_1_17' title='bbox 1138 476 1426 531; x_wconf 77' lang='grc' dir='ltr'><em>φιλάργυρον.</em></span> 
     </span>
     <span class='ocr_line' id='line_1_6' title="bbox 387 558 1832 614; baseline -0.001 -11"><span class='ocrx_word' id='word_1_18' title='bbox 387 565 581 603; x_wconf 84' lang='lat' dir='ltr'>Stobaeus</span> <span class='ocrx_word' id='word_1_19' title='bbox 602 563 739 602; x_wconf 86' lang='lat' dir='ltr'>Floril.</span> <span class='ocrx_word' id='word_1_20' title='bbox 764 564 830 611; x_wconf 85' lang='lat'><em>61,</em></span> <span class='ocrx_word' id='word_1_21' title='bbox 853 564 876 601; x_wconf 88' lang='lat'><strong>3</strong></span> <span class='ocrx_word' id='word_1_22' title='bbox 923 561 1172 613; x_wconf 82' lang='grc' dir='ltr'><em>Μενάνδρου</em></span> <span class='ocrx_word' id='word_1_23' title='bbox 1197 558 1384 613; x_wconf 76' lang='grc' dir='ltr'><em>Ὑμνίδος</em></span> <span class='ocrx_word' id='word_1_24' title='bbox 1410 559 1459 602; x_wconf 88' lang='lat' dir='ltr'><em>A.</em></span> <span class='ocrx_word' id='word_1_25' title='bbox 1514 563 1713 602; x_wconf 83' lang='lat' dir='ltr'><strong>Maximus</strong></span> <span class='ocrx_word' id='word_1_26' title='bbox 1738 563 1832 614; x_wconf 82' lang='lat' dir='ltr'>Tyr.</span> 
     </span>
    </p>
   </div>
   <div class='ocr_carea' id='block_1_5' title="bbox 266 619 1835 972">
    <p class='ocr_par' dir='ltr' id='par_1_5' title="bbox 266 619 1835 972">
     <span class='ocr_line' id='line_1_7' title="bbox 266 619 1833 676; baseline -0.001 -13"><span class='ocrx_word' id='word_1_27' title='bbox 266 625 436 664; x_wconf 84' lang='lat' dir='ltr'>Dissert.</span> <span class='ocrx_word' id='word_1_28' title='bbox 457 626 512 663; x_wconf 85' lang='lat'><em>30</em></span> <span class='ocrx_word' id='word_1_29' title='bbox 534 637 568 673; x_wconf 86' lang='lat' dir='ltr'><em>p.</em></span> <span class='ocrx_word' id='word_1_30' title='bbox 591 624 675 662; x_wconf 85' lang='lat'><em>320</em></span> <span class='ocrx_word' id='word_1_31' title='bbox 702 619 754 672; x_wconf 82' lang='grc' dir='ltr'><em>μὴ</em></span> <span class='ocrx_word' id='word_1_32' title='bbox 777 619 923 672; x_wconf 82' lang='grc' dir='ltr'><em>ἐνόχλει</em></span> <span class='ocrx_word' id='word_1_33' title='bbox 948 626 993 675; x_wconf 79' lang='grc' dir='ltr'><em>τῇ</em></span> <span class='ocrx_word' id='word_1_34' title='bbox 1018 621 1132 676; x_wconf 77' lang='grc' dir='ltr'><em>τύχῃ·</em></span> <span class='ocrx_word' id='word_1_35' title='bbox 1164 620 1213 661; x_wconf 76' lang='grc' dir='ltr'><em>οὐ</em></span> <span class='ocrx_word' id='word_1_36' title='bbox 1237 620 1311 674; x_wconf 85' lang='grc' dir='ltr'><em>γὰρ</em></span> <span class='ocrx_word' id='word_1_37' title='bbox 1336 625 1416 669; x_wconf 89' lang='grc' dir='ltr'><em>τοῖς</em></span> <span class='ocrx_word' id='word_1_38' title='bbox 1438 619 1638 673; x_wconf 81' lang='grc' dir='ltr'><em>δεομένοις</em></span> <span class='ocrx_word' id='word_1_39' title='bbox 1658 622 1833 662; x_wconf 90' lang='grc' dir='ltr'><em>δίδωσιν.</em></span> 
     </span>
     <span class='ocr_line' id='line_1_8' title="bbox 267 679 1832 737; baseline -0.001 -14"><span class='ocrx_word' id='word_1_40' title='bbox 267 682 320 734; x_wconf 72' lang='grc' dir='ltr'><em>μὴ</em></span> <span class='ocrx_word' id='word_1_41' title='bbox 354 682 500 735; x_wconf 78' lang='grc' dir='ltr'><em>ἐνόχλει</em></span> <span class='ocrx_word' id='word_1_42' title='bbox 530 687 575 737; x_wconf 79' lang='grc' dir='ltr'><em>τῇ</em></span> <span class='ocrx_word' id='word_1_43' title='bbox 607 679 738 736; x_wconf 83' lang='grc' dir='ltr'><em>τέχνῃ·</em></span> <span class='ocrx_word' id='word_1_44' title='bbox 779 679 937 728; x_wconf 82' lang='grc' dir='ltr'><em>ἀκούεις</em></span> <span class='ocrx_word' id='word_1_45' title='bbox 973 679 1047 733; x_wconf 83' lang='grc' dir='ltr'><em>γὰρ</em></span> <span class='ocrx_word' id='word_1_46' title='bbox 1079 680 1327 732; x_wconf 84' lang='grc' dir='ltr'><em>Μενάνδρου</em></span> <span class='ocrx_word' id='word_1_47' title='bbox 1359 679 1539 734; x_wconf 86' lang='grc' dir='ltr'><em>λέγοντος</em></span> <span class='ocrx_word' id='word_1_48' title='bbox 1569 684 1647 720; x_wconf 89' lang='grc' dir='ltr'><em>κτλ.</em></span> <span class='ocrx_word' id='word_1_49' title='bbox 1711 684 1748 720; x_wconf 94' lang='grc'><em>1.</em></span> <span class='ocrx_word' id='word_1_50' title='bbox 1778 681 1832 731; x_wconf 85' lang='grc' dir='ltr'><em>τι]</em></span> 
     </span>
     <span class='ocr_line' id='line_1_9' title="bbox 266 739 1835 794; baseline -0.002 -13"><span class='ocrx_word' id='word_1_51' title='bbox 266 757 326 782; x_wconf 85' lang='grc' dir='ltr'><em>τοι</em></span> <span class='ocrx_word' id='word_1_52' title='bbox 356 743 393 781; x_wconf 87' lang='lat' dir='ltr'>A</span> <span class='ocrx_word' id='word_1_53' title='bbox 413 743 521 782; x_wconf 84' lang='lat' dir='ltr'>Stob.</span> <span class='ocrx_word' id='word_1_54' title='bbox 553 739 836 794; x_wconf 76' lang='grc' dir='ltr'><em>γηράσκουσιν]</em></span> <span class='ocrx_word' id='word_1_55' title='bbox 870 739 944 793; x_wconf 87' lang='grc' dir='ltr'><em>γὰρ</em></span> <span class='ocrx_word' id='word_1_56' title='bbox 976 740 1212 792; x_wconf 85' lang='grc' dir='ltr'><em>πράττουσιν</em></span> <span class='ocrx_word' id='word_1_57' title='bbox 1242 740 1448 781; x_wconf 87' lang='lat' dir='ltr'>Herwerd.</span> <span class='ocrx_word' id='word_1_58' title='bbox 1478 741 1622 780; x_wconf 88' lang='lat' dir='ltr'>Mnem.</span> <span class='ocrx_word' id='word_1_59' title='bbox 1654 754 1743 782; x_wconf 88' lang='lat' dir='ltr'>nov.</span> <span class='ocrx_word' id='word_1_60' title='bbox 1775 741 1835 779; x_wconf 93' lang='lat' dir='ltr'><em>VI</em></span> 
     </span>
     <span class='ocr_line' id='line_1_10' title="bbox 270 800 1834 854; baseline -0.001 -13"><span class='ocrx_word' id='word_1_61' title='bbox 270 803 336 842; x_wconf 85' lang='lat'><em>75.</em></span> <span class='ocrx_word' id='word_1_62' title='bbox 385 803 487 841; x_wconf 83' lang='lat' dir='ltr'>nihil</span> <span class='ocrx_word' id='word_1_63' title='bbox 517 801 746 841; x_wconf 83' lang='lat' dir='ltr'>novandum</span> <span class='ocrx_word' id='word_1_64' title='bbox 776 800 818 838; x_wconf 93' lang='lat' dir='ltr'><em>in</em></span> <span class='ocrx_word' id='word_1_65' title='bbox 843 801 982 854; x_wconf 64' lang='lat' dir='ltr'>ecloga</span> <span class='ocrx_word' id='word_1_66' title='bbox 1013 800 1174 839; x_wconf 87' lang='lat' dir='ltr'>minime</span> <span class='ocrx_word' id='word_1_67' title='bbox 1199 801 1427 851; x_wconf 80' lang='lat' dir='ltr'>perspicua:</span> <span class='ocrx_word' id='word_1_68' title='bbox 1458 814 1551 839; x_wconf 83' lang='lat' dir='ltr'><em>nam</em></span> <span class='ocrx_word' id='word_1_69' title='bbox 1576 813 1706 851; x_wconf 89' lang='lat' dir='ltr'>neque</span> <span class='ocrx_word' id='word_1_70' title='bbox 1737 813 1834 852; x_wconf 92' lang='grc' dir='ltr'><em>προ-</em></span> 
     </span>
     <span class='ocr_line' id='line_1_11' title="bbox 268 859 1834 912; baseline -0.001 -12"><span class='ocrx_word' id='word_1_71' title='bbox 268 861 406 912; x_wconf 84' lang='grc' dir='ltr'><em>στάτης</em></span> <span class='ocrx_word' id='word_1_72' title='bbox 436 863 574 900; x_wconf 82' lang='lat' dir='ltr'>utrum</span> <span class='ocrx_word' id='word_1_73' title='bbox 607 861 659 899; x_wconf 84' lang='lat' dir='ltr'><em>sit</em></span> <span class='ocrx_word' id='word_1_74' title='bbox 691 861 853 909; x_wconf 68' lang='lat' dir='ltr'><em>artifex,</em></span> <span class='ocrx_word' id='word_1_75' title='bbox 890 862 938 899; x_wconf 89' lang='lat' dir='ltr'><em>ut</em></span> <span class='ocrx_word' id='word_1_76' title='bbox 969 860 1011 899; x_wconf 86' lang='lat' dir='ltr'><em>in</em></span> <span class='ocrx_word' id='word_1_77' title='bbox 1041 860 1262 911; x_wconf 73' lang='lat' dir='ltr'>Protagora</span> <span class='ocrx_word' id='word_1_78' title='bbox 1293 859 1517 911; x_wconf 79' lang='grc' dir='ltr'><em>ἐπιστάτης,</em></span> <span class='ocrx_word' id='word_1_79' title='bbox 1555 873 1606 898; x_wconf 85' lang='lat' dir='ltr'><em>an</em></span> <span class='ocrx_word' id='word_1_80' title='bbox 1629 863 1834 911; x_wconf 73' lang='lat' dir='ltr'><em>patronus,</em></span> 
     </span>
     <span class='ocr_line' id='line_1_12' title="bbox 266 919 1835 972; baseline -0.001 -12"><span class='ocrx_word' id='word_1_81' title='bbox 266 934 394 972; x_wconf 87' lang='lat' dir='ltr'>neque</span> <span class='ocrx_word' id='word_1_82' title='bbox 427 933 498 959; x_wconf 82' lang='lat' dir='ltr'><em>cur</em></span> <span class='ocrx_word' id='word_1_83' title='bbox 523 933 643 959; x_wconf 77' lang='lat' dir='ltr'>avaro</span> <span class='ocrx_word' id='word_1_84' title='bbox 670 932 770 970; x_wconf 82' lang='lat' dir='ltr'>opus</span> <span class='ocrx_word' id='word_1_85' title='bbox 796 920 850 959; x_wconf 88' lang='lat' dir='ltr'><em>sit</em></span> <span class='ocrx_word' id='word_1_86' title='bbox 880 919 1035 959; x_wconf 85' lang='lat' dir='ltr'>artibus</span> <span class='ocrx_word' id='word_1_87' title='bbox 1066 922 1114 958; x_wconf 85' lang='lat' dir='ltr'><em>ut</em></span> <span class='ocrx_word' id='word_1_88' title='bbox 1138 921 1304 959; x_wconf 75' lang='lat' dir='ltr'>honeste</span> <span class='ocrx_word' id='word_1_89' title='bbox 1331 922 1539 959; x_wconf 78' lang='lat' dir='ltr'>senescant</span> <span class='ocrx_word' id='word_1_90' title='bbox 1564 920 1629 959; x_wconf 87' lang='lat' dir='ltr'>vel</span> <span class='ocrx_word' id='word_1_91' title='bbox 1655 921 1835 959; x_wconf 72' lang='lat' dir='ltr'>crescant</span> 
     </span>
    </p>
   </div>
   <div class='ocr_carea' id='block_1_6' title="bbox 269 981 1093 1101">
    <p class='ocr_par' dir='ltr' id='par_1_6' title="bbox 269 981 1093 1101">
     <span class='ocr_line' id='line_1_13' title="bbox 269 981 576 1031; baseline -0.003 -12"><span class='ocrx_word' id='word_1_92' title='bbox 269 982 366 1021; x_wconf 81' lang='lat' dir='ltr'>satis</span> <span class='ocrx_word' id='word_1_93' title='bbox 399 981 576 1031; x_wconf 83' lang='lat' dir='ltr'>adparet.</span> 
     </span>
     <span class='ocr_line' id='line_1_14' title="bbox 1006 1059 1093 1101; baseline 0 -1"><span class='ocrx_word' id='word_1_94' title='bbox 1006 1059 1093 1101; x_wconf 83' lang='lat'><em>474</em></span> 
     </span>
    </p>
   </div>
   <div class='ocr_carea' id='block_1_7' title="bbox 269 1127 1838 1462">
    <p class='ocr_par' dir='ltr' id='par_1_7' title="bbox 269 1127 1838 1462">
     <span class='ocr_line' id='line_1_15' title="bbox 1049 1127 1518 1173; baseline -0.002 -1"><span class='ocrx_word' id='word_1_95' title='bbox 1049 1135 1136 1172; x_wconf 89' lang='grc' dir='ltr'><em>νῦν</em></span> <span class='ocrx_word' id='word_1_96' title='bbox 1168 1127 1216 1173; x_wconf 74' lang='grc' dir='ltr'><em>δὲ</em></span> <span class='ocrx_word' id='word_1_97' title='bbox 1247 1130 1356 1172; x_wconf 81' lang='grc' dir='ltr'><em>κατὰ</em></span> <span class='ocrx_word' id='word_1_98' title='bbox 1387 1131 1518 1172; x_wconf 89' lang='grc' dir='ltr'><em>πόλιν</em></span> 
     </span>
     <span class='ocr_line' id='line_1_16' title="bbox 483 1198 1598 1259; baseline -0.002 -13"><span class='ocrx_word' id='word_1_99' title='bbox 483 1203 639 1258; x_wconf 82' lang='grc' dir='ltr'><em>εὕρηκε</em></span> <span class='ocrx_word' id='word_1_100' title='bbox 672 1204 750 1245; x_wconf 92' lang='grc' dir='ltr'><em>τὸν</em></span> <span class='ocrx_word' id='word_1_101' title='bbox 783 1201 948 1259; x_wconf 68' lang='grc' dir='ltr'><em>ἕτερον,</em></span> <span class='ocrx_word' id='word_1_102' title='bbox 980 1202 1059 1244; x_wconf 91' lang='grc' dir='ltr'><em>τὸν</em></span> <span class='ocrx_word' id='word_1_103' title='bbox 1091 1199 1160 1257; x_wconf 87' lang='grc' dir='ltr'><em>σε’,</em></span> <span class='ocrx_word' id='word_1_104' title='bbox 1191 1202 1270 1244; x_wconf 92' lang='grc' dir='ltr'><em>τὸν</em></span> <span class='ocrx_word' id='word_1_105' title='bbox 1301 1198 1374 1257; x_wconf 76' lang='grc' dir='ltr'><em>ἐμὲ</em></span> <span class='ocrx_word' id='word_1_106' title='bbox 1405 1203 1598 1244; x_wconf 88' lang='grc' dir='ltr'><em>τουτονί.</em></span> 
     </span>
     <span class='ocr_line' id='line_1_17' title="bbox 386 1283 1837 1341; baseline -0.001 -12"><span class='ocrx_word' id='word_1_107' title='bbox 386 1290 626 1341; x_wconf 86' lang='lat' dir='ltr'>Apollonius</span> <span class='ocrx_word' id='word_1_108' title='bbox 663 1292 720 1329; x_wconf 84' lang='lat' dir='ltr'>De</span> <span class='ocrx_word' id='word_1_109' title='bbox 751 1302 862 1340; x_wconf 87' lang='lat' dir='ltr'>pron.</span> <span class='ocrx_word' id='word_1_110' title='bbox 894 1303 931 1340; x_wconf 88' lang='lat' dir='ltr'><em>p.</em></span> <span class='ocrx_word' id='word_1_111' title='bbox 967 1290 1020 1328; x_wconf 90' lang='lat'><em>13</em></span> <span class='ocrx_word' id='word_1_112' title='bbox 1054 1287 1280 1328; x_wconf 82' lang='lat' dir='ltr'>Schneider.</span> <span class='ocrx_word' id='word_1_113' title='bbox 1337 1283 1501 1328; x_wconf 81' lang='grc' dir='ltr'><em>Ἀττικοὶ</em></span> <span class='ocrx_word' id='word_1_114' title='bbox 1529 1293 1630 1341; x_wconf 81' lang='grc' dir='ltr'><em>γοῦν</em></span> <span class='ocrx_word' id='word_1_115' title='bbox 1659 1287 1728 1328; x_wconf 84' lang='grc' dir='ltr'><em>τὸν</em></span> <span class='ocrx_word' id='word_1_116' title='bbox 1759 1286 1837 1340; x_wconf 78' lang='grc' dir='ltr'><em>ἐμέ.</em></span> 
     </span>
     <span class='ocr_line' id='line_1_18' title="bbox 269 1345 1837 1402; baseline -0.001 -11"><span class='ocrx_word' id='word_1_117' title='bbox 269 1349 513 1402; x_wconf 85' lang='grc' dir='ltr'><em>Μένανδρος</em></span> <span class='ocrx_word' id='word_1_118' title='bbox 551 1348 593 1388; x_wconf 83' lang='grc' dir='ltr'><em>ἐν</em></span> <span class='ocrx_word' id='word_1_119' title='bbox 624 1345 783 1401; x_wconf 76' lang='grc' dir='ltr'><em>Ὑμνίδι</em></span> <span class='ocrx_word' id='word_1_120' title='bbox 819 1351 897 1388; x_wconf 86' lang='grc' dir='ltr'><em>κτλ.</em></span> <span class='ocrx_word' id='word_1_121' title='bbox 957 1349 1128 1387; x_wconf 86' lang='lat' dir='ltr'>Bekker.</span> <span class='ocrx_word' id='word_1_122' title='bbox 1160 1347 1305 1387; x_wconf 82' lang='lat' dir='ltr'>Aneed.</span> <span class='ocrx_word' id='word_1_123' title='bbox 1341 1349 1439 1399; x_wconf 84' lang='lat'>923,</span> <span class='ocrx_word' id='word_1_124' title='bbox 1473 1350 1528 1388; x_wconf 89' lang='grc'><em>10</em></span> <span class='ocrx_word' id='word_1_125' title='bbox 1565 1346 1629 1387; x_wconf 81' lang='grc' dir='ltr'><em>καὶ</em></span> <span class='ocrx_word' id='word_1_126' title='bbox 1669 1345 1837 1389; x_wconf 85' lang='grc' dir='ltr'><em>Μέναν-</em></span> 
     </span>
     <span class='ocr_line' id='line_1_19' title="bbox 270 1404 1838 1462; baseline -0.002 -12"><span class='ocrx_word' id='word_1_127' title='bbox 270 1412 362 1462; x_wconf 88' lang='grc' dir='ltr'><em>δρος</em></span> <span class='ocrx_word' id='word_1_128' title='bbox 388 1408 430 1449; x_wconf 81' lang='grc' dir='ltr'><em>ἐν</em></span> <span class='ocrx_word' id='word_1_129' title='bbox 460 1409 576 1449; x_wconf 79' lang='grc' dir='ltr'><em>ῧδατι</em></span> <span class='ocrx_word' id='word_1_130' title='bbox 607 1404 816 1462; x_wconf 74' lang='grc' dir='ltr'><em>(“”’Υμνιδι)·</em></span> <span class='ocrx_word' id='word_1_131' title='bbox 847 1406 916 1447; x_wconf 89' lang='grc' dir='ltr'><em>τὸν</em></span> <span class='ocrx_word' id='word_1_132' title='bbox 941 1405 1006 1459; x_wconf 81' lang='grc' dir='ltr'><em>ἐμὲ</em></span> <span class='ocrx_word' id='word_1_133' title='bbox 1036 1407 1204 1447; x_wconf 86' lang='grc' dir='ltr'><em>τουτονί.</em></span> <span class='ocrx_word' id='word_1_134' title='bbox 1267 1410 1304 1447; x_wconf 88' lang='grc'><em>2.</em></span> <span class='ocrx_word' id='word_1_135' title='bbox 1335 1406 1525 1460; x_wconf 82' lang='grc' dir='ltr'><em>πρότερον</em></span> <span class='ocrx_word' id='word_1_136' title='bbox 1555 1405 1582 1459; x_wconf 75' lang='grc' dir='ltr'><strong>ἢ</strong></span> <span class='ocrx_word' id='word_1_137' title='bbox 1608 1405 1649 1447; x_wconf 82' lang='grc' dir='ltr'><em>σὲ</em></span> <span class='ocrx_word' id='word_1_138' title='bbox 1678 1406 1746 1447; x_wconf 91' lang='grc' dir='ltr'><em>τὸν</em></span> <span class='ocrx_word' id='word_1_139' title='bbox 1771 1405 1838 1460; x_wconf 79' lang='grc' dir='ltr'><em>ἐμὲ</em></span> 
     </span>
    </p>
   </div>
   <div class='ocr_carea' id='block_1_8' title="bbox 269 1464 1836 1578">
    <p class='ocr_par' dir='ltr' id='par_1_8' title="bbox 269 1464 1836 1578">
     <span class='ocr_line' id='line_1_20' title="bbox 269 1464 1836 1519; baseline -0.001 -11"><span class='ocrx_word' id='word_1_140' title='bbox 269 1486 300 1509; x_wconf 86' lang='grc' dir='ltr'><em>τ.</em></span> <span class='ocrx_word' id='word_1_141' title='bbox 331 1471 380 1509; x_wconf 90' lang='grc' dir='ltr'><em>Η.</em></span> <span class='ocrx_word' id='word_1_142' title='bbox 412 1469 546 1508; x_wconf 83' lang='lat' dir='ltr'>Iacobi</span> <span class='ocrx_word' id='word_1_143' title='bbox 577 1469 613 1507; x_wconf 96' lang='lat' dir='ltr'><strong>V</strong></span> <span class='ocrx_word' id='word_1_144' title='bbox 646 1481 807 1508; x_wconf 68' lang='lat' dir='ltr'>ccnxvl.</span> <span class='ocrx_word' id='word_1_145' title='bbox 867 1466 935 1507; x_wconf 89' lang='grc' dir='ltr'><em>τὸν</em></span> <span class='ocrx_word' id='word_1_146' title='bbox 973 1465 1124 1519; x_wconf 74' lang='grc' dir='ltr'><em>ἕτερον,</em></span> <span class='ocrx_word' id='word_1_147' title='bbox 1162 1464 1215 1506; x_wconf 87' lang='grc' dir='ltr'><em>σε’.</em></span> <span class='ocrx_word' id='word_1_148' title='bbox 1246 1469 1290 1506; x_wconf 93' lang='grc' dir='ltr'><em>Β.</em></span> <span class='ocrx_word' id='word_1_149' title='bbox 1350 1465 1418 1507; x_wconf 92' lang='grc' dir='ltr'><em>τὸν</em></span> <span class='ocrx_word' id='word_1_150' title='bbox 1450 1464 1515 1518; x_wconf 81' lang='grc' dir='ltr'><em>ἐμὲ</em></span> <span class='ocrx_word' id='word_1_151' title='bbox 1545 1481 1596 1515; x_wconf 89' lang='grc' dir='ltr'><em>τ.;</em></span> <span class='ocrx_word' id='word_1_152' title='bbox 1631 1468 1836 1508; x_wconf 88' lang='lat' dir='ltr'>Herwerd.</span> 
     </span>
     <span class='ocr_line' id='line_1_21' title="bbox 272 1527 1617 1578; baseline -0.001 -10"><span class='ocrx_word' id='word_1_153' title='bbox 272 1530 383 1569; x_wconf 85' lang='lat' dir='ltr'>Stud.</span> <span class='ocrx_word' id='word_1_154' title='bbox 417 1530 501 1568; x_wconf 84' lang='lat' dir='ltr'>erit.</span> <span class='ocrx_word' id='word_1_155' title='bbox 536 1531 603 1568; x_wconf 83' lang='lat'><em>89.</em></span> <span class='ocrx_word' id='word_1_156' title='bbox 640 1550 688 1556; x_wconf 88' lang='lat'>—</span> <span class='ocrx_word' id='word_1_157' title='bbox 724 1528 773 1567; x_wconf 81' lang='lat' dir='ltr'><em>of.</em></span> <span class='ocrx_word' id='word_1_158' title='bbox 804 1528 907 1567; x_wconf 80' lang='lat' dir='ltr'>Plat.</span> <span class='ocrx_word' id='word_1_159' title='bbox 941 1527 1059 1578; x_wconf 86' lang='lat' dir='ltr'>Soph.</span> <span class='ocrx_word' id='word_1_160' title='bbox 1094 1529 1213 1566; x_wconf 84' lang='lat' dir='ltr'><strong>239a</strong></span> <span class='ocrx_word' id='word_1_161' title='bbox 1243 1527 1379 1578; x_wconf 84' lang='lat' dir='ltr'>ibique</span> <span class='ocrx_word' id='word_1_162' title='bbox 1410 1527 1617 1567; x_wconf 86' lang='lat' dir='ltr'>Heindorf.</span> 
     </span>
    </p>
   </div>
   <div class='ocr_carea' id='block_1_9' title="bbox 394 1642 1630 1925">
    <p class='ocr_par' dir='ltr' id='par_1_9' title="bbox 394 1642 1630 1925">
     <span class='ocr_line' id='line_1_22' title="bbox 1009 1642 1096 1686; baseline 0.011 -1"><span class='ocrx_word' id='word_1_163' title='bbox 1009 1642 1096 1686; x_wconf 83' lang='lat'><em>475</em></span> 
     </span>
     <span class='ocr_line' id='line_1_23' title="bbox 1093 1713 1554 1771; baseline 0 -14"><span class='ocrx_word' id='word_1_164' title='bbox 1093 1713 1203 1757; x_wconf 78' lang='grc' dir='ltr'><em>ἄλλα</em></span> <span class='ocrx_word' id='word_1_165' title='bbox 1233 1713 1554 1771; x_wconf 81' lang='grc' dir='ltr'><em>τάργυρώματα</em></span> 
     </span>
     <span class='ocr_line' id='line_1_24' title="bbox 485 1788 1078 1843; baseline -0.002 -13"><span class='ocrx_word' id='word_1_166' title='bbox 485 1788 576 1843; x_wconf 78' lang='grc' dir='ltr'><em>ἥκω</em></span> <span class='ocrx_word' id='word_1_167' title='bbox 609 1790 763 1842; x_wconf 82' lang='grc' dir='ltr'><em>λαβεῖν</em></span> <span class='ocrx_word' id='word_1_168' title='bbox 795 1789 1078 1843; x_wconf 83' lang='grc' dir='ltr'><em>βουλόμενος.</em></span> 
     </span>
     <span class='ocr_line' id='line_1_25' title="bbox 394 1869 1630 1925; baseline -0.001 -12"><span class='ocrx_word' id='word_1_169' title='bbox 394 1875 626 1914; x_wconf 83' lang='lat' dir='ltr'>Athenaeus</span> <span class='ocrx_word' id='word_1_170' title='bbox 660 1877 698 1925; x_wconf 89' lang='lat'><em>6,</em></span> <span class='ocrx_word' id='word_1_171' title='bbox 731 1876 811 1914; x_wconf 86' lang='grc'><em>231</em></span> <span class='ocrx_word' id='word_1_172' title='bbox 831 1888 855 1913; x_wconf 86' lang='lat' dir='ltr'>a</span> <span class='ocrx_word' id='word_1_173' title='bbox 898 1871 1141 1925; x_wconf 83' lang='grc' dir='ltr'><em>Μένανδρος</em></span> <span class='ocrx_word' id='word_1_174' title='bbox 1173 1903 1182 1912; x_wconf 94' lang='grc'><em>.</em></span> <span class='ocrx_word' id='word_1_175' title='bbox 1214 1903 1223 1912; x_wconf 89' lang='grc'><em>.</em></span> <span class='ocrx_word' id='word_1_176' title='bbox 1256 1902 1264 1912; x_wconf 95' lang='grc'><em>.</em></span> <span class='ocrx_word' id='word_1_177' title='bbox 1297 1871 1339 1912; x_wconf 78' lang='grc' dir='ltr'><em>ἐν</em></span> <span class='ocrx_word' id='word_1_178' title='bbox 1363 1869 1523 1924; x_wconf 63' lang='grc' dir='ltr'><em>Ὑμνίδι</em></span> <span class='ocrx_word' id='word_1_179' title='bbox 1554 1876 1630 1912; x_wconf 85' lang='grc' dir='ltr'><em>κτλ.</em></span> 
     </span>
    </p>
   </div>
   <div class='ocr_carea' id='block_1_10' title="bbox 277 2057 1843 2381">
    <p class='ocr_par' dir='ltr' id='par_1_10' title="bbox 277 2057 1843 2381">
     <span class='ocr_line' id='line_1_26' title="bbox 488 2057 1585 2117; baseline 0.001 -14"><span class='ocrx_word' id='word_1_180' title='bbox 488 2061 543 2104; x_wconf 86' lang='grc' dir='ltr'><em>οὐ</em></span> <span class='ocrx_word' id='word_1_181' title='bbox 574 2067 662 2117; x_wconf 87' lang='grc' dir='ltr'><em>πῦρ</em></span> <span class='ocrx_word' id='word_1_182' title='bbox 693 2061 778 2117; x_wconf 80' lang='grc' dir='ltr'><em>γὰρ</em></span> <span class='ocrx_word' id='word_1_183' title='bbox 811 2061 961 2115; x_wconf 83' lang='grc' dir='ltr'><em>αἰτῶν,</em></span> <span class='ocrx_word' id='word_1_184' title='bbox 994 2057 1099 2103; x_wconf 74' lang='grc' dir='ltr'><em>οὐδὲ</em></span> <span class='ocrx_word' id='word_1_185' title='bbox 1131 2058 1287 2104; x_wconf 82' lang='grc' dir='ltr'><em>λοπάδ’</em></span> <span class='ocrx_word' id='word_1_186' title='bbox 1324 2061 1585 2117; x_wconf 81' lang='grc' dir='ltr'><em>αἰτούμενος</em></span> 
     </span>
     <span class='ocr_line' id='line_1_27' title="bbox 394 2143 1841 2202; baseline 0.001 -17"><span class='ocrx_word' id='word_1_187' title='bbox 394 2147 686 2197; x_wconf 72' lang='lat' dir='ltr'>Harpocration</span> <span class='ocrx_word' id='word_1_188' title='bbox 711 2143 927 2202; x_wconf 76' lang='grc' dir='ltr'><em>ᾐτημένην·</em></span> <span class='ocrx_word' id='word_1_189' title='bbox 959 2146 1154 2186; x_wconf 83' lang='grc' dir='ltr'><em>αἰτεῖσθαι</em></span> <span class='ocrx_word' id='word_1_190' title='bbox 1173 2145 1305 2200; x_wconf 73' lang='grc' dir='ltr'><em>ἔλεγον</em></span> <span class='ocrx_word' id='word_1_191' title='bbox 1324 2145 1367 2186; x_wconf 91' lang='grc' dir='ltr'><em>τὸ</em></span> <span class='ocrx_word' id='word_1_192' title='bbox 1391 2151 1613 2199; x_wconf 83' lang='grc' dir='ltr'><em>κιχρᾶσθαι.</em></span> <span class='ocrx_word' id='word_1_193' title='bbox 1675 2146 1841 2187; x_wconf 83' lang='grc' dir='ltr'><em>Μέναν-</em></span> 
     </span>
     <span class='ocr_line' id='line_1_28' title="bbox 278 2202 1843 2261; baseline 0.001 -15"><span class='ocrx_word' id='word_1_194' title='bbox 278 2207 370 2258; x_wconf 84' lang='grc' dir='ltr'><em>δρος</em></span> <span class='ocrx_word' id='word_1_195' title='bbox 402 2205 444 2245; x_wconf 80' lang='grc' dir='ltr'><em>ἐν</em></span> <span class='ocrx_word' id='word_1_196' title='bbox 482 2208 533 2261; x_wconf 82' lang='grc' dir='ltr'><em>τῷ</em></span> <span class='ocrx_word' id='word_1_197' title='bbox 576 2202 804 2259; x_wconf 81' lang='lat' dir='ltr'>(perperam</span> <span class='ocrx_word' id='word_1_198' title='bbox 835 2207 954 2244; x_wconf 90' lang='lat' dir='ltr'>Mein.</span> <span class='ocrx_word' id='word_1_199' title='bbox 986 2203 1052 2260; x_wconf 78' lang='grc' dir='ltr'><em>τῇ)</em></span> <span class='ocrx_word' id='word_1_200' title='bbox 1079 2203 1248 2257; x_wconf 69' lang='grc' dir='ltr'><em>“’Τμνιδι</em></span> <span class='ocrx_word' id='word_1_201' title='bbox 1277 2209 1355 2246; x_wconf 85' lang='grc' dir='ltr'><em>κτλ.</em></span> <span class='ocrx_word' id='word_1_202' title='bbox 1416 2206 1599 2247; x_wconf 85' lang='lat' dir='ltr'>Ammon.</span> <span class='ocrx_word' id='word_1_203' title='bbox 1634 2210 1657 2247; x_wconf 89' lang='lat'>5</span> <span class='ocrx_word' id='word_1_204' title='bbox 1697 2206 1739 2247; x_wconf 90' lang='grc' dir='ltr'><em>τὸ</em></span> <span class='ocrx_word' id='word_1_205' title='bbox 1770 2205 1843 2259; x_wconf 80' lang='grc' dir='ltr'><em>μὲν</em></span> 
     </span>
     <span class='ocr_line' id='line_1_29' title="bbox 277 2263 1843 2320; baseline 0.001 -15"><span class='ocrx_word' id='word_1_206' title='bbox 277 2265 350 2319; x_wconf 80' lang='grc' dir='ltr'><em>γὰρ</em></span> <span class='ocrx_word' id='word_1_207' title='bbox 383 2265 476 2304; x_wconf 84' lang='grc' dir='ltr'><em>αἰτῶ</em></span> <span class='ocrx_word' id='word_1_208' title='bbox 509 2264 572 2320; x_wconf 77' lang='grc' dir='ltr'><em>ἐπὶ</em></span> <span class='ocrx_word' id='word_1_209' title='bbox 601 2270 672 2304; x_wconf 82' lang='grc' dir='ltr'><em>τοῦ</em></span> <span class='ocrx_word' id='word_1_210' title='bbox 704 2263 808 2312; x_wconf 72' lang='grc' dir='ltr'><em>ἅπαξ</em></span> <span class='ocrx_word' id='word_1_211' title='bbox 839 2279 874 2303; x_wconf 91' lang='grc' dir='ltr'><em>τι</em></span> <span class='ocrx_word' id='word_1_212' title='bbox 905 2265 1040 2316; x_wconf 88' lang='grc' dir='ltr'><em>λαβεῖν</em></span> <span class='ocrx_word' id='word_1_213' title='bbox 1070 2263 1137 2304; x_wconf 87' lang='grc' dir='ltr'><em>καὶ</em></span> <span class='ocrx_word' id='word_1_214' title='bbox 1167 2264 1221 2316; x_wconf 83' lang='grc' dir='ltr'><em>μὴ</em></span> <span class='ocrx_word' id='word_1_215' title='bbox 1247 2263 1485 2316; x_wconf 80' lang='grc' dir='ltr'><em>ἀποδοῦναι,</em></span> <span class='ocrx_word' id='word_1_216' title='bbox 1515 2264 1558 2306; x_wconf 89' lang='grc' dir='ltr'><em>τὸ</em></span> <span class='ocrx_word' id='word_1_217' title='bbox 1585 2264 1626 2306; x_wconf 80' lang='grc' dir='ltr'><em>δὲ</em></span> <span class='ocrx_word' id='word_1_218' title='bbox 1658 2266 1843 2319; x_wconf 82' lang='grc' dir='ltr'><em>αἰτοῦμαι</em></span> 
     </span>
     <span class='ocr_line' id='line_1_30' title="bbox 279 2322 1843 2381; baseline 0.001 -17"><span class='ocrx_word' id='word_1_219' title='bbox 279 2324 343 2364; x_wconf 84' lang='grc' dir='ltr'><em>ἐπὶ</em></span> <span class='ocrx_word' id='word_1_220' title='bbox 367 2330 436 2364; x_wconf 82' lang='grc' dir='ltr'><em>τοῦ</em></span> <span class='ocrx_word' id='word_1_221' title='bbox 456 2323 679 2376; x_wconf 79' lang='grc' dir='ltr'><em>χρήσασθαι</em></span> <span class='ocrx_word' id='word_1_222' title='bbox 705 2324 759 2371; x_wconf 83' lang='grc' dir='ltr'><em>εἰς</em></span> <span class='ocrx_word' id='word_1_223' title='bbox 783 2322 990 2363; x_wconf 82' lang='grc' dir='ltr'><em>ἀπόδοσιν.</em></span> <span class='ocrx_word' id='word_1_224' title='bbox 1027 2322 1268 2376; x_wconf 82' lang='grc' dir='ltr'><em>Μένανδρος</em></span> <span class='ocrx_word' id='word_1_225' title='bbox 1287 2323 1330 2364; x_wconf 80' lang='grc' dir='ltr'><em>ἐν</em></span> <span class='ocrx_word' id='word_1_226' title='bbox 1361 2327 1420 2381; x_wconf 77' lang='grc' dir='ltr'><em>τῷ</em></span> <span class='ocrx_word' id='word_1_227' title='bbox 1438 2322 1603 2376; x_wconf 73' lang='grc' dir='ltr'><em>1’Ύμνιδι</em></span> <span class='ocrx_word' id='word_1_228' title='bbox 1634 2324 1843 2366; x_wconf 84' lang='grc' dir='ltr'><em>διαστέλλει</em></span> 
     </span>
    </p>
   </div>
   <div class='ocr_carea' id='block_1_11' title="bbox 279 2381 1844 2497">
    <p class='ocr_par' dir='ltr' id='par_1_11' title="bbox 279 2381 1844 2497">
     <span class='ocr_line' id='line_1_31' title="bbox 280 2381 1844 2440; baseline 0.002 -17"><span class='ocrx_word' id='word_1_229' title='bbox 280 2387 357 2424; x_wconf 85' lang='grc' dir='ltr'><em>κτλ.</em></span> <span class='ocrx_word' id='word_1_230' title='bbox 419 2385 604 2423; x_wconf 86' lang='lat' dir='ltr'>similiter</span> <span class='ocrx_word' id='word_1_231' title='bbox 624 2384 769 2422; x_wconf 82' lang='lat' dir='ltr'>Suidas</span> <span class='ocrx_word' id='word_1_232' title='bbox 795 2382 1033 2435; x_wconf 81' lang='grc' dir='ltr'><em>αἰτήσασθαι</em></span> <span class='ocrx_word' id='word_1_233' title='bbox 1058 2387 1098 2423; x_wconf 87' lang='lat' dir='ltr'>et</span> <span class='ocrx_word' id='word_1_234' title='bbox 1130 2384 1361 2435; x_wconf 87' lang='grc' dir='ltr'><em>αἰτούμενος</em></span> <span class='ocrx_word' id='word_1_235' title='bbox 1387 2381 1622 2438; x_wconf 86' lang='lat' dir='ltr'>(utrubique</span> <span class='ocrx_word' id='word_1_236' title='bbox 1642 2382 1844 2440; x_wconf 78' lang='grc' dir='ltr'><em>”Υμνιδι).</em></span> 
     </span>
     <span class='ocr_line' id='line_1_32' title="bbox 279 2442 1843 2497; baseline 0.002 -14"><span class='ocrx_word' id='word_1_237' title='bbox 279 2445 449 2483; x_wconf 86' lang='lat' dir='ltr'>Bekker.</span> <span class='ocrx_word' id='word_1_238' title='bbox 482 2443 629 2482; x_wconf 80' lang='lat' dir='ltr'>Anecd.</span> <span class='ocrx_word' id='word_1_239' title='bbox 662 2445 759 2493; x_wconf 85' lang='lat'>359,</span> <span class='ocrx_word' id='word_1_240' title='bbox 793 2444 846 2482; x_wconf 90' lang='lat'><em>15</em></span> <span class='ocrx_word' id='word_1_241' title='bbox 880 2442 1130 2494; x_wconf 84' lang='grc' dir='ltr'><em>αἰτούμενος·</em></span> <span class='ocrx_word' id='word_1_242' title='bbox 1165 2443 1407 2495; x_wconf 85' lang='grc' dir='ltr'><em>κιχράμενος.</em></span> <span class='ocrx_word' id='word_1_243' title='bbox 1439 2446 1546 2484; x_wconf 90' lang='grc' dir='ltr'><em>Μεν.</em></span> <span class='ocrx_word' id='word_1_244' title='bbox 1566 2442 1735 2497; x_wconf 63' lang='grc' dir='ltr'><em>’Ύμνιδι</em></span> <span class='ocrx_word' id='word_1_245' title='bbox 1765 2449 1843 2486; x_wconf 85' lang='grc' dir='ltr'><em>κτλ.</em></span> 
     </span>
    </p>
   </div>
   <div class='ocr_carea' id='block_1_12' title="bbox 278 2500 1922 2557">
    <p class='ocr_par' dir='ltr' id='par_1_12' title="bbox 278 2500 1922 2557">
     <span class='ocr_line' id='line_1_33' title="bbox 278 2500 1922 2557; baseline 0.002 -15"><span class='ocrx_word' id='word_1_246' title='bbox 278 2504 374 2543; x_wconf 90' lang='lat' dir='ltr'>ibid.</span> <span class='ocrx_word' id='word_1_247' title='bbox 407 2505 480 2554; x_wconf 89' lang='grc'><em>81,</em></span> <span class='ocrx_word' id='word_1_248' title='bbox 515 2504 568 2542; x_wconf 89' lang='grc'><em>18</em></span> <span class='ocrx_word' id='word_1_249' title='bbox 613 2502 734 2542; x_wconf 86' lang='grc' dir='ltr'><em>αἰτεῖν</em></span> <span class='ocrx_word' id='word_1_250' title='bbox 777 2500 844 2541; x_wconf 84' lang='grc' dir='ltr'><em>καὶ</em></span> <span class='ocrx_word' id='word_1_251' title='bbox 882 2502 1077 2542; x_wconf 82' lang='grc' dir='ltr'><em>αἰτεῖσθαι</em></span> <span class='ocrx_word' id='word_1_252' title='bbox 1121 2501 1315 2555; x_wconf 83' lang='grc' dir='ltr'><em>διαφέρει·</em></span> <span class='ocrx_word' id='word_1_253' title='bbox 1353 2502 1402 2543; x_wconf 85' lang='grc' dir='ltr'><em>οὐ</em></span> <span class='ocrx_word' id='word_1_254' title='bbox 1447 2509 1528 2556; x_wconf 81' lang='grc' dir='ltr'><em>πῦρ</em></span> <span class='ocrx_word' id='word_1_255' title='bbox 1573 2503 1648 2557; x_wconf 84' lang='grc' dir='ltr'><em>γὰρ</em></span> <span class='ocrx_word' id='word_1_256' title='bbox 1685 2508 1762 2545; x_wconf 89' lang='grc' dir='ltr'><em>κτλ.</em></span> <span class='ocrx_word' id='word_1_257' title='bbox 1802 2508 1844 2545; x_wconf 76' lang='lat' dir='ltr'>et</span> <span class='ocrx_word' id='word_1_258' title='bbox 1917 2529 1922 2533; x_wconf 93' lang='lat'>·</span> 
     </span>
    </p>
   </div>
   <div class='ocr_carea' id='block_1_13' title="bbox 281 2560 1843 2663">
    <p class='ocr_par' dir='ltr' id='par_1_13' title="bbox 281 2560 1843 2663">
     <span class='ocr_line' id='line_1_34' title="bbox 281 2560 1843 2661; baseline 0.003 -59"><span class='ocrx_word' id='word_1_259' title='bbox 281 2565 378 2613; x_wconf 84' lang='lat'>360,</span> <span class='ocrx_word' id='word_1_260' title='bbox 411 2564 437 2601; x_wconf 87' lang='lat'>4</span> <span class='ocrx_word' id='word_1_261' title='bbox 456 2561 741 2661; x_wconf 22' lang='grc' dir='ltr'><em>ἑκίτήσὲἡσθαι·6</em></span> <span class='ocrx_word' id='word_1_262' title='bbox 757 2560 799 2601; x_wconf 90' lang='grc' dir='ltr'><em>τὸ</em></span> <span class='ocrx_word' id='word_1_263' title='bbox 831 2561 1064 2615; x_wconf 81' lang='grc' dir='ltr'><em>χρήσασθαι.</em></span> <span class='ocrx_word' id='word_1_264' title='bbox 1095 2560 1348 2615; x_wconf 84' lang='grc' dir='ltr'><em>Μένανδρος.</em></span> <span class='ocrx_word' id='word_1_265' title='bbox 1389 2564 1448 2602; x_wconf 73' lang='lat' dir='ltr'><em>of.</em></span> <span class='ocrx_word' id='word_1_266' title='bbox 1481 2564 1603 2603; x_wconf 83' lang='lat' dir='ltr'>etiam</span> <span class='ocrx_word' id='word_1_267' title='bbox 1634 2565 1751 2604; x_wconf 85' lang='lat' dir='ltr'>Phot.</span> <span class='ocrx_word' id='word_1_268' title='bbox 1776 2567 1843 2616; x_wconf 92' lang='grc'><em>77,</em></span> 
     </span>
     <span class='ocr_line' id='line_1_35' title="bbox 283 2622 1143 2663; baseline 0.001 -2"><span class='ocrx_word' id='word_1_269' title='bbox 283 2625 319 2662; x_wconf 93' lang='grc'><em>1.</em></span> <span class='ocrx_word' id='word_1_270' title='bbox 353 2643 408 2650; x_wconf 93' lang='grc'>-</span> <span class='ocrx_word' id='word_1_271' title='bbox 439 2622 453 2660; x_wconf 83' lang='lat' dir='ltr'>i</span> <span class='ocrx_word' id='word_1_272' title='bbox 483 2635 546 2663; x_wconf 81' lang='lat' dir='ltr'>em</span> <span class='ocrx_word' id='word_1_273' title='bbox 613 2651 623 2660; x_wconf 91' lang='lat'>.</span> <span class='ocrx_word' id='word_1_274' title='bbox 657 2624 710 2662; x_wconf 86' lang='lat'><em>13</em></span> <span class='ocrx_word' id='word_1_275' title='bbox 746 2651 755 2661; x_wconf 90' lang='grc'><em>.</em></span> <span class='ocrx_word' id='word_1_276' title='bbox 1132 2626 1143 2629; x_wconf 46' lang='lat'><em>⁴</em></span> 
     </span>
    </p>
   </div>
   <div class='ocr_carea' id='block_1_14' title="bbox 565 2675 1169 2816">
    <p class='ocr_par' dir='ltr' id='par_1_14' title="bbox 565 2675 1169 2816">
     <span class='ocr_line' id='line_1_36' title="bbox 1021 2675 1169 2745; baseline -0.007 0"><span class='ocrx_word' id='word_1_277' title='bbox 1021 2702 1106 2745; x_wconf 81' lang='lat'><em>477</em></span> <span class='ocrx_word' id='word_1_278' title='bbox 1163 2675 1169 2679; x_wconf 63' lang='grc'><strong>’</strong></span> 
     </span>
     <span class='ocr_line' id='line_1_37' title="bbox 565 2758 827 2816; baseline -0.004 -12"><span class='ocrx_word' id='word_1_279' title='bbox 565 2760 755 2816; x_wconf 83' lang='grc' dir='ltr'><em>βάκηλος</em></span> <span class='ocrx_word' id='word_1_280' title='bbox 786 2758 827 2803; x_wconf 78' lang='grc' dir='ltr'><em>εἰ</em></span> 
     </span>
    </p>
   </div>
   <div class='ocr_carea' id='block_1_15' title="bbox 283 2843 1846 2962">
    <p class='ocr_par' dir='ltr' id='par_1_15' title="bbox 283 2843 1846 2962">
     <span class='ocr_line' id='line_1_38' title="bbox 402 2843 1843 2902; baseline 0.002 -16"><span class='ocrx_word' id='word_1_281' title='bbox 402 2847 598 2886; x_wconf 85' lang='lat' dir='ltr'>Zenobius</span> <span class='ocrx_word' id='word_1_282' title='bbox 640 2848 788 2887; x_wconf 88' lang='lat' dir='ltr'>Milleri</span> <span class='ocrx_word' id='word_1_283' title='bbox 827 2850 870 2898; x_wconf 92' lang='grc'><em>2,</em></span> <span class='ocrx_word' id='word_1_284' title='bbox 910 2850 965 2887; x_wconf 88' lang='grc'><em>70</em></span> <span class='ocrx_word' id='word_1_285' title='bbox 1009 2843 1239 2902; x_wconf 77' lang='lat' dir='ltr'>(Melanges</span> <span class='ocrx_word' id='word_1_286' title='bbox 1284 2845 1390 2901; x_wconf 85' lang='lat'>365)</span> <span class='ocrx_word' id='word_1_287' title='bbox 1433 2848 1606 2900; x_wconf 85' lang='grc' dir='ltr'><em>βάκηλος</em></span> <span class='ocrx_word' id='word_1_288' title='bbox 1648 2845 1699 2888; x_wconf 86' lang='grc' dir='ltr'><em>εἶ·</em></span> <span class='ocrx_word' id='word_1_289' title='bbox 1743 2849 1843 2902; x_wconf 73' lang='grc' dir='ltr'><em>αὕτη</em></span> 
     </span>
     <span class='ocr_line' id='line_1_39' title="bbox 283 2901 1846 2962; baseline 0.003 -18"><span class='ocrx_word' id='word_1_290' title='bbox 283 2901 495 2960; x_wconf 80' lang='grc' dir='ltr'><em>τέτα(κ)ται</em></span> <span class='ocrx_word' id='word_1_291' title='bbox 544 2905 641 2946; x_wconf 81' lang='grc' dir='ltr'><em>κατὰ</em></span> <span class='ocrx_word' id='word_1_292' title='bbox 689 2912 766 2946; x_wconf 88' lang='grc' dir='ltr'><em>τῶν</em></span> <span class='ocrx_word' id='word_1_293' title='bbox 811 2905 982 2946; x_wconf 79' lang='grc' dir='ltr'><em>ἐκλύτων</em></span> <span class='ocrx_word' id='word_1_294' title='bbox 1024 2905 1091 2946; x_wconf 84' lang='grc' dir='ltr'><em>καὶ</em></span> <span class='ocrx_word' id='word_1_295' title='bbox 1132 2905 1356 2959; x_wconf 80' lang='grc' dir='ltr'><em>ἀνάνδρων.</em></span> <span class='ocrx_word' id='word_1_296' title='bbox 1426 2905 1573 2960; x_wconf 83' lang='grc' dir='ltr'><em>λέγεται</em></span> <span class='ocrx_word' id='word_1_297' title='bbox 1617 2906 1659 2948; x_wconf 79' lang='grc' dir='ltr'><em>δὲ</em></span> <span class='ocrx_word' id='word_1_298' title='bbox 1701 2909 1846 2962; x_wconf 85' lang='grc' dir='ltr'><em>κυρίως</em></span> 
     </span>
    </p>
   </div>
   <div class='ocr_carea' id='block_1_16' title="bbox 1999 2491 2014 2958">
    <p class='ocr_par' dir='ltr' id='par_1_16' title="bbox 1999 2491 2014 2958">
     <span class='ocr_line' id='line_1_40' title="bbox 1999 2491 2014 2958; textangle 90"><span class='ocrx_word' id='word_1_299' title='bbox 1999 2636 2014 2958; x_wconf 50' lang='lat' dir='ltr'><em>-1;*»r..³o‹*un·›wm.·..-‹</em></span> <span class='ocrx_word' id='word_1_300' title='bbox 2011 2560 2014 2569; x_wconf 70' lang='grc'><em>,,</em></span> <span class='ocrx_word' id='word_1_301' title='bbox 2007 2534 2011 2540; x_wconf 86' lang='grc'>-</span> <span class='ocrx_word' id='word_1_302' title='bbox 2007 2491 2009 2494; x_wconf 88' lang='grc'><strong>-</strong></span> 
     </span>
    </p>
   </div>
   <div class='ocr_carea' id='block_1_17' title="bbox 1995 3165 2014 3215">
    <p class='ocr_par' dir='ltr' id='par_1_17' title="bbox 1995 3165 2014 3215">
     <span class='ocr_line' id='line_1_41' title="bbox 1995 3165 2014 3215; textangle 90"><span class='ocrx_word' id='word_1_303' title='bbox 1995 3165 2014 3215; x_wconf 59' lang='lat'><em>⁵:5⁶2·—</em></span> 
     </span>
    </p>
   </div>
  </div>
 </body>
</html>
