2014 3334
657 242 1368 284 ΝΑΤΚΛΗΡοΣ--ΞΕΝΟΛΟΓΟΣ
1722 245 1807 288 103

970 377 1058 421 353

650 461 804 520 ἑτέρου
836 465 1098 518 λυχνοῦχος,
1132 461 1285 519 ἑτέρου
1318 464 1517 518 λήκυθος

338 550 578 590 Ammonius
599 552 656 590 90
687 549 850 602 λυχνίον
882 545 986 588 ἐστὶν
1011 546 1037 600 ἡ
1058 549 1197 602 λυχνία
1224 547 1463 604 (Antiphan.
1486 552 1554 600 55,
1577 545 1637 602 2),
1663 549 1805 602 λύχνος

217 607 455 665 (λυχνοῦχος
484 605 625 665 Mein.)
659 607 701 650 δὲ
733 607 754 650 ὁ
787 608 929 661 φανός.
992 607 1236 663 Μένανδρος
1268 608 1311 650 έν
1343 607 1598 662 Νομοθέταις
1629 613 1708 650 κτλ.

855 735 1200 783 ΞΕΝοΛοΓοΣι

337 815 508 856 Photius
546 817 587 855 ef,
611 815 841 867 Hesychius
881 814 1104 868 ξενολόγος·
1144 812 1283 862 ξένους
1322 812 1520 867 συλλέγων
1559 813 1804 866 στρατιώτας.

215 875 456 927 Harpocrat.
493 877 589 924 133,
624 877 678 915 27
714 873 819 924 ξένοι
851 875 894 915 οἱ
921 874 1180 927 μισθοφόροι.
1242 874 1405 915 Diodor.
1437 876 1503 924 14,
1536 876 1590 915 47
1626 870 1804 927 (Καρχη-

217 930 367 990 δόνιοι)
399 934 493 988 μετὰ
524 937 682 975 πολλῶν
714 935 925 989 χρημάτων
950 933 1182 976 ἀπέστειλάν
1213 949 1322 982 τινας
1349 965 1358 974 .
1385 965 1394 974 .
1422 965 1430 973 .
1458 934 1803 987 ξενολογήσοντας.

216 997 266 1036 cf.
301 998 368 1045 13,
401 997 470 1036 44.
507 997 574 1045 19,
608 998 674 1036 61.
718 997 839 1036 Isocr.
874 998 913 1046 5,
947 998 1001 1036 96
1042 993 1358 1049 ἀναγκαζόμενοι
1390 995 1612 1048 ξενολογεῖν
1645 993 1688 1035 ἐκ
1725 1000 1804 1035 τῶν

60 1071 61 1075 ’
135 1105 139 1108 ξ
215 1054 371 1096 πόλεων
409 1051 703 1110 (στρατολογεῖν
739 1056 949 1097 Demosth.
984 1058 1061 1106 40,
1102 1051 1178 1109 36)
1228 1053 1374 1095 πλέον
1424 1053 1688 1106 ἀνήλισκον
1738 1054 1805 1103 εἰς

215 1114 298 1164 τὰς
329 1114 589 1168 διδομένας
626 1119 726 1164 τοῖς
764 1114 1050 1170 συλλέγουσι
1089 1114 1270 1169 δωρεὰς
1307 1112 1334 1167 ἢ
1365 1113 1438 1166 τὴν
1477 1114 1532 1163 εἰς
1564 1114 1657 1163 τοὺς
1689 1125 1802 1167 στρα-

215 1175 354 1225 τιώτας
385 1175 657 1230 μισθοφοράν.

961 1270 1050 1312 354

432 1354 596 1411 ἀνδρὸς
627 1352 815 1411 πένητος
845 1353 958 1409 υἱός,
991 1352 1346 1409 ἐκτεθραμμένος

432 1426 515 1469 οὐκ
548 1425 591 1479 ἐξ
623 1426 931 1484 ὑπαρχόντων,
965 1424 1085 1482 ὁρῶν
1120 1420 1334 1481 ᾐσχύνετο

431 1500 510 1542 τὸν
540 1497 707 1556 πατέρα
739 1494 859 1555 μί’κρ
895 1499 1068 1555 ἔχοντα
1114 1495 1377 1547 παιδευθεὶς
1408 1496 1494 1552 γὰρ
1528 1492 1578 1538 εὖ

430 1571 509 1614 τὸν
539 1571 712 1629 καρπὸν
744 1570 885 1622 εὐθὺς
917 1570 1134 1613 ἀπεδίδου
1168 1568 1347 1627 χάριτος
1377 1570 1527 1612 καλόν.

336 1660 476 1699 Theon
508 1659 627 1709 Soph.
647 1672 759 1711 prog.
781 1658 838 1697 IV
867 1659 950 1697 199
978 1657 1104 1698 Walz.
1139 1651 1309 1711 (91,11
1346 1651 1552 1710 Spengel.)
1585 1654 1803 1706 ἐπιφωνεῖν

216 1718 397 1773 διηγήσει
439 1717 519 1759 ε’στὶ
561 1717 604 1759 τὸ
642 1715 739 1758 καθ’
787 1716 952 1758 ἕκαστον
995 1715 1112 1771 μέρος
1150 1721 1220 1769 τῆς
1258 1715 1478 1770 διηγήσεως
1515 1730 1682 1789 γνωμην
1720 1714 1803 1755 ἑπι-

215 1777 342 1834 λέγειν
368 1809 378 1819 .
404 1809 413 1819 .
440 1778 632 1836 ,θεάτρῳ
663 1778 731 1819 καὶ
756 1783 913 1834 σκηνῇ.
934 1776 1198 1829 ,ἐπιτήδειον
1246 1775 1308 1817 διὸ
1333 1775 1400 1816 καὶ
1425 1775 1534 1829 παρὰ
1558 1778 1640 1824 τοῖς
1669 1774 1803 1816 τοιού-

215 1854 296 1888 τοις
325 1843 509 1892 ποιηταῖς
540 1837 604 1880 ἐπὶ
634 1837 817 1879 πλεῖστόν
848 1837 966 1890 ἐστιν,
1005 1836 1058 1886 ὡς
1088 1836 1197 1890 παρὰ
1229 1836 1461 1893 Μενάνδρῳ
1498 1838 1698 1888 πολλαχοῦ
1731 1833 1804 1887 μὲν

216 1898 409 1952 ἀλλαχόθι
445 1915 513 1940 και
550 1898 593 1940 ἐν
631 1898 729 1955 ἀρχῇ
763 1897 805 1939 δὲ
836 1903 906 1939 τοῦ
945 1913 983 1938 τε
1015 1897 1233 1951 Δαρδάνου
1265 1895 1333 1937 καὶ
1370 1901 1441 1937 τοῦ
1472 1894 1693 1969 Ξενολόγου
1725 1899 1802 1935 κτλ.

217 1958 237 2000 ὅ
269 1958 344 2014 γὰρ
370 1962 589 2008 τελευταῖος
622 1960 749 2012 στίχος
775 1958 817 1999 ἐκ
848 1963 1028 2011 περιττοῦ
1060 1957 1286 2011 πρόσκειται
1312 1956 1551 2010 θηρώμενος
1576 1955 1703 2008 μόνον
1735 1954 1803 1996 τὸν

216 2019 324 2073 παρὰ
357 2026 434 2060 τῶν
465 2023 623 2060 θεατῶν
656 2018 833 2061 ἔπαινον.
900 2022 935 2058 1.
969 2013 1012 2059 ευ
1038 2022 1146 2071 τεθρ.
1185 2018 1231 2059 G.
1263 2018 1310 2058 A
1343 2016 1802 2068 Hirsohig.Ann.01it

217 2083 287 2121 23.
350 2082 389 2121 4.
422 2079 577 2132 χάριτος
610 2081 698 2120 add.
732 2079 997 2119 Camerarius
1049 2078 1204 2132 χάριτος
1235 2076 1429 2118 ἀπεδίδου
1462 2078 1637 2129 Spengel
1682 2098 1728 2103 —
1764 2078 1801 2117 2.

217 2139 293 2181 οὐκ
317 2138 357 2189 ἐξ
389 2139 470 2192 om,
502 2141 528 2179 i.
561 2154 593 2180 e.
626 2140 903 2192 sumptuosius
931 2153 1053 2191 quam
1085 2152 1158 2190 pro
1190 2139 1320 2191 patris
1354 2138 1509 2189 opibus,
1542 2139 1590 2176 ut
1609 2136 1802 2176 Horassius

217 2196 322 2254 (Sat.
354 2205 389 2250 1,
423 2203 462 2249 6,
497 2202 564 2241 79.
592 2196 680 2254 80).
730 2200 858 2240 filium
889 2201 1070 2250 pudebat
1099 2201 1258 2250 patrem
1289 2201 1375 2238 tam
1405 2211 1623 2250 pauperem
1654 2197 1803 2247 videre,

216 2261 241 2300 i.
275 2274 307 2300 e.
339 2274 431 2300 oum
463 2260 694 2302 adiuvabat
744 2260 832 2301 veri
863 2260 1037 2300 similius
1070 2262 1133 2300 est
1164 2260 1214 2299 ad
1244 2259 1432 2308 Xenoloyz·
1463 2271 1585 2310 quam
1618 2257 1667 2296 ad
1693 2258 1801 2296 Dar-

217 2322 314 2361 dani
344 2320 558 2372 prologum
593 2322 691 2361 haec
723 2322 938 2372 pertinere.

967 2449 1057 2492 355

434 2533 576 2584 οὕτως
607 2532 932 2588 ἀσυλλόγιστον
963 2532 990 2588 ἡ
1023 2533 1132 2589 τύχη
1165 2538 1297 2586 ποιεῖ,

433 2606 482 2648 τὸ
516 2604 749 2662 συμφέρον
780 2606 827 2647 τί
853 2603 950 2648 ποτ’
988 2603 1109 2647 ἐστὶν
1140 2603 1386 2660 ἀνθρώπου
1417 2603 1516 2659 βίῳ,

435 2677 490 2720 οὐ
521 2682 679 2734 χρῆται
709 2677 880 2732 νόμοις,
911 2674 1017 2719 καθ’
1055 2675 1134 2726 οὓς
1165 2677 1307 2731 κρίνει
1338 2674 1391 2716 τὰ
1422 2672 1669 2728 πράγματα,

435 2746 533 2792 οὐδ’
571 2750 692 2792 ἔστιν
723 2749 864 2791 εἰπεῖν
897 2751 1036 2800 ζῶντα
1062 2743 1208 2790 ‘vafra’
1244 2746 1299 2788 οὐ
1330 2739 1559 2800 πείσομαί.

341 2836 538 2875 Stobaeus
558 2835 643 2877 Ecl.
665 2837 703 2887 1,
726 2832 838 2890 7(8)‚
862 2838 884 2876 7
899 2849 923 2875 a
949 2834 1148 2874 Wachsm.
1183 2832 1431 2884 Μενάνδρου
1464 2828 1668 2886 Ξενολόγῳ
1696 2825 1801 2884 (ξεν-

220 2891 357 2949 ολιῦγω)
392 2895 441 2934 ad
473 2909 509 2935 v.
532 2897 555 2934 2
582 2895 615 2934 F
648 2908 749 2947 mrg.
775 2897 816 2935 et
842 2897 892 2934 ad
924 2895 994 2935 ecl.
1017 2895 1042 2934 8
1075 2891 1299 2945 μενάνδρου
1327 2891 1478 2944 ξενολὺγ
1502 2891 1532 2929 P
1558 2904 1659 2942 mrg.
1692 2890 1800 2939 ξενο-

221 2954 322 3013 λόγῳ
343 2956 511 2995 Heeren.
556 2969 592 2996 v.
614 2957 638 2995 4
661 2954 858 2996 Stobaeus
877 2955 1014 2995 Floril.
1038 2955 1135 3005 111,
1158 2955 1212 2993 10
1246 2950 1493 3005 Μενάνδρου
1514 2950 1561 2990 A.
1597 2950 1799 2990 Plutarch.
