2014 3334
281 225 369 267 204
606 228 608 232 ’
919 228 1217 263 MENANAPOT

400 337 584 388 Compar.
616 339 719 378 Men.
752 340 792 378 et
823 339 923 379 Phil.
958 342 1041 380 366
1082 336 1351 392 (Studemund
1394 342 1490 380 153.
1523 342 1547 379 4
1582 355 1618 391 p.
1652 335 1739 394 30).
1816 342 1852 379 1.

279 395 348 436 τὸν
380 398 468 436 add.
501 398 704 437 Heinsius.
755 398 952 455 δυσφήμῳ
977 399 1127 450 BentL]
1173 400 1382 451 δυσφημεῖ.
1448 403 1486 440 2.
1519 399 1698 456 ἐκμελετᾷ
1728 398 1852 450 idem]

279 458 425 512 μελετᾷ.
475 459 691 513 προμελετᾷ
723 459 844 499 Dobr.
877 459 981 499 Adv.
1013 460 1053 498 II
1087 461 1182 500 285.

1029 576 1113 619 716

496 644 519 687 ὁ
551 645 609 700 μὴ
642 644 820 702 τρέφων
850 652 1066 690 τεκοῦσαν
1098 647 1145 690 ἐκ
1175 646 1330 704 τέχνης
1360 647 1462 698 νέος

494 717 689 774 ἄκαρπος
721 714 851 769 οὗτός
883 717 969 762 ἐστ’
1008 718 1092 762 ἀπὸ
1126 719 1245 776 ῥίζης
1276 720 1449 770 κλάδος.

400 803 581 854 Compar.
602 805 704 845 Men.
726 807 766 844 et
786 806 889 846 Phil.
912 808 996 847 366
1019 801 1288 859 (Studemund
1311 808 1407 847 155.
1431 809 1454 846 6
1475 821 1511 858 p.
1530 802 1617 859 30).
1681 808 1719 845 2.
1739 800 1855 854 οὗτός

278 858 355 901 ἐστ’
393 863 528 914 Mein.]
563 862 666 903 ἐστιν
699 864 823 913 οὕτως
849 866 927 912 QP.
990 867 1161 906 forfiasse
1193 863 1370 920 ἄκαρπος
1402 865 1590 920 ἀγαθῆς
1622 862 1696 905 ἐστ’
1726 863 1791 905 ἀπ.
1818 864 1851 919 ῤ.

278 945 335 949 —-
375 925 409 963 1.
444 921 486 962 ἐκ
516 921 666 976 τέχνης,
699 937 743 964 (3oe
774 927 937 975 opificio.

1026 1008 1109 1049 717

1256 1066 1279 1109 ὁ
1312 1067 1511 1123 προσιὼν

491 1134 635 1191 γέρων
667 1135 830 1192 ἁλιεύς,
861 1134 968 1194 παρ’
1005 1134 1059 1180 οὗ
1090 1139 1139 1181 τὸ
1173 1136 1360 1195 φέρνιον
1391 1140 1544 1194 τρίτην

491 1207 657 1263 ταύτην
689 1204 922 1264 ἐπριάμεθ’
957 1208 1138 1266 ἡμέραν.

397 1295 633 1333 Eustathius
670 1296 773 1344 742,
807 1296 861 1335 58
907 1296 1050 1348 φερνία
1089 1294 1131 1335 δὲ
1171 1295 1324 1348 ἰχθύων
1364 1296 1548 1349 σπυρίδες
1612 1294 1853 1349 Μένανδρος

276 1357 352 1393 κτλ.
418 1355 561 1393 Pollux
598 1356 663 1406 10,
699 1357 781 1394 132
821 1354 868 1394 τὰ
900 1354 1037 1403 ἁλιέως
1069 1356 1188 1407 σκεύη
1222 1354 1404 1408 φέρνιον,
1438 1356 1599 1409 σπυρίς,
1631 1356 1852 1409 σπυρίδιον.

277 1415 324 1453 cf.
363 1415 400 1464 6,
435 1416 501 1453 94.
553 1414 737 1454 Ammon.
774 1417 856 1454 144
889 1413 1055 1467 φέρνιον
1087 1414 1128 1455 τὸ
1161 1414 1380 1455 ἁλιευτικὸν
1412 1417 1632 1468 σπυρίδιον.
1678 1416 1851 1467 Hesyeh.

277 1468 464 1527 φ(ε’)ρμια
502 1468 598 1526 (sie)
638 1471 685 1521 ἃς
726 1473 825 1514 ἔνιοι
869 1473 1048 1526 ἀσίλλας,
1092 1474 1159 1522 τὰς
1196 1474 1239 1514 ἐκ
1277 1476 1446 1528 σχοίνων
1483 1473 1743 1527 πλεκομένας,
1786 1473 1851 1515 καὶ

279 1531 452 1585 ἰχθυηρὰ
496 1531 652 1586 ἀγγεῖα,
697 1529 784 1573 οἷον
836 1535 1035 1588 σπυρίδια.
1109 1535 1325 1575 Herodian.
1356 1536 1377 1574 I
1415 1537 1520 1584 360,
1554 1538 1621 1576 20.
1656 1537 1710 1574 24
1754 1549 1851 1587 προ-

275 1592 538 1644 παροξύνεται
573 1624 580 1631 .
609 1625 615 1631 .
645 1625 652 1633 .
688 1593 876 1645 ποίμνιον
913 1626 919 1633 .
948 1626 955 1634 .
991 1594 1177 1647 παίγνιον
1213 1626 1220 1634 .
1248 1627 1256 1634 .
1286 1626 1293 1634 .
1330 1593 1494 1647 φέρνιον
1531 1592 1556 1646 ἡ
1597 1592 1737 1647 σπυρὶς
1773 1600 1851 1634 τῶν

277 1651 443 1704 ἰχθύων.
505 1652 686 1704 Alciphr.
723 1656 758 1704 1,
793 1655 830 1705 9,
864 1656 887 1692 2
928 1653 991 1694 ἐπὶ
1028 1660 1106 1694 τῶν
1145 1655 1320 1706 φερνίων
1356 1655 1528 1706 κομίζειν
1566 1653 1658 1702 τοὺς
1697 1653 1852 1706 ἰχθύας.

276 1712 401 1751 latine
439 1716 583 1761 sporta.
631 1734 680 1739 ———
729 1713 890 1753 videtur
930 1715 1055 1754 fuisse
1087 1715 1323 1755 diverbium.
1386 1710 1480 1768 (τίς)
1519 1712 1539 1754 ὅ
1576 1713 1770 1767 προσιών;
1807 1715 1852 1753 Β.

275 1769 401 1824 γέρων
433 1774 510 1811 κτλ.

1028 1855 1112 1898 718

1122 1928 1164 1969 εἰ
1193 1924 1274 1982 μὲν
1306 1928 1362 1982 δή
1393 1943 1494 1970 τινα

562 2030 571 2039 .
634 1999 775 2054 πόρον
807 1999 935 2054 ἔχεις·
969 1999 1010 2041 εἰ
1041 1995 1088 2041 δὲ
1111 1999 1193 2054 μή,
1226 1994 1402 2053 νενόηκ’
1439 1997 1538 2052 ἐγώ,

495 2076 692 2124 μισῶμεν
724 2069 952 2125 ἀλλήλους.

396 2155 526 2194 Schol.
546 2156 708 2195 Homer.
729 2156 852 2195 Koen.
874 2156 992 2208 Greg.
1013 2157 1101 2196 Cor.
1122 2171 1159 2207 p.
1180 2159 1248 2196 48.
1272 2158 1295 2195 9
1331 2156 1484 2195 Schaef.
1517 2154 1591 2195 οὐκ
1623 2152 1771 2203 ἐλλιπὲς
1807 2155 1849 2195 τὸ

276 2220 345 2266 τῆς
371 2214 566 2268 φράσεως,
592 2211 668 2254 ἀλλ’
699 2214 921 2267 ἀρχαιικόν.
944 2247 950 2254 .
993 2214 1236 2268 Μένανδρος
1262 2218 1339 2255 κτλ.
1390 2215 1564 2254 Cramer.
1586 2215 1731 2255 Anecd.
1759 2216 1849 2254 Par.

278 2275 341 2313 III
362 2276 402 2326 5,
426 2277 446 2313 1
471 2277 511 2314 et
534 2277 631 2326 274,
654 2277 705 2315 27
740 2273 983 2327 Μένανδρος
1008 2278 1083 2314 κτλ.
1124 2271 1242 2330 (μισῶ
1263 2271 1366 2329 μὲν).
1417 2288 1462 2314 ac
1494 2280 1593 2325 μισῶ
1625 2272 1697 2326 μὲν
1729 2275 1851 2314 etiam

277 2334 383 2385 apud
417 2334 572 2373 Schaef.
634 2349 670 2374 v.
706 2337 741 2374 1.
765 2337 787 2373 2
818 2335 1061 2374 Eustathius
1080 2337 1147 2384 66,
1169 2337 1222 2374 32
1257 2332 1500 2386 Μένανδρος
1531 2331 1552 2373 ὅ
1584 2332 1754 2385 κωμικός
1773 2336 1850 2373 κτλ.

280 2397 316 2433 1.
349 2393 384 2433 εἰ
419 2391 491 2445 μὲν
532 2387 606 2433 οὖν
641 2394 646 2441 Ι
681 2394 729 2433 σύ
768 2408 855 2433 τινα
892 2393 1018 2446 πόρον
1056 2393 1153 2446 ἔχεις
1190 2394 1395 2433 Herwerd.
1427 2393 1517 2433 Obs.
1550 2394 1636 2433 crit.
1671 2395 1738 2434 96.
1800 2392 1850 2432 σὺ

277 2452 403 2505 πόρον
441 2451 536 2505 ἔχεις
573 2449 648 2493 τιν’
691 2453 740 2492 H.
773 2454 918 2493 Iacobi.
969 2453 1005 2493 εἰ
1039 2451 1111 2506 μὲν
1150 2453 1198 2505 δή
1236 2468 1323 2492 τινα
1351 2451 1356 2503 Ι
1385 2451 1546 2505 ἀπόρων
1587 2452 1712 2505 πόρον
1752 2451 1849 2504 ἔχεις

277 2509 382 2566 (ἰοὺιι
419 2513 497 2552 nisi
528 2514 570 2552 in
606 2514 734 2564 primo
772 2513 872 2564 pede
905 2514 970 2553 vix
1007 2509 1228 2566 tolerabili)
1267 2513 1311 2552 O.
1343 2513 1475 2552 Hense
1507 2513 1616 2552 Leet.
1650 2512 1759 2552 Sbob.
1794 2515 1843 2551 21

277 2573 366 2611 adn.
412 2595 461 2599 ——
508 2573 708 2612 sententia
753 2574 932 2613 obscura.
1007 2586 1135 2624 neque
1176 2574 1254 2612 hue
1298 2574 1428 2611 facere
1471 2573 1632 2612 videtur
1675 2572 1847 2622 Hesych.

277 2631 513 2683 γευσώμεθα
551 2631 744 2683 ἀλλήλων·
789 2636 929 2685 πεῖραν
967 2632 1159 2685 λάβωμεν.
1221 2632 1395 2682 perbinet
1428 2633 1532 2671 enim
1571 2632 1621 2671 ad
1652 2630 1768 2671 Hom.
1799 2631 1847 2669 Il.

279 2694 347 2742 20,
381 2693 477 2731 258.

1025 2773 1108 2815 719

634 2875 644 2885 .
707 2844 859 2899 εἰρήνη
892 2844 1091 2899 γεωργὸν
1122 2842 1204 2885 κάν
1235 2841 1413 2899 πέτραις

491 2914 643 2971 τρέφει
674 2917 829 2969 καλῶς,
863 2916 1052 2970 πόλεμος
1083 2911 1132 2957 δὲ
1160 2914 1244 2957 κάν
1276 2914 1412 2971 πεδίῳ
1444 2920 1599 2963 κακῶς.
