2014 3334
237 219 263 259 8
619 198 622 201 ’
792 229 797 232 -
872 214 1169 250 MENANAPOT

358 329 551 368 Stobaeus
597 322 734 365 ‘mm-il.
780 327 853 376 56,
898 327 921 364 3
990 323 1235 374 Μενάνδρου
1280 319 1536 372 Ἀδελφῶν
1579 323 1628 361 Α.
1695 337 1732 363 v.
1769 325 1797 363 4

242 388 416 427 Iustinus
454 388 510 425 De
537 387 734 425 monarch.
769 386 862 424 40b
895 379 951 437 (p.
981 385 1063 423 148
1098 377 1213 434 Otto)
1251 380 1293 420 ἐν
1324 379 1572 437 Μισουμένῳ
1606 379 1647 421 δὲ
1678 381 1797 422 πάλιν

239 445 475 497 ἀποφαίνων
511 451 588 484 τῶν
626 444 679 491 εἰς
715 443 838 490 θεοὺς
874 439 1292 494 παραλαμβανομένων
1329 439 1397 487 τὰς
1433 440 1612 493 γνώμας,
1650 444 1798 493 μᾶλλον

241 503 283 544 δὲ
322 503 484 557 ἐλέγχων
524 502 575 551 ὡς
616 502 688 543 οὐκ
732 500 846 549 ὄντας
886 499 906 540 ὁ
948 500 1064 548 αὐτὸς
1103 498 1344 552 Μένανδρος
1385 529 1394 539 .
1427 529 1436 539 .
1468 529 1478 539 .
1518 499 1561 539 ἐν
1594 497 1799 541 εΑλιεῦσι.

241 563 282 603 τὸ
313 563 387 617 γὰρ
419 567 494 602 κτλ.
544 576 589 602 ac
621 563 675 601 sic
700 558 860 600 ‘Alce'mv
887 561 1057 600 Stobaeo
1089 573 1162 610 pro
1183 556 1386 609 Ἀδελφῶν
1417 560 1596 610 reposuit
1616 560 1798 600 Grauert.

242 624 355 662 Anal.
386 624 479 662 his‘n.
509 623 605 672 phil.
642 623 733 660 143.
801 623 834 658 1.
868 616 923 670 6⁹]
959 616 994 658 δ’
1029 619 1076 658 Α.
1141 621 1177 657 2.
1209 617 1318 657 ταυτὶ
1349 619 1463 658 Voss.
1527 621 1563 658 3.
1599 617 1671 670 τὴν
1701 619 1797 673 γῆν]

239 681 326 721 τινὰ
357 687 432 734 γῆν
462 681 664 719 Herwerd.
697 679 787 718 Obs.
821 680 905 718 crib.
935 681 1001 718 85.
1034 676 1122 729 οὐχὶ
1145 683 1226 716 πᾶν
1258 683 1358 717 ποιῶ
1389 675 1532 733 γῄδιον
1550 679 1668 719 Mein.
1690 680 1798 720 Sizob.

240 741 321 779 IIII
340 753 445 779 LXXI.
499 738 630 789 ἐσίδω]
653 738 771 778 ἐπίδω
792 739 1004 777 Elmsleius
1028 738 1126 776 Aah.
1144 739 1198 776 42
1220 739 1337 787 auct„
1363 738 1511 777 iniuria
1534 739 1799 789 reprehensus

242 813 264 838 a
295 800 511 838 Friizzschio
549 799 672 837 Arisiz.
711 799 866 836 Thesm.
901 798 983 836 657
1022 811 1060 847 p.
1095 799 1198 847 242,
1242 797 1438 847 siquidem
1482 800 1575 837 ante
1620 800 1800 838 vocalem

240 859 380 897 comici
411 859 495 897 sola
527 857 580 904 εἰς
611 859 739 896 forma
768 858 997 895 utebantur.
1031 857 1078 895 ef.
1113 855 1354 895 Bachmann.
1379 855 1552 897 Conieofi.
1578 858 1703 897 Arist.
1731 860 1800 899 87.

241 919 278 956 8.
311 919 430 966 atque
473 915 621 967 ἐφορᾶν
659 917 714 955 sie
745 916 867 954 Arist.
905 916 1001 954 Aah.
1039 916 1161 954 1156.
1208 915 1364 954 Thesm.
1401 918 1525 956 1049.
1569 917 1668 957 Ran.
1702 919 1800 958 879.

240 974 445 1015 ἐπιδέσθαι
476 977 580 1014 Nub.
614 978 709 1015 289.
771 978 808 1014 4.
839 973 880 1013 τὸ
913 973 960 1025 δὴ
995 996 1050 1001 —
1083 971 1179 1026 λέγω
1211 977 1253 1012 θ.
1284 977 1453 1015 monost.
1486 978 1583 1016 490.
1661 1030 1679 1038 ρ

361 1037 396 1074 3.
417 1033 487 1085 τὴν
506 1040 581 1087 γῆν
599 1048 677 1073 non
697 1035 1007 1084 vituperandum
1027 1036 1104 1073 est:
1131 1047 1220 1073 cum
1242 1035 1348 1073 enim
1368 1035 1512 1074 dixerit
1530 1032 1630 1088 χαῖρ’
1654 1037 1685 1074 ὠ
1705 1035 1801 1087 φίλη

240 1099 304 1145 γῆ,
329 1096 435 1132 recte
456 1094 566 1132 addit
585 1107 663 1132 non
683 1097 798 1132 totam
816 1096 965 1132 terram
991 1107 1014 1132 a
1040 1106 1080 1132 se
1107 1094 1286 1143 salutari,
1311 1094 1379 1132 sed
1400 1095 1585 1146 exiguam
1604 1096 1690 1134 eius
1708 1109 1800 1146 par-

239 1153 412 1202 ticulam,
434 1165 547 1191 suum
569 1153 755 1203 agellum.
787 1153 956 1192 fortasse
976 1155 1110 1191 tamen
1135 1157 1211 1205 γῆν
1235 1149 1346 1204 τήνδ’
1368 1155 1468 1193 home
1486 1165 1612 1194 meam
1622 1157 1801 1204 patriam

239 1224 316 1250 non
353 1215 468 1250 totam
505 1213 646 1256 saluto,
684 1212 754 1250 sed
791 1213 977 1263 agellum.
1037 1225 1132 1250 nam
1171 1211 1237 1251 ὅδε
1275 1225 1496 1263 pronomen
1532 1214 1672 1254 comici
1710 1227 1801 1253 oum

241 1271 489 1310 substantivo
520 1271 766 1322 coniungunt
797 1274 836 1310 et
868 1272 1003 1310 addito
1035 1271 1205 1311 arficulo
1238 1274 1279 1311 et
1310 1273 1467 1313 omisso.

990 1387 1045 1429 14

451 1468 473 1510 ὁ
505 1476 674 1524 πρῶτος
705 1468 847 1525 εὑρὼν
880 1470 1127 1525 διατροφὴν
1157 1476 1314 1528 πτωχῷ
1346 1469 1507 1527 τέχνην

450 1541 640 1590 πολλοὺς
671 1539 874 1595 ἐποίησεν
905 1540 1109 1592 ἀθλίους·
1143 1541 1313 1585 ἁπλοῦν
1343 1543 1428 1599 γὰρ
1459 1540 1516 1598 ’ἧν

450 1611 527 1652 τὸν
559 1611 616 1666 μὴ
650 1611 898 1666 δυνάμενον
931 1614 1007 1667 ζῆν
1038 1612 1216 1664 ἀλύπως
1247 1613 1506 1657 ἀποθανεῖν.

357 1695 552 1736 Stobaeus
578 1698 712 1736 Floril.
740 1700 806 1748 61,
842 1701 861 1736 1
896 1698 1142 1751 Μενάνδρου
1168 1695 1326 1747 Ἁλιέως
1358 1700 1406 1739 Α.
1456 1702 1588 1742 ΡΙαιιὴ.
1619 1702 1727 1741 Trin.
1762 1705 1799 1752 2,

241 1757 278 1804 2,
298 1755 352 1794 58
381 1756 429 1794 de'
448 1758 616 1795 ‘mendico
634 1758 734 1796 maile
758 1761 922 1796 meretur
941 1761 1007 1806 qm·
1031 1761 1069 1798 ei
1090 1761 1159 1798 dat
1188 1761 1288 1808 quod
1320 1761 1395 1800 edit
1425 1762 1494 1800 αάύ
1524 1763 1643 1801 bibat:
1672 1758 1678 1814 Ι
1704 1775 1797 1802 nam

240 1814 274 1851 e't
302 1815 399 1853 illud
429 1817 528 1863 quod
559 1817 625 1855 dat
647 1817 780 1865 perdit
809 1821 843 1855 et
871 1819 931 1856 illi
953 1819 1089 1866 prddit
1119 1814 1164 1871 (i.
1197 1832 1228 1858 e.
1260 1817 1466 1874 producit)
1498 1823 1618 1861 vitam
1649 1823 1701 1861 ad
1730 1824 1802 1861 ‘rm'-

239 1875 390 1912 seriam.
433 1870 637 1926 (Toeppel.
665 1877 802 1927 Progr.
828 1877 974 1916 Neobr.
1010 1880 1121 1917 1857
1154 1893 1191 1929 p.
1215 1875 1300 1926 11.)

987 1993 1041 2035 15

1015 2075 1074 2126 ὡς
1106 2073 1154 2118 δὲ
1184 2077 1266 2132 τὴν
1297 2078 1437 2134 ἄκραν

518 2144 792 2198 κάμπτοντας
822 2145 934 2201 ἡμᾶς
965 2143 1102 2201 εἶδον,
1135 2147 1345 2203 ἐμβάντες
1375 2151 1485 2205 ταχὺ

520 2214 804 2270 ἀνηγάγοντο.

355 2299 520 2339 Bekker.
549 2302 692 2340 Anecd.
715 2304 812 2354 402,
845 2305 868 2342 8
902 2302 1166 2357 ἀνηγάγοντο·
1198 2303 1436 2357 ἀνήχθησαν
1462 2337 1471 2346 .
1492 2337 1501 2346 .
1522 2337 1531 2346 .
1557 2306 1800 2362 Μένανδρος

232 2353 425 2396 Ἁλιεῦσιν
456 2362 531 2397 κτλ.
593 2360 837 2412 κάμπτοντας
867 2363 1056 2414 Bekker]
1101 2364 1352 2416 κάμπτοντες.
1415 2363 1474 2406 ‘ut
1509 2381 1580 2408 nos
1609 2381 1798 2419 promum-

240 2419 384 2455 turium
413 2421 595 2465 flectentes
625 2422 813 2467 viderwnt,
847 2424 1014 2462 celeriter
1044 2437 1182 2463 navem
1213 2424 1536 2466 conscenderunt?

990 2539 1044 2581 16

1086 2609 1386 2654 ἐκλελάκτικεν
1409 2590 1412 2592 ³

481 2675 503 2717 ὁ
534 2678 720 2732 χρηστὸς
750 2678 856 2734 ἡμῖν
887 2682 1058 2735 μοιχός,
1091 2680 1191 2724 ἀλλ’·
1222 2682 1495 2740 ἀντάλλαγος
1529 2710 1583 2716 --

359 2759 500 2799 Suidas
542 2760 781 2817 ἀντάλλαγον
818 2767 981 2804 καλοῦσι
1017 2765 1085 2806 τὸν
1122 2765 1208 2807 ἀντὶ
1246 2766 1365 2809 ἄλλου
1407 2769 1670 2826 ἠλλαγμένον,
1711 2771 1799 2825 οὐχὶ

239 2814 439 2858 ἄνταλλον.
466 2818 703 2875 Μένανδρος
725 2853 756 2862 ..
771 2853 780 2862 .
801 2823 842 2863 ἐν
855 2820 980 2864 Ἁλιεῖ
988 2828 1064 2865 κτλ.
1096 2827 1201 2866 idem
1220 2826 1501 2871 ἕκλελάκτικεν·
1533 2829 1797 2884 ἀποβέβηκεν,

239 2874 450 2929 ἀπέφυγεν.
510 2879 668 2920 Bekker
698 2883 845 2923 Anecd.
875 2886 972 2934 410,
1007 2887 1062 2924 30
1105 2884 1335 2936 ἀνταλλαῑος
1373 2887 1508 2942 (Mein.
1540 2889 1796 2945 ἀντάλλαγος)
