2014 3334
240 237 295 278 57
300 237 328 278 2
631 227 635 232 ’
897 240 1157 273 ΑΔΕΣΠΟΤΑ

975 371 1061 414 958

525 432 815 483 βασιλειῶντα

359 515 582 565 Hesychius
619 515 796 570 βασιλείᾳ
833 514 1151 568 ἐπιβαλλόμενον.
1209 518 1264 557 sic
1303 518 1409 557 enim
1439 518 1558 557 Mein.
1589 531 1661 569 pro
1692 518 1804 570 βασι-

239 574 346 613 λείαν
389 575 515 627 περιβ.
560 577 621 614 est
664 588 710 614 ex
748 575 1027 616 desidera‘oivis
1064 577 1164 627 illis,
1207 590 1377 628 quorum
1419 590 1607 628 magnam
1648 578 1804 628 copiam

242 634 441 672 finxerunh
472 634 623 675 comici.

982 715 1067 758 959

524 799 827 854 βολβωρυχεῖν

358 883 529 935 βολβοὺς
561 882 745 936 ὀρύττειν.
796 886 965 924 Bekker.
999 886 1145 924 Anecd.
1173 887 1241 936 30,
1269 887 1333 926 30.
1397 887 1544 926 comice
1583 887 1720 926 ficium
1751 887 1802 926 ad

241 944 541 983 similitudinem
574 945 684 984 verbi
715 948 975 996 τοιχωρυχεῖν.
1026 946 1072 984 cf.
1108 945 1230 984 Arist.
1262 945 1367 985 Nub.
1399 947 1492 985 188.

982 1073 1069 1115 960

524 1132 863 1187 βομβυλεύματα

358 1218 584 1268 Hesychius
627 1216 673 1257 τὰ
711 1217 916 1271 μαγειρικὰ
947 1216 1147 1270 ἀρτύματα
1180 1216 1527 1270 κατεσκευασμένα.
1564 1241 1612 1246 -
1648 1223 1802 1271 μονθυ-

239 1275 409 1327 λεύματα
434 1278 498 1317 vel
529 1275 883 1329 μεμονθυλευμένα
908 1279 960 1318 Μ.
982 1279 1168 1318 Schmidt.
1217 1279 1372 1318 Alexid.
1395 1281 1491 1329 273,
1516 1282 1539 1318 2
1563 1274 1628 1332 (cx
1653 1279 1803 1319 emend.

242 1332 390 1390 Dobr.).
442 1337 542 1376 Poll.
571 1339 612 1385 6,
642 1339 697 1376 60
729 1337 775 1376 αἱ
806 1336 979 1390 περιτταὶ
1016 1338 1219 1378 σκευασίαι
1255 1335 1510 1385 ὀνθυλεύσεις
1545 1337 1612 1378 καὶ
1648 1341 1804 1389 μονθυ-

239 1395 388 1443 λεύσεις
420 1395 643 1436 ἐκαλοῦντο.
704 1398 752 1436 cf.
784 1398 930 1448 Phryn.
963 1398 1070 1448 Epit.
1098 1399 1190 1441 356,
1216 1400 1256 1437 et
1287 1398 1344 1437 ibi
1375 1398 1545 1437 Lobeck.
1628 1398 1630 1400 ’

976 1513 1060 1556 961

525 1573 854 1628 βοστρυχίζεται

307 1691 310 1694 .
358 1660 567 1709 κοσμεῖται.
617 1658 853 1709 Hesychius.
904 1660 951 1699 cf.
984 1659 1142 1699 Anaxil.
1171 1662 1238 1699 42.

981 1775 1067 1818 962

525 1834 740 1890 βοτρύδια

361 1919 504 1957 Pollux
535 1921 579 1970 5,
613 1923 667 1960 97
710 1916 773 1975 (τὰ
805 1918 961 1973 ἐνώτια)
1007 1919 1176 1960 ἐκαλεῖτο
1220 1919 1327 1973 παρὰ
1370 1923 1450 1968 τοῖς
1491 1920 1696 1976 κωμῳδοῖς
1739 1918 1803 1959 καὶ

241 1976 573 2030 ἐγκλαστρίὸια
615 1978 681 2018 καὶ
730 1981 974 2032 στροβίλια
1019 1978 1085 2019 καὶ
1133 1979 1367 2032 βοτρύδια
1410 1978 1475 2018 καὶ
1519 1979 1693 2029 πλάστρα
1736 1978 1804 2019 καὶ

241 2036 526 2088 καρυάτιδες
563 2037 629 2078 καὶ
666 2039 989 2091 ἵπποκάμπια,
1026 2038 1093 2078 καὶ
1129 2039 1438 2091 κενταυρίδες
1473 2037 1539 2077 καὶ
1570 2038 1803 2091 ἔντροφον

241 2095 306 2135 καὶ
343 2097 559 2149 τρίπους,
604 2099 726 2150 δῆλον
763 2097 815 2146 ὥς
854 2098 931 2138 ἀπὸ
975 2105 1052 2139 τῶν
1093 2098 1300 2151 σχημάτων
1339 2096 1522 2150 θεμένων
1558 2097 1689 2137 αὐτῶν
1725 2101 1805 2146 τοῖς

242 2154 415 2204 ἕνωτίοις
446 2156 514 2204 τὰς
544 2159 818 2212 προσηγορίας.
871 2173 919 2198 ex
944 2159 1195 2198 Pherecratis
1214 2157 1367 2210 Λήροις
1398 2158 1591 2208 quaedam
1625 2158 1805 2198 derivata

241 2216 429 2255 videntur
459 2218 669 2257 Meinekio.
731 2218 904 2271 πλάστρα
937 2221 1030 2258 sunt
1061 2218 1265 2268 Aristoph.
1297 2219 1346 2257 fr.
1373 2219 1471 2268 320,
1500 2218 1565 2255 10.

984 2334 1070 2377 963

527 2394 847 2448 βουλοκοπίδαι

362 2480 533 2519 Bekker.
564 2479 713 2519 Anecd.
741 2483 843 2530 221,
872 2483 896 2520 3
930 2480 972 2520 οἵ
1004 2478 1075 2531 τὴν
1112 2477 1263 2531 βουλὴν
1300 2477 1527 2529 κόπτοντες,
1565 2477 1694 2530 ὥσπερ
1733 2476 1806 2518 εἰσὶ

243 2537 308 2576 καὶ
346 2538 566 2590 δημοκόποι
604 2539 646 2578 οἵ
678 2538 746 2578 τὸν
784 2540 913 2591 δῆμον
950 2539 1168 2586 κόπτοντες.
1230 2539 1375 2577 comice
1413 2539 1549 2577 fictum
1584 2540 1631 2577 ufi
1661 2534 1805 2589 Ἑρμο-

243 2598 415 2648 κοπίδαι,
448 2599 517 2638 sed
547 2599 607 2638 ita
638 2600 778 2649 opinor
807 2602 855 2639 ut
886 2601 1106 2639 adulatores
1137 2598 1300 2637 senatus
1333 2598 1541 2648 significet.

977 2714 1064 2757 964

527 2774 728 2830 βούχρως
758 2789 823 2825 τις

362 2859 528 2911 ἰσχυρός.
579 2860 812 2911 Hesychius.
860 2862 909 2899 ub
939 2857 1096 2913 εὔχρως.
1145 2861 1193 2898 cf.
1219 2859 1401 2910 βούπαις.
1451 2855 1579 2897 ‘cuius
1604 2858 1712 2897 color
1739 2871 1802 2897 ro-

245 2920 404 2957 bustam
435 2919 709 2959 valetudinem
738 2932 833 2970 prae
866 2933 907 2958 se
939 2916 1045 2958 fert'.
