2014 3334
895 227 994 260 ΤΗΣ
1020 226 1148 260 ΝΕΑΣ
1725 226 1810 270 461

232 339 482 395 αἰχμάλωτον
512 339 730 394 γενόμενον
755 335 838 380 εἶτα
864 338 1167 393 ὑποστρέψαντα
1191 338 1291 393 πρὸς
1322 338 1464 380 ἑαυτὸν
1488 345 1534 396 τῇ
1559 339 1671 381 πόλει
1692 337 1814 393 Ἀθη-

232 401 360 442 ναίων
391 399 536 454 κριθὰς
567 398 766 452 ἐκπέμψαι
797 401 932 453 φησίν.
964 400 1201 452 Hesychius.
1264 401 1311 440 cf.
1344 401 1582 453 Bernhardy
1608 401 1813 442 Eratosth.

231 463 314 502 231
333 475 390 513 sq.
418 461 602 501 Schmidt
622 461 780 512 Didym.
797 463 864 502 55.
904 461 955 500 ad
973 461 1185 512 Euagorae
1212 462 1395 511 tempora
1420 462 1545 500 refert
1576 462 1815 513 Meinekius,

228 534 277 561 ex
307 522 514 562 comoedia
546 523 709 573 sumpta
741 534 826 561 esse
859 534 1037 561 censens.

983 650 1066 693 291

514 767 810 777 .....
873 733 1009 777 οὐδέν
1040 731 1129 776 ἐστ’
1166 728 1263 776 ἀλλ’
1298 732 1325 788 ἢ
1358 734 1541 789 γνάθος,

349 821 533 861 Clemens
560 822 674 860 Alex.
698 821 820 862 Paed.
849 823 887 871 2,
924 825 961 872 1,
994 823 1021 860 4
1052 820 1123 860 καί
1150 835 1218 872 μοι
1250 820 1366 860 δοκεῖ
1390 818 1412 860 ὃ
1442 826 1620 871 τοιοῦτος
1651 819 1813 876 ἅνθρω-

227 895 304 929 πος
335 878 456 922 οὐδὲν
487 877 573 921 ἀλλ’
607 878 635 933 ἢ
665 880 821 934 γνάθος
852 876 964 921 εἶναι.

515 1083 565 1125 τὸ
598 1081 905 1139 Ξενοκράτους
935 1084 1092 1138 τυρίον

349 1169 547 1209 Stobaeus
568 1170 707 1209 Floril.
731 1172 798 1220 17,
821 1171 875 1209 25
909 1167 1154 1223 Ξενοκράτης
1174 1168 1215 1208 εἴ
1232 1183 1326 1209 ποτε
1352 1170 1540 1222 σταμνίον
1566 1170 1681 1211 οἴνου
1702 1170 1813 1212 ἀνοί-

229 1229 343 1280 ξειεν,
368 1227 549 1280 ἔφθανεν
580 1227 601 1269 ὁ
627 1224 737 1277 οἶνος
768 1228 1004 1282 τρεπόμενος
1035 1227 1130 1282 πρὶν
1162 1227 1435 1282 ἀναλωθῆναι.
1486 1228 1553 1270 καὶ
1583 1230 1630 1270 τὰ
1654 1229 1738 1283 ὄψα
1770 1229 1813 1271 δὲ

227 1288 416 1337 πολλάκις
448 1286 549 1329 ἕωλα
580 1287 811 1342 ἕξέρριπτεν.
873 1288 995 1330 ἔνθεν
1026 1288 1093 1329 καὶ
1123 1286 1149 1340 ἡ
1181 1290 1373 1342 παροιμία
1403 1292 1482 1330 κτλ.
1545 1289 1608 1330 ἐπὶ
1638 1297 1717 1331 τῶν
1749 1289 1813 1331 ἐπὶ

228 1347 331 1389 πολὺ
368 1347 679 1403 παραμενόντων
721 1348 788 1389 καὶ
830 1347 884 1401 μὴ
928 1349 1086 1402 τάχιστα
1128 1347 1462 1402 ἀναλισκομένων.
1524 1364 1648 1392 exscr.
1687 1353 1813 1393 Mant.

228 1421 338 1460 prov.
373 1411 411 1459 3,
447 1411 513 1449 18.
563 1410 738 1450 comicae
770 1410 932 1450 videtur
962 1409 1119 1451 incudis
1151 1423 1249 1450 esse.

891 1507 897 1514 ’
973 1539 1060 1582 293

348 1625 478 1666 Varro
516 1625 599 1666 Sat.
639 1627 812 1678 Menipp.
847 1628 921 1677 32,
956 1629 977 1666 1
1024 1625 1136 1666 Oehl.
1175 1641 1212 1677 p.
1249 1628 1332 1666 128
1366 1641 1386 1666 e
1420 1627 1550 1667 Nonio
1581 1629 1812 1668 subducere.-

228 1697 294 1734 (³90
331 1698 435 1725 unus
472 1687 614 1726 scilicet
650 1689 899 1736 antiqwrum
934 1687 1134 1726 hominum
1176 1688 1373 1727 subductis
1415 1689 1635 1736 superciliis
1671 1690 1811 1734 dicam,

227 1744 459 1798 γαμήσεις
491 1751 610 1786 νοῦν
647 1744 785 1799 ε’;χων
825 1747 909 1786 cod.
941 1757 1214 1798 ταμησιονουν
1251 1745 1362 1799 ε’χων
1413 1747 1609 1787 Oehlerus
1646 1748 1811 1802 γαμήσω

227 1809 329 1844 νοῦν
354 1803 465 1857 ἔχων.
515 1805 704 1859 γαμήσεις
723 1806 841 1847 Mein.
891 1807 939 1845 cf.
959 1806 1142 1846 Menand.
1165 1808 1274 1858 65,1
1323 1806 1487 1860 γαμήσω
1518 1809 1812 1858 posterioribus

228 1877 307 1904 non
340 1865 590 1905 inusitatum.

976 1959 1064 2002 294

409 2041 662 2099 οὑριστικὸς
695 2039 737 2085 δ’
772 2042 1057 2098 Εὐβουλίδης
1089 2042 1112 2086 ὁ
1144 2044 1375 2100 κερατίνας
1407 2043 1584 2100 ἐρωτῶν

406 2112 480 2157 καὶ
510 2109 838 2166 ψευδαλαζόσιν
870 2116 1021 2170 λόγοις
1051 2116 1158 2166 τοὺς
1189 2115 1380 2172 ῥήτορας
1410 2118 1631 2172 κυρίττων

336 2232 338 2235 ,
407 2183 565 2241 ἐπῆλθ’
602 2187 715 2242 ἔχων
747 2185 1076 2243 Δημοσθένους
1106 2187 1188 2242 τὴν
1220 2187 1676 2245 ῥωποπερπερήθραν.

347 2272 548 2324 Diogenes
586 2273 720 2313 Laer.t
760 2275 806 2325 2,
847 2276 930 2314 108
983 2278 1052 2325 τῆς
1095 2272 1318 2314 Εὐκλείδου
1375 2274 1564 2328 διαδοχῆς
1613 2273 1692 2314 ἐστι
1743 2274 1810 2315 καὶ

229 2329 484 2384 Ευβουλίδης
515 2330 536 2372 ὅ
569 2332 785 2385 Μιλήσιος,
817 2329 861 2381 ὃς
891 2348 959 2373 και
994 2333 1202 2382 πολλοὺς
1244 2332 1293 2373 ἐν
1332 2335 1606 2390 διαλεκτικῇ
1638 2334 1810 2389 λόγους

228 2387 426 2443 ἠρώτησε,
463 2390 532 2432 τόν
562 2406 601 2432 τε
631 2392 884 2445 ψευδόμενον
917 2424 926 2433 .
957 2423 967 2432 .
1000 2423 1009 2433 .
1039 2392 1107 2433 καὶ
1138 2394 1308 2447 σωρίτην
1344 2393 1411 2434 καὶ
1448 2395 1706 2448 κερατίνην
1743 2394 1810 2435 καὶ

229 2450 445 2505 φαλακρόν.
513 2451 601 2506 περὶ
637 2452 779 2494 τούτου
817 2453 920 2505 φησί
952 2468 1010 2501 τις
1052 2459 1131 2492 τῶν
1167 2460 1353 2506 κωμικῶν
1390 2458 1469 2494 κτλ.
1531 2456 1676 2495 Suidas
1714 2470 1809 2507 ρομ-

229 2510 564 2564 βοστωμυλήθρα·
597 2511 856 2565 Εὐβουλίδης
887 2513 1028 2564 φησίν·
1060 2511 1248 2566 ἐριστικὸς
1278 2515 1461 2567 κερατίνα
1493 2537 1549 2542 -
1582 2514 1809 2567 ρομβοστω-

232 2569 447 2622 μυλήθραν
479 2567 680 2625 (confudit
710 2573 955 2612 Eubulidem
986 2586 1076 2613 eum
1107 2574 1258 2614 comico
1295 2588 1386 2614 eum
1418 2570 1649 2628 inridente).
1711 2589 1747 2615 v.
1782 2578 1806 2615 3

231 2629 437 2669 Plutarch.
459 2631 663 2671 Demosth.
686 2635 709 2672 9
743 2638 821 2672 τῶν
853 2630 896 2672 δὲ
926 2639 1112 2684 κωμικῶν
1138 2648 1193 2680 τις
1225 2631 1348 2674 αὐτὸν
1369 2630 1678 2688 (Δημοσθένην)
1709 2633 1809 2675 ἀπο-

230 2692 347 2729 καλεῖ
372 2688 775 2744 ρωποπερπερήθραν.
832 2693 1017 2732 Eustath.
1051 2696 1149 2744 927,
1183 2695 1237 2732 56
1280 2692 1322 2732 ἐκ
1352 2693 1494 2734 τούτου
1527 2690 1617 2748 (τοῦ
1650 2691 1807 2749 ρώπου)

230 2746 296 2788 καὶ
328 2747 698 2803 ρωποπερπερήθρα
728 2767 784 2800 τις
817 2747 864 2805 (l)
897 2752 1155 2806 προσερρήθη
1188 2750 1251 2791 ἐπι
1282 2753 1506 2805 χυδαιότητι
1536 2752 1603 2793 καὶ
1634 2755 1809 2810 φλυαρία

230 2808 517 2861 σκωπτόμενος.
582 2813 618 2850 1.
650 2808 671 2850 ὁ
702 2811 790 2852 add.
825 2812 897 2852 Th.
928 2814 1090 2863 Roeper.
1118 2812 1262 2852 Philol.
1291 2812 1412 2852 VIIII
1445 2816 1482 2853 5.
1547 2816 1585 2853 2.
1617 2814 1809 2866 κυρίττων

230 2867 433 2908 Herwerd.
454 2869 545 2909 Obs.
566 2870 654 2909 crit.
677 2870 779 2921 114]
813 2871 975 2922 κυλίων,
1007 2871 1055 2911 de
1088 2884 1166 2922 qua
1197 2873 1326 2911 forma
1358 2873 1405 2913 cf.
1437 2872 1574 2912 Cobet.
1587 2874 1636 2912 V.
1650 2870 1694 2913 1.²
1714 2877 1808 2914 133.

231 2929 271 2967 3.
301 2924 444 2980 ἕπῆλθ’
486 2929 654 2980 Roeper.
692 2943 783 2970 cum
814 2931 990 2982 HSuid.]
1031 2926 1197 2983 ἀπῆλθ’.
1249 2929 1373 2971 ἐλπίδ’
1409 2933 1560 2972 GSuid.
1603 2932 1808 2987 ῥωποπερ-
