2014 3334
0 2953 41 3079 J..

3 2888 21 2908 J,

0 2907 27 2931 Ἀ

552 237 923 279 ΣΤΝΕΞΑΠΔΤΩΝ
973 239 1181 275 ΔΔΗΑΩΝ
1206 239 1468 275 ΔΡΑΜΑΤΩΝ
1710 238 1797 282 329

215 357 337 394 οὕτον
369 352 506 394 Cobet.
537 354 683 393 Mnem.
711 352 834 392 VIIII
867 355 962 393 114.
1020 351 1180 407 λέγουσί
1213 349 1249 407 γ’
1291 353 1410 393 Mein.
1443 353 1560 393 Anal.
1591 354 1688 394 Ath.
1721 351 1797 404 46]

217 411 412 468 λέγουσιν.
476 415 514 454 9.
547 411 597 465 δὴ
629 415 758 461 καλῶς
778 413 814 452 Α
844 415 939 454 103.
989 412 1200 467 παγκάλως
1234 415 1331 454 279.
1381 411 1431 453 ἕτ.
1457 413 1493 453 εἰ
1516 411 1570 465 μὴ
1596 411 1641 454 ἐκ
1671 418 1742 454 τοῦ
1769 414 1799 461 ζ.

214 476 344 522 καλῶς
375 472 418 514 Ο.
484 475 550 514 10.
581 474 800 525 utrubique
834 487 911 514 om.
938 473 979 514 C.
1011 485 1433 526 ευσωσιαπαντητυχον
1453 474 1490 513 Α
1520 475 1615 514 103.
1650 467 1694 513 εὖ
1721 479 1800 522 σῶς

214 532 393 582 ἅπαντας
429 527 455 586 ἦ
486 531 605 586 τυχὸν
638 535 736 574 279.
793 533 887 582 ἴσως
925 533 1103 582 ἅπαντας
1135 532 1314 586 εὐτυχεῖν
1344 534 1550 574 Herwerd.
1584 533 1679 574 Obs.
1710 534 1799 574 crit.

218 596 303 634 124
325 589 505 644 ‘fortasse
524 595 637 648 dabis
651 588 884 648 (concedes)
899 593 940 634 τὸ
962 595 1033 647 ζῆν
1051 608 1167 648 παγκ.
1201 595 1379 634 omnibus
1391 607 1537 643 parere
1549 590 1798 643 felicitatem'.

215 652 392 707 εὐτυχεῖν
421 666 494 705 pro
525 647 552 706 ἧ
583 652 702 706 τυχὸν
727 654 942 705 Emperius
975 668 1012 705 p.
1035 656 1132 694 346.
1186 650 1381 703 ‘fortasse'
1409 654 1506 694 dicit
1525 668 1598 705 per
1616 654 1799 694 ironiam.

219 716 286 754 11.
323 711 501 766 ἑώρακας
545 707 620 754 οὖν
657 713 695 753 Α
735 712 839 764 279]
889 712 1067 766 ἑώρακας
1117 713 1166 754 σύ
1207 716 1304 755 103.
1364 712 1541 767 ἑώρακας
1586 711 1628 754 δὲ
1671 712 1720 754 σὺ
1757 714 1798 753 C.

221 776 286 814 12.
325 771 389 814 ἐπὶ
419 773 457 812 Α
488 774 717 825 utrubique.
761 774 838 814 del.
865 774 1053 823 Grotius.
1098 773 1395 826 ζηλούμενον
1427 773 1492 825 K]
1538 773 1799 826 κηλούμενον.

221 835 270 874 ef.
301 834 480 875 varietas
511 834 649 886 script.
667 834 796 874 Nicol.
818 836 885 875 21.
951 836 1017 875 13.
1042 839 1144 888 γοῦν
1163 834 1200 873 Α
1236 837 1330 875 103.
1381 833 1457 888 γὰρ
1485 837 1581 875 279.
1648 836 1714 874 14.
1744 836 1798 875 15

217 907 293 934 om.
314 893 357 934 C.
377 894 425 935 cf.
446 894 496 933 fr.
529 896 568 946 2,
602 896 639 935 3.
673 896 713 935 4.
744 892 787 940 τὸ
819 909 885 947 φρ.
904 895 943 933 Α
965 897 1063 936 279.
1115 895 1321 946 ζητοῦντες
1339 894 1378 934 Α
1403 893 1507 945 279]
1541 895 1681 943 ζῶντες
1702 896 1799 935 103.

222 956 286 994 16.
319 952 462 1005 οὕτως]
495 948 631 994 οὗτοι
662 950 699 994 δ’
734 954 784 993 Κ.
867 957 934 995 17.
966 953 1085 995 οὐδεῖ
1109 955 1147 994 Α
1179 957 1278 995 279.
1352 956 1418 995 18.
1451 954 1582 1006 ὥσπερ
1614 953 1797 1004 Porsen]

217 1011 364 1067 ὡσπερὶ
382 1014 419 1053 Α
450 1014 679 1066 utrubique.
710 1029 748 1055 v.
771 1017 824 1055 18
859 1015 1054 1068 expungit
1081 1015 1127 1056 G.
1140 1015 1191 1056 A.
1211 1015 1413 1068 Hirschig.
1447 1016 1596 1055 Annot.
1622 1015 1707 1054 erit.
1732 1017 1800 1055 30.

214 1087 296 1114 non
327 1074 483 1115 accedo.

337 1136 375 1174 6.
414 1130 508 1187 ’ζῆν
544 1148 617 1185 pro
655 1131 783 1185 ἡδέως
822 1136 893 1188 ζῆν
923 1138 1005 1175 vita
1036 1132 1153 1184 frui'.
1204 1135 1342 1176 Cobet.
1418 1138 1455 1176 9.
1488 1136 1651 1186 Epicur.
1683 1136 1799 1186 Diog.

215 1195 260 1234 L.
295 1196 362 1245 10,
398 1196 482 1234 140
514 1193 590 1235 οὐκ
621 1193 725 1234 ἔστιν
756 1192 884 1247 ’ἡδέως
911 1196 982 1248 ζῆν
1014 1193 1111 1235 ἄνευ
1137 1201 1208 1235 τοῦ
1240 1196 1448 1250 φρονίμως
1479 1194 1545 1235 καὶ
1576 1198 1703 1243 καλῶς
1734 1194 1800 1234 καὶ

217 1254 399 1306 δικαίως,
443 1252 539 1295 οὐδὲ
582 1255 788 1309 φρονίμως
830 1253 898 1295 καὶ
939 1258 1068 1303 καλῶς
1111 1254 1178 1296 καὶ
1219 1256 1381 1304 δικαίως
1419 1253 1517 1295 ἄνευ
1554 1260 1625 1296 τοῦ
1662 1252 1801 1306 ἡδέως.

216 1313 291 1371 ὅτῳ
330 1311 385 1356 δὲ,
410 1313 463 1366 μὴ
503 1313 669 1367 ὑπάρχει
700 1316 773 1367 ζῆν
804 1315 1010 1368 φρονίμως
1046 1314 1113 1355 καὶ
1144 1319 1272 1364 καλῶς
1302 1314 1370 1360 καὶ
1402 1316 1584 1364 δικαίως,
1616 1314 1692 1355 οὐκ
1723 1313 1801 1354 ἔστι

215 1379 357 1415 τοῦτον
387 1371 516 1426 ἡδέως
547 1375 631 1427 ζῆν.
713 1378 780 1415 16.
812 1374 939 1423 οὕτως
978 1376 1158 1416 referunt
1200 1377 1251 1416 ad
1283 1375 1379 1417 ὥστε
1410 1390 1447 1416 v.
1482 1378 1534 1416 19
1569 1372 1668 1415 etam
1700 1377 1800 1415 bene

216 1435 360 1487 glauco
400 1435 584 1485 adposito
621 1437 771 1475 norunt
801 1466 811 1475 .
844 1467 871 1487 .,
909 1438 957 1476 ut
994 1449 1131 1476 omnes
1170 1432 1419 1488 stupefiant.’
1500 1439 1568 1476 17.
1605 1435 1738 1482 ‘cdwovv
1761 1438 1802 1475 et

217 1492 397 1546 κεφαλὴν
424 1490 467 1548 (i.
501 1508 534 1535 e.
565 1490 803 1550 κεφάλαιον)
840 1495 1068 1550 πράγματος
1106 1496 1205 1537 dicit
1239 1497 1290 1536 ad
1322 1498 1550 1548 exemplum
1580 1497 1801 1536 rhetorum.

217 1555 363 1607 glauci.
385 1556 522 1595 autem
553 1557 675 1606 caput
705 1558 868 1607 praeter
899 1555 1032 1596 cetera
1063 1557 1105 1596 in
1137 1557 1289 1596 deliciis
1316 1561 1415 1598 erat.
1477 1558 1526 1597 cf.
1560 1557 1728 1609 Sannyr.
1764 1558 1800 1596 3.

217 1614 436 1667 Antiphan.
473 1617 571 1667 132,
603 1617 643 1655 4.
692 1616 922 1656 Anaxandr.
956 1619 1024 1668 30,
1059 1619 1096 1657 2.
1147 1617 1283 1657 Sotad.
1319 1621 1355 1670 1,
1388 1619 1427 1658 5.

336 1819 572 1859 Athenaeus
595 1821 662 1868 15,
685 1821 800 1860 678f
828 1820 878 1863 σὺ
909 1820 985 1875 γὰρ
1017 1816 1055 1861 εἴ
1076 1819 1097 1862 ὅ
1129 1821 1176 1861 τὰ
1208 1820 1251 1862 ἐν
1282 1825 1364 1870 τοῖς
1395 1821 1563 1874 βιβλίοις
1595 1820 1645 1861 οὐ
1676 1820 1802 1873 μόνον

218 1877 422 1931 ἀπόρρητα
453 1876 622 1932 ἐκλέγων
654 1878 752 1919 ἀλλὰ
783 1879 850 1920 καὶ
882 1881 1112 1934 διορύττων,
1143 1882 1328 1934 καθάπερ
1360 1882 1403 1922 οἵ
1429 1880 1537 1934 παρὰ
1562 1880 1719 1921 Βάτωνι
1749 1884 1803 1938 τῷ

217 1939 508 1996 κωμῳδιοποιῷ
533 1937 576 1979 ἐν
598 1940 928 1988 Συνεξαπατῶντι
963 1940 1191 1993 φιλόσοφοι.
1241 1941 1380 1997 ἀπόρρ.
1407 1941 1457 1982 οὐ
1483 1941 1608 1994 μόνον
1635 1939 1803 1996 ἐκλέγων

218 1997 316 2039 ἀλλὰ
346 1997 414 2039 καὶ
444 1998 663 2052 ἐξορύττων
693 2000 813 2040 Mein.
845 2001 966 2041 Anal.
996 2002 1092 2042 Ath.
1127 2004 1226 2042 328.

762 2130 969 2166 ΑΔΗΛΩΝ
993 2130 1256 2166 ΔΡΑΜΑΤΩΝ

996 2205 1020 2247 7

433 2290 614 2330 πολλῶν
645 2285 808 2346 σφόδρ’
846 2289 992 2332 ὄντων
1023 2287 1221 2347 χάτέρων
1253 2288 1302 2332 ἐν
1333 2294 1393 2348 τῷ
1426 2290 1508 2348 βίῳ

436 2356 507 2414 ἐφ’
544 2353 612 2410 οἷς
642 2360 833 2412 ἅπαντες
862 2361 1044 2413 εἰκότως
1073 2360 1414 2419 θορυβούμεθα,

435 2430 608 2486 μάλιστ’
647 2430 744 2488 ἐμοὶ
777 2433 982 2488 δήπουθε
1012 2439 1219 2477 κινοῦσιν
1249 2433 1388 2490 χολὴν

437 2503 485 2545 oc
510 2509 602 2547 τῶν
630 2505 810 2562 τρόπων
841 2505 1090 2561 φάσκοντες
1121 2505 1322 2557 ἐπιεικῶς
1353 2505 1461 2563 ε’ρᾶν

396 2583 416 2616 5
437 2572 510 2616 καὶ
541 2575 788 2620 λανθάνειν
819 2577 1072 2634 δοκοῦντες,
1105 2578 1172 2621 ὅτι
1203 2576 1520 2633 πεπλασμένως

436 2646 486 2688 τὸ
517 2652 698 2704 πρᾶγμα
727 2647 1038 2706 περιπέττουσι
1069 2650 1179 2693 κούκ
1211 2649 1450 2706 ἀληθινῶς.

436 2719 536 2761 τίνα
567 2719 652 2776 γὰρ
684 2721 787 2776 ἔχει,
819 2721 931 2776 πρὸς
959 2726 1039 2777 τῆς
1064 2720 1272 2777 Ἀθηνᾶς,
1306 2722 1531 2777 διαφορὰν

438 2789 462 2833 ὁ
493 2796 584 2833 τῶν
613 2791 845 2849 νεωτέρων
875 2809 922 2836 τε
953 2792 1027 2836 καὶ
1059 2796 1191 2837 λείων
1221 2794 1385 2850 τρόπος

437 2860 540 2919 παρ’
577 2861 631 2905 ὃν
662 2862 710 2905 οἰ
738 2863 888 2916 δασεῖς
920 2866 1072 2922 ἔχουσι
1102 2864 1177 2909 καὶ
1208 2866 1549 2922 προβεβηκότες;

344 2948 541 2990 stobaeus
561 2949 701 2990 Floril.
722 2952 760 3003 6,
781 2953 804 2991 2
839 2952 1037 3002 Βάθωνος
1056 2953 1092 2992 Α
1119 2948 1214 3008 (scr.
1233 2948 1449 3007 Βάτωνος).
1515 2955 1553 2994 3.
1574 2951 1674 2994 ἔνιοι
1693 2954 1804 2995 Grot.
