2014 3334
229 0 327 13 ...nm

847 231 946 265 ΤΗΣ
972 231 1182 266 ΑΡΧΑῙΑΣ
1718 230 1806 272 399

224 342 384 395 Priapei
414 338 530 398 (Hor.
550 343 675 383 Serm.
698 346 735 392 1,
756 345 795 394 8,
817 339 862 397 1)
895 343 1070 384 formati.
1133 344 1190 383 eis
1221 345 1402 384 homines
1434 344 1670 384 delicatulos
1702 346 1804 384 tam-

223 417 344 456 quam
364 406 544 443 monstra
562 403 758 455 quaedam
779 404 948 443 cremari
967 404 1143 444 iusserat
1161 407 1293 455 poeta.
1326 418 1539 444 numerum
1559 399 1805 458 (ἑκκαίδεκα)

223 463 423 515 explicare
442 476 522 503 non
540 464 670 516 magis
688 476 853 514 possum
873 477 992 516 quam
1025 463 1174 504 Oratin.
1205 466 1300 504 186.
1351 465 1540 504 Teleclid.
1561 466 1630 504 44.
1679 465 1804 504 Arist.

222 524 297 575 Eq.
317 525 416 563 546.
476 524 649 563 fortasse
675 527 795 574 poeta
820 524 1037 574 scripserat
1068 520 1112 571 ὃς
1132 518 1170 563 δ’
1199 522 1250 563 ἂν
1270 523 1367 579 ξυρῇ
1394 522 1502 576 μέχρι
1525 530 1604 564 τῶν
1629 530 1805 577 παρειῶν

225 577 316 635 (τὴν
335 578 498 634 κόμην),
517 577 522 638 Ι
544 578 657 637 λέγω’
679 580 725 622 πὶ
744 586 837 634 φαλ.
858 595 944 623 συκ.
976 581 1122 623 ἓκκαίδ.
1151 582 1156 632 Ι
1184 588 1325 623 τοῦτον
1344 583 1566 624 κατακάειν.
1597 580 1801 624 κατακάετ’

223 640 345 683 αὐτὸν
376 640 440 682 ἐπὶ
469 642 658 695 φαλήτων
689 643 864 683 συκίνων
892 641 898 695 Ι
926 639 1119 684 ἑκκαίδεκ’
1153 644 1358 696 ΒΙαγᾱοε.,
1376 645 1500 684 Arist.
1532 645 1581 685 fr.
1614 647 1712 685 954.

1004 761 1031 804 8

756 867 775 888 ἢ.
795 831 1021 887 εὐδαίμων
1052 864 1062 875 .
1096 866 1106 875 .
1138 866 1147 875 .
1181 834 1437 890 Πολίαγρος

509 902 727 960 οὐράνιον
758 899 862 958 αἶγα
893 905 1209 961 πλουτοφόρον
1239 903 1428 961 τρέφων.

344 989 587 1030 Plutarchus
605 991 706 1031 Mor.
729 992 813 1030 270
843 990 912 1030 τὸν
942 990 1266 1048 κωμῳδούμενον
1297 989 1532 1045 ὑπερβάλλει
1563 992 1805 1049 μαστροπείᾳ

224 1049 452 1103 Πολίαγρον
483 1053 559 1090 κτλ.
643 1053 680 1090 1.
719 1051 891 1091 fortasse
925 1049 1007 1092 εύδ.
1041 1047 1117 1103 ἄρ’
1160 1049 1255 1091 ἐστὶ
1287 1053 1340 1090 Π.
1422 1054 1460 1091 2.
1492 1050 1611 1092 ἔνδον
1647 1051 1805 1106 τρέφων

223 1109 370 1149 Naber.
407 1111 552 1150 Mnem.
589 1124 680 1150 nov.
718 1110 822 1150 VIII
861 1112 928 1151 24.
978 1133 1033 1138 —
1082 1112 1131 1151 cf.
1170 1111 1319 1151 Cratin.
1360 1113 1458 1151 244.
1530 1113 1804 1154 Boissonadus

224 1170 380 1210 confert
396 1170 578 1222 Alciphr.
599 1172 636 1222 3,
659 1172 712 1210 62
741 1165 895 1225 (adesp.
918 1166 1052 1223 1561)
1078 1171 1309 1225 Πολιάγρου
1339 1177 1411 1211 τοῦ
1442 1178 1590 1225 κυρτοῦ
1621 1173 1804 1225 μαλακώ-

223 1228 334 1281 τερός
365 1228 443 1270 ἐστι
472 1228 520 1270 τὰ
549 1235 712 1270 τοιαῦτα
736 1233 953 1283 Λυσικλῆς.
1004 1229 1155 1279 ἐκεῖνος
1173 1230 1248 1285 γὰρ
1279 1231 1400 1286 λύτρα
1419 1230 1527 1285 παρὰ
1550 1238 1630 1273 τῶν
1654 1240 1804 1287 μοιχῶν

225 1287 288 1328 ἐπὶ
324 1295 370 1345 τῇ
410 1295 556 1345 γαμετῇ
593 1284 859 1343 πραττόμενος
895 1287 1061 1347 ἀθῴους
1096 1296 1165 1343 τῆς
1200 1292 1387 1344 τιμωρίας
1417 1290 1542 1344 ἠφίει,
1574 1296 1616 1333 et
1646 1295 1802 1335 Aelian.

225 1349 273 1389 V.
292 1350 330 1390 h.
364 1351 402 1401 5,
436 1352 461 1390 8
501 1350 719 1403 Σωκράτης
757 1347 830 1402 μὲν
867 1345 942 1391 οὖν
978 1350 1297 1407 κωμῳδούμενος
1335 1349 1465 1405 ἐγέλα,
1501 1353 1729 1407 Πολίαγρος
1761 1352 1804 1394 δὲ

224 1406 437 1462 ἀπήγξατο.
480 1406 587 1450 ‘cum
607 1410 671 1458 αἲξ
690 1411 943 1451 meretricem
970 1411 1178 1462 significet,
1211 1411 1404 1464 οὐράνιον
1435 1413 1623 1466 ambigue
1650 1415 1804 1454 dictum

222 1469 351 1509 videri
381 1472 534 1522 potest,
566 1472 752 1521 respectu
783 1471 832 1510 ad
866 1469 1014 1524 ούράν,
1049 1473 1216 1511 caudam
1247 1474 1417 1512 salacem
1449 1470 1607 1529 (Horat.
1642 1474 1724 1515 Sat.
1765 1477 1803 1523 1,

226 1530 264 1578 2,
296 1524 400 1584 45)'.
449 1529 632 1570 Bothius.
674 1532 850 1570 ceterum
883 1532 932 1572 cf.
963 1531 1065 1571 Mus.
1097 1531 1224 1572 Rhen.
1255 1533 1467 1572 XXXXIII
1499 1535 1567 1573 38.
1601 1536 1638 1575 9.

1002 1648 1029 1691 9

514 1732 654 1788 χρόαν
686 1729 736 1775 δὲ
765 1732 847 1787 τὴν
878 1732 964 1788 σὴν
993 1732 1119 1787 ἥλιος
1149 1733 1334 1789 λάμπων
1365 1733 1501 1790 φλογὶ

511 1803 806 1857 αἰγυπτιώσει.

346 1889 585 1929 Eustathius
608 1891 734 1942 1484,
756 1892 809 1930 26
843 1890 1096 1944 αὗγυπτιάσαι
1125 1890 1192 1931 καὶ
1217 1891 1484 1945 αἰγυπτιάζειν
1510 1891 1553 1932 τὸ
1579 1891 1802 1945 ε’πικαῦσαι,

226 1943 313 1989 οἷον
333 1951 408 1988 κτλ.
474 1952 511 1989 1.
531 1948 715 2000 λάμπων]
736 1952 894 2006 λαμπρᾷ
913 1951 1067 1991 Nauck.
1131 1954 1168 1991 2.
1189 1949 1446 2005 αίγυπτιώσει
1464 1951 1602 2004 Mein]
1623 1952 1803 2007 αἰγυπτι-

225 2008 321 2048 άσει.
381 2022 547 2061 prorsus
585 2010 744 2049 diversa
780 2014 876 2050 sunt
913 2010 1179 2064 αἰγυπτιάζειν
1219 2007 1450 2067 (Aeyyptios
1479 2015 1645 2063 imitari,
1678 2014 1802 2054 Arist.

226 2069 384 2109 Thesm.
400 2063 506 2122 922)
527 2071 567 2108 et
585 2069 822 2122 αὗγυπτιοῦν
835 2071 1114 2121 Aeyyptiorum
1132 2073 1295 2111 similem
1314 2075 1453 2122 facere.
1488 2076 1608 2124 atque
1627 2073 1802 2125 Hesych.

225 2127 500 2181 αἰγυπτιῶσαι·
533 2131 709 2180 μελᾶναι.
760 2130 892 2182 Etym.
918 2144 969 2171 m.
999 2133 1067 2182 30,
1103 2133 1155 2171 18
1190 2127 1510 2187 αὖγυπτ(ι)ὥσαι·
1541 2135 1705 2184 μελᾶναι
1736 2132 1802 2173 καὶ

226 2186 447 2229 ἐπικαῦσαι.
485 2202 546 2228 -ex
577 2190 752 2241 satyrica
783 2191 921 2230 fabula
952 2194 1182 2242 excerptum
1214 2193 1438 2232 arbitratur
1459 2192 1596 2232 Cobet.
1616 2193 1665 2232 N.
1685 2194 1711 2234 1.
1733 2195 1800 2234 48.

225 2248 274 2288 cf.
306 2248 461 2288 Nauck.
488 2249 552 2288 Tr.
585 2263 644 2301 gr.
670 2250 718 2290 fr.
746 2251 879 2302 adesp.
909 2253 1006 2291 133.
1055 2252 1304 2302 probabilius
1337 2253 1560 2292 Meinekius
1592 2253 1802 2303 parodiam

225 2320 311 2348 esse
330 2308 492 2359 putavit
511 2310 652 2348 Aesch.
673 2309 804 2353 Prom.
825 2313 893 2350 22.
930 2311 1093 2351 videtur
1117 2313 1255 2363 ecloga
1274 2313 1457 2352 Platonis
1490 2313 1801 2364 Sannyrionisve

217 2380 323 2419 esse,
355 2381 526 2419 quorum
549 2370 762 2420 utriusque
788 2371 867 2410 fuit
891 2372 951 2410 Io.
996 2384 1125 2422 neque
1158 2372 1372 2424 quicquam
1398 2375 1460 2412 est
1484 2373 1591 2423 quod
1623 2386 1647 2412 a
1678 2374 1799 2413 comi-

226 2440 363 2474 corum
403 2441 548 2479 genere
588 2429 746 2468 dicendi
782 2430 825 2469 in
862 2431 1038 2481 parodiis
1075 2433 1255 2483 recedat,
1293 2432 1528 2486 αἰγυπτιοῦν
1566 2435 1703 2471 autem
1734 2434 1801 2472 vix

225 2488 360 2537 potest
390 2487 460 2526 alii
490 2489 632 2538 poetae
663 2489 850 2529 adscribi.
899 2489 994 2544 χρόα
1025 2493 1087 2530 est
1111 2491 1239 2531 Arist.
1266 2492 1372 2532 Plut.
1404 2494 1530 2543 1020,
1562 2491 1674 2544 χροιά
1693 2493 1800 2532 Nub.

230 2547 326 2586 718.
362 2547 487 2586 1012.
517 2549 646 2588 1017.
681 2551 810 2589 1171.

986 2644 1042 2687 10

514 2722 666 2767 δεινὸν
696 2757 706 2767 .
738 2759 747 2767 .
778 2704 999 2781 κεραυνὸν
1030 2726 1079 2770 ἐν
1110 2727 1281 2783 γλώττῃ
1313 2726 1453 2783 φέρει.

346 2809 588 2849 Plutarchus
610 2810 750 2851 Pericl.
777 2815 802 2852 8
836 2812 881 2852 αἱ
907 2813 1110 2870 κωμῳδίαι
1140 2818 1217 2852 τῶν
1248 2812 1330 2853 τότε
1363 2813 1612 2854 διδασκάλων
1643 2816 1800 2871 σπουδῇ

226 2882 265 2908 τε
301 2867 449 2916 πολλὰς
485 2867 550 2908 καὶ
581 2869 677 2920 μετὰ
706 2868 871 2923 γέλωτος
901 2870 1123 2924 ἀφεικότων
1154 2871 1294 2923 φωνὰς
1326 2873 1381 2920 εἰς
1412 2873 1533 2913 αὐτὸν
1566 2869 1799 2930 (Περικλέα)

229 2926 292 2967 ἐπὶ
327 2930 380 2985 τῷ
417 2927 519 2984 λόγῳ
563 2929 727 2982 μάλιστα
762 2929 835 2983 τὴν
874 2932 1158 2984 προσωνυμίαν
1196 2927 1292 2988 (τοῦ
1323 2929 1567 2989 Ὀλυμπίου)
1610 2930 1801 2988 γενέσθαι
