2014 3334
253 201 340 243 214
587 234 590 238 ,
895 202 1194 236 MENANAPOT

1004 322 1086 364 761

468 406 526 455 ὡς
557 407 709 460 χαρίεν
741 403 827 447 ἔστ’
865 406 1118 462 ἄνθρωπος,
1151 406 1258 449 ὅταν
1290 407 1529 463 ἄνθρωπος
1561 403 1599 464 ᾖ.

371 493 508 532 Galen.
540 492 597 530 IX
631 493 715 531 815
749 492 904 532 Kuehn.
966 497 1146 533 τοιοῦτον
1178 490 1214 532 δ’
1250 492 1327 533 ἐστὶ
1355 492 1421 533 καὶ
1452 493 1494 533 τὸ
1526 493 1634 554 παρὰ
1666 497 1720 551 τῷ
1750 510 1828 535 κω-

252 555 370 609 μικῷ·
403 550 468 591 καὶ
495 550 664 590 σπάνιόν
696 548 772 591 ἐστ’
808 549 1024 605 ἅνθρωπος
1050 551 1143 591 όταν
1169 550 1386 606 ἅνθρωπος
1411 550 1507 608 (0111.
1526 546 1584 610 ἦ).
1631 536 1828 595 Sto‘baeus

253 613 462 664 Floril.5,
498 614 549 651 11
586 612 670 650 sine
701 612 901 684 legnmate,
935 613 1004 651 sed
1036 613 1234 653 coniunct.
1267 627 1358 653 eum
1390 616 1414 654 9
1447 613 1715 667 Μενάνδρου·
1746 609 1773 667 ἦ
1793 631 1826 668 χ.

254 669 329 712 ἓ”στ
365 670 484 724 ἅνθρ.
510 686 560 711 αν
580 668 700 745 ἅνθρ.
726 672 764 728 ᾐ.
815 671 997 712 Clemens
1017 673 1131 712 Alex.
1152 673 1298 713 8110111.
1320 677 1358 725 8,
1379 675 1418 724 3,
1439 675 1463 713 5
1498 673 1601 713 οὕτω
1627 688 1687 714 τοι
1710 673 1777 714 καὶ
1808 673 1829 715 6

254 731 426 784 κωμικὸς
469 730 614 784 ἔλεγεν·
659 729 712 779 ὡς
755 731 900 784 χαρίεις
943 730 1046 771 ἐστὶν
1086 730 1205 784 ἅνθρ.
1216 762 1227 783 ,
1271 730 1346 772 ἔστ’
1383 731 1433 772 ἂν
1465 730 1584 785 ἄνθρ.
1615 726 1654 789 ᾗ.
1715 735 1828 774 1111110
1869 744 1873 745 ’

255 793 430 832 auctoris
460 792 607 830 indicio
639 792 774 842 Etym.
800 806 851 830 m.
873 793 971 841 824,
1003 793 1057 831 41
1093 787 1152 845 (τὸ
1185 790 1243 840 ὡς
1276 788 1475 847 σημαίνει)
1508 793 1739 845 βεβαίωσιν·
1777 792 1831 842 ὡς

257 847 442 904 χαρίσοιτ’
473 848 690 903 ἄνθρωπος
716 850 978 904 ἀνθρώποισι.
1022 854 1193 892 monost.
1214 854 1298 892 562
1327 850 1379 899 ὡς
1399 853 1553 925 χαρίεις
1568 851 1671 892 ἐστὶν
1696 850 1814 906 άνθρ.
1807 883 1830 904 .,

258 911 350 952 ὅταν
382 910 469 958 υἱὸς
499 911 537 967 ᾐ
600 912 648 950 cf
668 911 794 950 Walz.
826 912 942 950 Rhet.
967 911 1069 950 VIII
1099 914 1199 962 480,
1233 915 1256 952 3
1291 907 1442 965 (χάριεν
1467 934 1514 939 -
1540 911 1582 960 ὅς
1612 909 1645 951 τ’
1680 910 1798 964 ἄνθρ.
1803 909 1852 962 ).-

260 974 358 1018 517,
392 974 415 1011 3
456 952 608 1025 (χάριεν
634 993 689 998 -
718 965 843 1024 ὅταν).
896 972 944 1010 cf.
976 971 1100 1011 Dobr.
1131 971 1233 1011 Adv.
1265 972 1306 1010 II
1339 973 1436 1011 286.
1467 972 1585 1011 Μο111.
1618 972 1700 1011 IIII
1733 974 1831 1013 372.

254 1033 306 1071 Μ.
338 1031 489 1081 Haupt.
524 1030 668 1082 Opusc.
699 1031 762 1069 III
795 1032 891 1070 608.
954 1031 1092 1072 Cobet.
1129 1031 1275 1070 Mnem.
1306 1044 1396 1071 nov.
1428 1032 1490 1070 III
1523 1034 1588 1072 29.
1621 1032 1700 1070 XII
1734 1033 1831 1072 443.

1008 1171 1092 1213 762

543 1254 566 1297 6
598 1260 706 1305 νοῦς
737 1255 820 1311 γὰρ
853 1254 978 1310 ἡμῶν
1010 1254 1130 1297 ἐστιν
1163 1254 1211 1297 ἐν
1244 1253 1410 1312 ἑκάστῳ
1443 1257 1561 1305 θεός.

377 1342 518 1382 Gnom.
550 1344 718 1382 monost.
749 1343 848 1381 434.
879 1342 1120 1381 Plutarchus
1141 1342 1239 1380 Mor.
1261 1343 1378 1382 9990
1420 1341 1602 1394 καθάπερ
1635 1340 1834 1382 Μέναν-

257 1404 384 1455 δρος·
429 1400 449 1441 6
487 1406 584 1448 νοῦς
626 1400 701 1454 γὰρ
738 1398 853 1452 ἡμῶν
891 1399 912 1440 6
951 1400 1058 1448 θεός.
1133 1414 1178 1440 ao
1223 1402 1278 1441 sio
1324 1402 1408 1441 sine
1454 1403 1629 1441 auctoris
1674 1403 1834 1442 nomine

256 1463 465 1502 Iamblioh.
485 1462 616 1501 P1··.ot1
636 1476 674 1511 p.
698 1463 793 1501 138.
837 1461 995 1500 Nemes.
1021 1462 1116 1500 Nat.
1137 1461 1242 1501 hom.
1273 1475 1311 1511 p.
1333 1463 1415 1501 321
1452 1460 1725 1514 Εὐριπίδης
1755 1460 1834 1501 καὶ

259 1520 549 1573 Μένανδρος
586 1519 654 1560 τὸν
691 1525 792 1560 νοῦν
825 1519 867 1560 ε’ν
899 1519 1045 1577 ἑκάστῳ
1077 1518 1176 1572 φασὶ
1206 1524 1394 1572 προνοεῖν
1435 1519 1610 1561 ἑκάστου.
1673 1523 1834 1571 Tzetzes

256 1584 377 1634 Exeg.
408 1582 455 1620 Il
487 1596 525 1632 p.
559 1582 626 1629 53,
661 1583 684 1620 6
719 1578 739 1620 6
772 1578 1015 1632 Μένανδρος
1045 1580 1163 1620 πάλιν
1195 1580 1317 1631 φησίν
1348 1583 1426 1619 κτλ.
1467 1576 1561 1632 (om.
1592 1577 1666 1633 ἐν).
1715 1583 1833 1632 plura

257 1644 423 1693 praebet
452 1641 604 1680 Nauck.
638 1641 734 1680 Eur.
765 1641 813 1679 fr.
848 1642 973 1680 1007.
1024 1640 1072 1680 ef.
1104 1640 1284 1680 eiusdem
1314 1640 1438 1679 Arist.
1468 1641 1564 1692 Byz.
1589 1643 1673 1681 280
1705 1655 1743 1680 n.
1768 1643 1836 1680 13.

1012 1781 1097 1823 763

545 1864 839 1920 ὑπεδεξάμην,
872 1865 1056 1919 ἔτικτον,
1089 1863 1300 1921 ἐκτρέφω,
1333 1867 1461 1919 φιλῶ.

380 1954 554 1992 Demetr.
592 1953 652 1991 De
695 1953 790 1992 0100.
815 1953 911 1991 193.
943 1954 969 1990 4
1015 1950 1080 1991 διὰ
1122 1956 1236 1991 τοῦτο
1280 1950 1347 1992 καὶ
1385 1950 1631 2006 Μένανδρον
1673 1950 1836 2005 ὑποκρί-

265 2027 399 2053 νονται
436 2009 650 2064 λελυμένον
689 2010 732 2051 ε’ν
768 2015 850 2059 τοῖς
889 2011 1101 2063 πλείστοις,
1149 2010 1358 2063 Φιλήμονα
1401 2010 1444 2052 δὲ
1481 2010 1836 2065 ἀναγινώσκουσιν.

263 2073 320 2112 ὅτι
365 2070 407 2112 δὲ
449 2070 703 2124 ὑποκριτικὸν
741 2068 766 2122 ἡ
806 2071 915 2118 λύσις
959 2071 1208 2124 παράδειγμα
1251 2070 1442 2124 ἕγκείσθω
1486 2070 1575 2111 τόδε
1605 2074 1682 2110 κτλ.
1744 2085 1836 2111 011111

265 2133 527 2172 Menandrum
554 2132 700 2171 dixerit
726 2132 919 2182 asyndeto
953 2132 1185 2182 saepissime
1216 2132 1279 2170 uti
1311 2134 1350 2171 et
1376 2133 1514 2184 ecloga
1539 2131 1837 2182 praestantissi-

265 2207 374 2231 mum
411 2193 604 2242 praebeat
642 2191 825 2242 asyndeti
863 2192 1107 2242 exemplum,
1146 2191 1322 2230 dubitari
1358 2205 1437 2230 non
1475 2193 1608 2241 potest
1651 2191 1748 2241 quin
1787 2192 1839 2230 sit

265 2252 485 2291 Menandri.
509 2272 557 2278 -
588 2249 893 2302 ὑπεδεξάμην
912 2248 978 2300 K]
1010 2249 1213 2302 ἐδεξάμην.
1263 2264 1356 2289 nam
1378 2249 1570 2298 δέξασθαι
1589 2252 1651 2289 est
1669 2252 1840 2290 alienum

266 2312 455 2362 accipere,
487 2308 753 2361 ὑποδέχεσθαι
785 2312 987 2359 concipere.
1031 2310 1174 2349 Pollux
1207 2312 1246 2360 2,
1280 2312 1303 2349 6
1348 2308 1640 2360 ὑποδέξασθαι,
1679 2315 1838 2362 κυῆσαι,

265 2376 476 2425 γεννῆσαι,
513 2373 649 2409 τεκεῖν.
698 2370 795 2409 Xen.
828 2370 945 2408 Mem.
980 2371 1023 2418 2,
1058 2372 1101 2420 2,
1134 2371 1158 2409 5
1203 2366 1228 2420 ἡ
1266 2367 1368 2422 γυνὴ
1406 2367 1680 2421 ὑποδεξαμένη
1718 2367 1839 2422 φέρει.

267 2432 371 2470 Plat.
398 2430 551 2469 Menex.
587 2431 705 2469 2370
735 2434 804 2481 τῆς
834 2428 1021 2480 τεκούσης
1050 2427 1117 2468 καὶ
1147 2426 1406 2481 θρεψαμένης
1435 2427 1502 2468 καὶ
1532 2427 1840 2480 ὑποδεξαμένης.

269 2491 423 2530 Aelian.
443 2490 491 2529 N.
513 2503 575 2529 an.
599 2492 636 2540 9,
656 2490 680 2529 5
715 2483 760 2543 (ἡ
786 2488 907 2539 φύσις
936 2483 1125 2544 προτιμᾷ)
1162 2493 1232 2528 τοῦ
1264 2486 1560 2541 ὑποδεχομένου
1592 2487 1634 2528 τὸ
1667 2492 1839 2539 σπεῖρον.

269 2553 370 2600 φιλῶ
404 2550 540 2589 Cobet.
572 2549 619 2589 N.
653 2550 679 2589 1.
713 2547 786 2598 92]
823 2548 923 2600 φίλε.

1009 2665 1094 2707 764

555 2750 787 2807 Κορινθίῳ
819 2750 996 2791 πίστευε
1027 2747 1100 2790 καὶ
1131 2748 1189 2804 μὴ
1220 2756 1311 2805 χρῶ
1345 2751 1471 2807 φίλῳ.

388 2836 553 2874 Α1111101.
590 2836 719 2874 Palat.
754 2838 827 2883 11,
859 2837 957 2875 438.
1011 2831 1156 2874 ’πίστει
1191 2849 1230 2874 τε
1269 2836 1385 2875 Βο111.
1433 2832 1505 2886 ‘My
1549 2834 1702 2874 πίστευε
1740 2832 1839 2886 μηδὲ

270 2891 361 2948 χρῶ’
403 2896 693 2946 interpretatur
731 2894 847 2933 Mein.
880 2895 939 2934 ed.
970 2895 1063 2934 min.
1095 2908 1168 2954 xxi
1204 2896 1304 2934 conl.
1343 2896 1508 2935 Theocr.
1545 2894 1681 2945 Epigr.
1717 2896 1761 2946 6,
1803 2897 1840 2934 6.
