2014 3334
710 281 916 316 ΑΔΗΛῼΝ
942 282 1205 316 ΔΡΑΜΑΤῼΝ
1659 278 1711 322 17
1715 279 1742 322 9

285 394 482 435 Stobaeus
514 394 652 434 Floril.
686 396 755 445 97,
789 396 813 433 2
847 393 1095 447 Μενάνδρου
1116 394 1164 433 A.
1230 397 1264 433 1.
1297 392 1395 432 κατὰ
1427 392 1574 446 τρόπον
1606 392 1743 432 Cobet.

162 455 213 495 N.
238 455 264 496 l.
292 457 361 495 87.
411 450 524 494 ‘narde
544 452 663 508 λόγον
687 467 768 493 non
800 454 1002 506 signifieat
1033 449 1077 494 εὖ
1109 455 1172 495 vel
1206 450 1366 506 ὀρθῶςῖ
1431 456 1470 494 3.
1501 450 1533 492 τ’
1570 466 1646 494 om.
1678 466 1743 492 co-

162 515 289 566 dices,
331 515 437 554 unde
482 515 706 554 Meinekius
752 514 959 554 Stob.111
998 527 1108 554 xxxv
1153 515 1258 553 hunc
1300 526 1462 554 versum
1506 515 1676 553 fortasse
1722 525 1746 551 a

161 575 328 627 reliquis
351 575 620 626 separandum
640 576 776 626 putat3
808 575 1073 625 praecessisse
1094 574 1198 614 enim
1226 575 1309 613 sere
1329 569 1483 625 θέλοιμ’
1521 567 1612 627 (ἂν)
1632 571 1744 624 ἔχειν.

912 715 998 758 589

378 800 488 843 ἄνευ
518 806 666 842 κακῶν
697 799 782 856 γὰρ
816 799 964 841 οἰκίαν
997 798 1266 855 οἰκουμένην

379 871 461 915 οὐκ
491 873 612 915 ἔστιν
644 871 808 936 εὑρεῖν,
841 870 953 914 ἀλλὰ
983 878 1076 939 τοῖς
1107 868 1189 927 μὲν
1219 871 1247 926 ἡ
1279 872 1387 927 τύχη

376 944 549 987 τούτων
581 944 768 987 δίδωσιν
799 942 1045 999 ἀφθονίαν,
1076 950 1169 994 τοῖς
1202 941 1242 985 δ’
1279 943 1326 985 οἱ
1353 944 1521 999 τρόποι.

283 1032 480 1072 Stobaeus
513 1031 651 1071 Floril.
686 1033 753 1083 98,
787 1033 840 1071 37
876 1030 1124 1084 Μενάνδρου
1156 1031 1205 1071 A.
1268 1031 1316 1070 ef.
1349 1030 1483 1070 Susar.
1516 1032 1554 1069 4.

914 1171 1002 1215 590

378 1254 414 1300 ὦ
446 1259 710 1313 μεταβολαῖς
739 1257 958 1313 χαίρουσα
989 1257 1220 1307 παντοίαις
1250 1256 1375 1311 τύχη,

380 1331 462 1372 σόν
494 1327 582 1373 ἐστ’
620 1328 795 1378 ὄνειδος
825 1323 983 1383 τοῦθ’,
1008 1327 1116 1370 ὅταν
1146 1343 1212 1379 τις
1244 1327 1307 1371 ὢν
1339 1327 1452 1384 ἀνὴρ

379 1401 551 1452 δίκαιος
582 1401 754 1450 ἀδίκοις
784 1398 999 1457 περιπέσῃ
1031 1400 1363 1456 συμπτώμασιν.

284 1489 482 1529 Stobaeus
514 1489 653 1529 Floril.
690 1490 786 1537 107,
821 1490 845 1527 3
891 1487 1140 1539 Μενάνδρου
1174 1488 1221 1526 Α.
1304 1491 1341 1527 2.
1379 1486 1474 1527 ὅταν
1508 1503 1565 1536 τις
1603 1486 1659 1528 ὢν
1690 1488 1743 1540 Β]

165 1548 260 1589 ὅταν
291 1543 418 1600 οὗτος.
469 1564 520 1588 αν
550 1562 607 1596 τις
639 1546 696 1587 ὢν
728 1561 803 1588 om.
836 1548 952 1587 Vo'ss.
985 1548 1108 1588 Hens.
1141 1550 1263 1598 atque
1296 1544 1349 1586 ὅτ’
1385 1546 1488 1601 ἀνὴρ
1513 1549 1655 1588 Arsen.

914 1676 1000 1720 591

380 1768 442 1821 τῷ
474 1758 556 1818 μὲν
585 1762 636 1804 τὸ
669 1768 794 1816 σῶμα
827 1759 1145 1819 διατεθειμένῳ
1177 1768 1322 1812 κακῶς

380 1835 506 1891 χρεία
533 1830 616 1875 ’στ’
656 1833 827 1889 ἰατροῦ,
859 1838 919 1891 τῷ
953 1830 1000 1875 δὲ
1033 1833 1115 1888 τὴν
1147 1833 1296 1889 ψυχὴν
1327 1835 1482 1889 φίλου’

381 1906 528 1962 λύπην
559 1905 644 1961 γὰρ
677 1905 838 1956 εὔνους
870 1901 965 1948 οἶδε
995 1905 1265 1962 θεραπεύειν
1297 1907 1439 1959 λόγος.

288 1987 487 2033 Stobaeiis
519 1992 660 2032 Floril.
695 1994 792 2043 113,
827 1995 880 2032 14
924 1997 993 2032 τοῦ
1026 1991 1150 2032 αὐτοῦ
1184 1988 1454 2046 (Μενάνδρου
1492 1990 1564 2048 13)
1597 1995 1645 2034 Α.
1710 1998 1745 2034 1.

165 2051 208 2093 τὸ
234 2053 324 2092 add.
344 2052 429 2092 AB.
492 2054 530 2091 2.
563 2051 671 2106 χρεία
696 2048 768 2091 ’στ’
799 2051 936 2103 Mein]
976 2049 1069 2106 χρειῗ
1099 2049 1190 2092 ἔστ’.
1254 2055 1291 2092 3.
1318 2052 1433 2106 λόγος
1459 2058 1628 2093 monesi.
1660 2057 1743 2094 319

167 2108 297 2168 (οἶδεν
335 2112 476 2152 ἰᾶσθαι
513 2109 585 2165 λ.)]
630 2112 756 2163 φίλος.
819 2113 868 2152 of.
901 2114 1004 2163 559,
1041 2117 1077 2151 1.
1123 2135 1177 2140 —
1222 2116 1430 2152 τεθεῖσθαι
1473 2127 1544 2164 pro
1588 2117 1746 2153 κεῖσθαι

170 2173 378 2212 Menandri
409 2174 541 2212 aetate
572 2174 615 2212 in
644 2185 763 2212 usum
796 2173 951 2212 venisse
983 2176 1119 2212 monet
1152 2173 1346 2213 Cobet.V.
1367 2170 1412 2213 l.²
1433 2176 1528 2213 312.
1563 2175 1609 2212 N.
1631 2175 1654 2212 l.
1677 2176 1745 2213 55.

385 2397 494 2440 ὅταν
525 2390 553 2454 ᾖ
584 2395 730 2454 γέρων
761 2412 827 2447 τις
858 2396 1014 2453 ἐνδεής
1044 2414 1089 2441 τε
1121 2399 1200 2442 τὸν
1232 2400 1349 2454 βίον,

386 2466 488 2512 οὐδ’
525 2465 582 2512 αὖ
613 2470 662 2512 τὸ
694 2467 911 2525 θνῄσκειν
944 2470 1109 2524 δεινόν,
1142 2468 1237 2515 ἀλλ’
1275 2470 1323 2513 ἐν
1355 2476 1414 2527 τῷ
1446 2474 1589 2520 καλῶς

386 2539 594 2599 ἑκάτερον
627 2541 775 2583 αὐτῶν
807 2541 889 2595 τὴν
922 2541 1168 2596 διάγνωσιν
1201 2541 1340 2597 φέρει.

207 2660 214 2664 .
291 2627 489 2668 Stobaeus
516 2629 654 2668 Floril.
678 2629 776 2678 121,
812 2630 867 2667 10
899 2627 1146 2681 Μενάνδρου
1178 2629 1228 2667 Α.
1296 2631 1330 2667 1.
1363 2633 1432 2667 τοῦ
1464 2628 1555 2679 βίου
1589 2630 1746 2677 (vietus)

170 2664 288 2727 Μὲῑη.
329 2690 350 2727 1
391 2702 429 2739 p.
470 2690 569 2728 574.
657 2690 694 2727 2.
733 2683 822 2727 οὐδ’
864 2681 916 2726 αὖ
949 2688 1004 2738 Α]
1050 2685 1170 2727 οὐδὲν
1216 2688 1412 2727 zedelius.
1462 2689 1568 2743 καλῷ
1607 2687 1746 2727 valck.

174 2748 366 2786 excidisse
398 2748 596 2799 quaedam
626 2748 732 2786 inter
763 2762 798 2787 v.
831 2751 849 2786 1
886 2750 926 2786 et
960 2750 983 2787 2
1011 2748 1201 2787 Meinekii
1235 2750 1296 2786 est
1327 2747 1512 2797 suspicio.
1563 2745 1637 2786 οὐκ
1669 2746 1746 2787 ἔστι

171 2805 214 2846 τὸ
246 2807 318 2859 ζῆν
350 2805 445 2846 αὐτὸ
476 2804 572 2846 καθ’
608 2804 724 2846 ἑαυτὸ
756 2805 880 2859 γλυκὺ
909 2806 915 2856 Ι
943 2804 1052 2861 (οὐδ’
1088 2801 1139 2845 αὖ
1171 2802 1269 2860 κτλ.)
1315 2807 1476 2857 supplet
1495 2806 1631 2846 Cobet.
1652 2807 1700 2847 N.
1723 2809 1747 2847 l.

175 2869 244 2906 75.
275 2869 314 2907 6.
364 2869 406 2906 et
435 2867 570 2908 vivere
602 2869 643 2905 et
673 2867 774 2906 mori
800 2867 948 2906 bonum
981 2879 1067 2905 esse
1099 2869 1249 2917 potest:
1283 2862 1339 2904 ‘id
1372 2867 1502 2904 solum
1535 2866 1747 2906 discrimen

174 2926 270 2965 facit
299 2928 439 2966 utrum
470 2939 607 2966 eorum
640 2926 740 2965 bene
773 2929 813 2965 et
843 2927 1009 2966 honeste
1041 2927 1169 2977 possit
1200 2926 1297 2964 fieri.
1351 2926 1383 2964 si
1416 2927 1580 2965 honeste
1614 2927 1747 2966 vivere

174 2985 304 3036 datur,
335 2986 422 3026 vita
453 2988 515 3026 est
545 2987 691 3037 potior:
726 2998 807 3024 non
839 2986 969 3036 datur,
1002 2987 1130 3025 satius
1163 2988 1224 3024 est
1256 2981 1383 3025 mori'.
1436 2985 1530 3024 Cob.

1391 3051 1461 3087 12*
