2014 3334
771 261 1225 296 ΑΔΗΛΑ.ΟΠΟΤΕΡΑΣ
1694 258 1783 302 505

950 370 1036 413 527

478 441 606 499 Ἴρου
637 449 817 500 παρεῖχε
849 442 1126 499 γυμνότερον
1156 442 1317 499 χρόνος
1347 440 1497 492 πολύς.

325 528 544 580 Procopius
562 529 636 580 Ep.
660 530 756 568 122.
788 543 835 580 με
859 531 1017 581 παρεῖχε
1037 526 1202 579 Heroh.]
1235 527 1398 582 παρεῖδε
1430 526 1512 579 φής
1531 528 1576 567 F.
1607 528 1784 567 comicus

205 588 380 628 fortasse
409 602 458 640 με
487 586 656 642 παρέχει.

947 668 1035 712 528

483 739 544 783 ὀὐ
574 740 657 795 τὴν
690 742 851 796 Δίκην,
886 740 942 783 οὐ
972 739 1210 797 βάραθρον
1242 739 1570 795 εὐλαβούμενος

325 826 652 879 Theophylaotus
674 826 817 867 Simoe.
839 827 914 879 Ep.
936 828 989 868 73
1023 825 1172 874 ἀδικεῖς
1198 857 1207 866 .
1222 857 1230 866 .
1245 855 1255 866 .
1281 825 1376 878 μκήτε
1400 825 1473 878 τὴν
1500 829 1546 867 Δ.
1567 824 1620 874 ὡς
1644 826 1681 879 β.
1704 825 1782 866 εὐλ.

982 943 1037 986 29

489 1014 563 1058 καὶ
594 1013 734 1072 μηδὲν
766 1016 934 1071 ἄβατον
950 943 1068 1071 5μηδ’
1106 1013 1302 1058 ἀθέατον
1332 1017 1588 1058 καταλιπεῖν

325 1101 599 1142 Philostratus
630 1103 704 1154 Ep.
738 1104 792 1143 56
825 1098 947 1157 (251,
982 1097 1068 1156 14).

948 1219 1037 1262 530

490 1289 656 1346 ξυνῆκα
686 1290 772 1347 γὰρ
802 1291 909 1342 τοὺς
938 1290 1170 1334 Ταντάλου
1200 1291 1370 1346 κήπους
1398 1297 1591 1347 τρυγῶν.

323 1376 595 1416 Philostratus
628 1377 710 1416 Vit.
743 1378 910 1428 sophist.
945 1380 988 1430 1,
1022 1379 1095 1427 20,
1131 1380 1168 1416 1.
1218 1378 1476 1429 eupediarum
1516 1377 1782 1428 cupiditatem

202 1436 386 1476 insanam
418 1448 504 1476 esse
535 1437 645 1476 dicit.

882 1530 889 1537 ·
950 1517 1037 1562 531

491 1587 633 1639 οὕτως
663 1587 839 1646 ἄράττει
869 1594 923 1646 τῇ
953 1592 1125 1646 κεφαλῇ
1155 1590 1236 1633 τὸν
1267 1589 1477 1647 οὐρανόν.

323 1675 516 1726 Synesius
530 1675 657 1726 Epist.
674 1678 697 1716 7
703 1678 742 1727 9,
758 1677 843 1715 224
852 1689 883 1715 c.
906 1674 1078 1730 ἀράσσει.
1098 1677 1297 1728 superbus
1316 1677 1452 1716 neseio
1468 1677 1558 1728 quis
1572 1676 1782 1716 inridetur.

944 1792 1033 1835 532

488 1863 660 1906 ἅπαντα
690 1864 745 1906 τὰ
775 1865 888 1907 καλὰ
919 1870 1000 1907 τοῦ
1031 1870 1279 1916 πονοῦντος
1309 1866 1488 1920 γίνεται.

322 1948 517 1989 Stobaeus
555 1950 694 1990 Floril.
728 1952 796 2001 29,
837 1952 890 1991 26
938 1952 1022 1991 sine
1064 1952 1264 1992 lemmate.
1314 1965 1385 1991 eur
1425 1965 1552 1992 novae
1592 1952 1784 1992 tribuerit

202 2008 426 2049 Meinekius
456 2009 601 2050 nescio.
653 2011 700 2050 cf.
734 2010 889 2050 Alexid.
922 2013 991 2062 30,
1015 2015 1051 2051 1.
1100 2011 1268 2051 Philem.
1302 2013 1370 2052 37.

480 2196 510 2242 ,ὁ
544 2194 594 2241 δὲ
624 2199 723 2254 βίος
754 2196 843 2242 ἔστ’
881 2127 1138 2252 ἆλέζῗῗιείας
1169 2200 1390 2256 δεόμενος.
1476 2166 1480 2170 ι

323 2283 519 2324 Stobaeus
542 2284 624 2325 Eoi.
645 2287 686 2335 2,
711 2287 777 2336 15,
799 2287 823 2325 6
858 2282 1016 2336 ‘poetae
1048 2286 1205 2326 incerti.
1256 2287 1335 2326 fuit
1364 2287 1631 2337 probabiliter
1662 2286 1781 2326 comi-

201 2337 300 2382 cus’.
343 2342 544 2383 Wachsm.
578 2341 599 2383 ὁ
631 2344 721 2384 add.
753 2345 862 2385 rubr.
896 2342 938 2385 δὲ
970 2346 1060 2385 add.
1087 2341 1174 2398 (vel
1205 2346 1292 2398 βίος
1321 2341 1416 2400 γάρ)
1448 2346 1567 2386 Mein.

881 2472 981 2516 534.
1014 2473 1102 2516 535

490 2554 666 2610 ἱμάτιον
692 2554 846 2612 ἐφόρει
870 2557 1070 2612 μαλακὸν
1095 2556 1228 2615 ἐρίων
1253 2560 1512 2600 Σικελικῶν.

486 2626 536 2669 τὸ
565 2623 614 2669 δὲ
638 2627 1002 2684 προσκεφάλαιόν
1027 2639 1168 2684 φησιν
1192 2628 1281 2684 ἅμα
1307 2627 1378 2672 σοὶ
1403 2629 1634 2685 βούλομαι.

323 2711 490 2751 Rufinus
519 2713 578 2752 De
609 2714 749 2753 metris
781 2727 879 2754 com.
906 2728 943 2765 p.
967 2717 1079 2755 2711
1116 2715 1290 2763 Putsch..
1323 2716 1407 2755 562
1441 2716 1543 2755 Keil.
1576 2712 1643 2768 (ex
1660 2713 1781 2771 Iuba)

201 2772 422 2811 iamborum
453 2773 626 2821 exempla
656 2785 755 2822 quae
785 2776 954 2813 maxime
982 2776 1230 2824 frequentata
1255 2778 1346 2814 sunt
1375 2776 1531 2815 subdidi
1560 2778 1638 2815 κτλ.
1671 2771 1784 2828 (post

201 2832 396 2882 quattuor
426 2826 541 2885 alia).
577 2846 728 2872 ινατιον
760 2835 802 2872 et
831 2835 1007 2873 ναλακον
1027 2834 1073 2872 R.
1156 2835 1193 2873 2.
1226 2845 1397 2886 ρωσκεφ.
1429 2837 1470 2873 et
1501 2846 1781 2884 φεσινανασοι-

202 2889 394 2941 βουλοναι
414 2890 470 3001 BR.
521 2903 607 2942 sor„
644 2887 760 2942 φήσ’,
804 2890 1086 2943 ἀνακνάψαι
1116 2893 1153 2945 β.
1215 2893 1265 2934 cf.
1297 2894 1462 2946 Lysipp.
1495 2896 1533 2933 4.
1578 2895 1642 2935 vel
1673 2894 1781 2936 ἀκέ-

204 2952 384 2989 σασθαι
442 2980 451 2989 .
