2014 3334
211 214 299 255 424
614 239 616 244 f
864 217 1125 251 ΑΔΕΣΠΟΤΑ

500 325 560 366 διὸ
586 325 650 366 καὶ
683 330 884 367 καλοῦσι
914 326 982 367 τὸν
1013 327 1215 368 Διόνυσον
1246 332 1444 382 πολλαχοῦ

431 394 472 425 15
499 385 646 438 ἰατρόν,
677 384 730 433 ὡς
762 385 812 426 ἂν
842 392 911 438 τῆς
941 386 1091 440 ὑγιείας
1122 388 1263 428 αἴτιον·

499 444 566 484 καὶ
595 449 676 493 τοῖς
702 443 953 497 Ἀθηναίοισι
983 452 1083 500 γοῦν
1114 444 1139 498 ἡ
1171 448 1315 487 Πυθία

500 503 635 558 ἔχρησε
665 511 781 557 τιμᾶν
814 503 866 553 ὡς
897 505 1131 559 ’ὑγιαστὴν
1161 505 1230 547 τὸν
1260 506 1371 547 θεόν.

217 577 276 615 ita
301 577 417 622 enim,
443 590 522 616 non
546 575 725 629 ὑγιάτην,
757 578 863 628 quod
894 579 1089 628 quomodo
1116 580 1332 618 formatum
1358 581 1410 618 sit
1435 580 1581 631 neseio,
1613 580 1784 618 setiben-

216 637 311 674 dum
343 637 524 687 videtur,
556 637 753 686 siquidem
783 635 957 689 ὑγιάζειν
988 650 1131 677 sanare
1163 639 1268 688 apud
1299 639 1514 689 scriptores
1545 640 1785 688 posteriores

216 696 323 734 haud
354 709 444 734 raro
476 696 685 746 reperibur.
745 696 924 735 Alexidis
963 710 1048 736 esse
1081 698 1260 749 eclogam
1292 693 1475 751 (propter
1500 698 1654 736 Alexid.
1689 700 1786 749 216,

216 755 286 794 ubi
323 756 371 794 cf.
409 768 511 805 quae
552 753 851 808 adnotavimus)
891 757 1089 795 sententia,
1128 758 1205 795 fuit
1242 757 1625 807 Schweighaeuseri,
1670 771 1784 808 quem

218 817 377 853 secutus
409 817 470 853 est
501 814 676 854 Cobetus
708 815 852 854 Mnem.
883 829 970 855 nov.
1004 816 1082 854 XII
1114 818 1210 855 447.
1238 819 1276 856 8.
1335 819 1511 856 eei-,erum
1544 818 1590 856 cf.
1619 818 1784 856 Varron.

218 874 299 913 Sat.
318 874 493 924 Menipp.
516 876 583 925 96,
611 877 692 940 ip.
715 876 798 914 236
826 874 981 914 Oehler.

898 991 994 1033 108.
1029 991 1112 1032 109

397 1072 482 1126 ἐγὼ
514 1080 695 1129 γεωργῶ
726 1074 805 1115 τὸν
837 1073 990 1130 ἀγρόν,
1023 1073 1104 1128 οὐχ
1136 1073 1253 1124 ὅπως
1283 1073 1423 1130 τρέφῃ

396 1143 528 1193 αὐτός
558 1160 625 1199 με,
656 1140 760 1201 παρ’
795 1144 903 1200 ἐμοῦ
936 1143 976 1186 δ’
1014 1145 1087 1187 ’ἵνα
1117 1145 1291 1201 τροφὴν
1321 1146 1649 1203 προσλαμβάνῃ.

398 1214 573 1256 σκάπτω
606 1215 690 1271 γὰρ
723 1215 854 1266 αὐτὸς
885 1215 1098 1271 ἐπιμελῶς
1129 1218 1293 1273 σπείρω
1324 1215 1365 1258 τ’
1403 1216 1484 1270 ἀεί,
1692 1215 1696 1218 ’

395 1284 468 1328 καὶ
499 1286 641 1328 πάντα
671 1294 784 1329 ποιῶ
816 1288 926 1343 πρὸς
956 1288 1005 1330 τὸ
1039 1288 1146 1338 δούς
1176 1302 1219 1330 τι
1249 1287 1323 1331 καὶ
1354 1291 1523 1343 λαβεῖν·

356 1368 374 1398 5
397 1356 419 1399 ὁ
453 1354 501 1399 δὲ
533 1359 746 1413 λαμβάνει
777 1358 871 1414 μέν,
905 1359 1151 1401 ἀποδίδωσι
1183 1357 1223 1401 δ’
1261 1357 1367 1402 οὐδὲ
1399 1359 1458 1403 ἔν.

397 1487 699 1545 άποστερητὴν
730 1491 896 1532 ἔλαθον
928 1489 1150 1545 ἀγοράσας
1181 1489 1330 1546 ἀγρόν.

397 1560 577 1616 ἔσπειρα
607 1558 689 1616 μὲν
719 1564 893 1616 κριθῶν
924 1561 1165 1615 μεδίμνους
1195 1564 1381 1603 εἴκοσιν·

395 1631 567 1674 τούτων
600 1629 640 1674 δ’
677 1631 903 1674 ἀπέδωκεν
934 1627 1033 1674 οὐδ’
1069 1632 1201 1682 ὅλους
1230 1633 1526 1688 τρισκαίδεκα,

399 1702 446 1744 οἱ
474 1700 516 1744 δ’
552 1701 643 1745 ἕπτ’
681 1701 752 1744 ἐπὶ
785 1704 934 1758 Θήβας
965 1702 1260 1759 ἐστράτευσάν
1291 1718 1367 1758 μοι
1398 1704 1533 1746 δοκῶ·

316 1784 358 1816 10
395 1774 445 1816 τὸ
477 1780 567 1816 τῶν
597 1778 825 1829 γυναικῶν
856 1773 974 1830 ῥῆμα
1006 1775 1208 1830 διατηρεῖ
1236 1775 1376 1829 μόνον

397 1844 663 1901 εὀνησιφόρα
694 1844 903 1900 γένοιτο’·
963 1851 1095 1888 τοῦτο
1126 1847 1305 1900 γίνεται.

397 1915 420 1958 ὃ
451 1917 537 1973 γὰρ
570 1916 696 1974 φέρει
726 1922 812 1960 νῦν
844 1913 988 1971 οὗτος,
1021 1911 1084 1967 εἷς
1115 1917 1218 1966 ὄνος
1249 1915 1388 1973 φέρει.

339 2002 532 2042 Stobaeus
564 2004 700 2042 Floril.
736 2005 803 2054 57,
838 2007 860 2043 7
906 2008 1083 2055 κωμικοῦ
1122 2007 1288 2054 ποιητοῦ
1319 2002 1367 2042 A.
1425 2003 1643 2054 dispescuit
1679 2001 1790 2056 (post

219 2076 254 2102 v.
276 2057 323 2115 5)
348 2076 450 2112 quae
476 2063 585 2113 apud
604 2063 823 2102 Stobaeum
849 2064 1060 2102 ooniuncssa
1089 2065 1183 2102 sunt
1203 2063 1320 2101 Mein.
1354 2065 1533 2102 attamen
1556 2076 1636 2102 non
1661 2065 1790 2103 multa

219 2122 405 2161 videntur
436 2122 637 2162 excidisse.
703 2125 739 2161 1.
771 2120 845 2175 ἐγὼ
876 2128 1033 2175 γεωργῶ
1065 2123 1187 2162 Dobr.
1218 2122 1383 2161 Porson.
1414 2122 1620 2172 Aristoph.
1650 2137 1688 2173 p.
1713 2122 1786 2174 66]

218 2177 331 2234 ἔγωγ’
363 2177 501 2234 (ἔγωγε
522 2176 672 2236 Trinc.)
698 2179 788 2234 ὁρῶ.
839 2178 959 2235 ὅπως]
989 2181 1055 2220 ἴνα
1080 2184 1126 2221 A.
1190 2183 1227 2220 3.
1255 2178 1383 2232 σπέρω
1411 2181 1542 2220 Trinc.
1603 2183 1642 2221 4.
1674 2181 1789 2230 δούς

217 2254 259 2279 τι
283 2239 350 2290 K]
403 2241 557 2280 δοῦναι.
632 2242 669 2280 5.
702 2239 821 2280 οὐδέν
845 2241 892 2281 Α.
970 2244 1007 2281 7.
1038 2238 1187 2293 κριθὴν
1211 2240 1259 2279 A.
1307 2244 1453 2292 κριθῆς
1483 2241 1598 2280 Mein.
1619 2241 1656 2279 V
1690 2244 1785 2281 122.

220 2302 258 2339 8.
291 2296 327 2338 δ’
371 2301 457 2342 add.
492 2301 608 2339 Mein.
641 2300 750 2340 Sfiob.
781 2301 823 2339 ΙΙ
853 2313 961 2339 xm.
1049 2302 1086 2340 9.
1128 2299 1279 2351 Θήβαις
1309 2299 1358 2338 A.
1414 2314 1482 2350 μοι
1518 2299 1643 2350 δοκῶ,
1681 2302 1787 2352 quod

217 2359 336 2398 facile
368 2361 431 2398 esf,
462 2363 705 2399 commuiare
736 2361 778 2398 in
810 2375 877 2411 μοι
909 2360 1056 2410 δοκεῖν,
1087 2360 1271 2398 firmatur
1296 2359 1352 2398 eis
1379 2372 1480 2410 quae
1510 2359 1787 2400 adnotavimus

219 2419 269 2457 ad
290 2418 466 2458 Oleareh.
490 2420 528 2458 5.
593 2422 658 2460 10.
684 2418 744 2469 τὸ]
765 2418 800 2458 τὶ
818 2419 866 2458 Α.
910 2418 1016 2471 ῥῆμα
1035 2417 1174 2468 Dobr.]
1203 2423 1342 2469 σχῆμα.
1362 2423 1467 2470 σῆμα
1485 2419 1657 2459 Vindob.
1721 2422 1786 2459 11.

219 2475 442 2530 ὀνησιφόρα
472 2478 610 2530 Vind.]
656 2476 925 2531 ὅνησιφόρους
969 2475 1035 2517 ‘ut
1071 2478 1232 2518 videtur
1261 2473 1315 2515 A'
1359 2474 1448 2528 (per
1480 2474 1787 2533 compendium).

219 2536 417 2576 Graisford.

338 2599 377 2636 4.
409 2610 567 2646 operam
607 2599 654 2637 do
690 2602 734 2637 κί’
764 2601 974 2647 postquam
1013 2598 1100 2636 dedi
1140 2597 1255 2635 etiam
1294 2597 1442 2645 aliquid
1480 2599 1676 2646 recipiam.
1738 2599 1788 2637 cf.

219 2656 445 2706 Epicharm.
477 2669 615 2697 versus
642 2655 667 2695 ἆ
694 2655 736 2696 δὲ
761 2656 840 2711 χεὶρ
871 2655 943 2696 τὰν
968 2659 1076 2709 χεῖρα
1105 2655 1217 2702 νίζει·
1251 2654 1318 2703 δός
1342 2670 1378 2694 τι
1402 2653 1477 2694 κᾶν
1500 2670 1536 2695 τι
1560 2656 1785 2708 λαμβάνοις.

220 2716 276 2753 sic
307 2715 475 2755 Ri‘oschl.
497 2715 644 2767 opusc.
675 2717 695 2755 I
729 2719 825 2757 720.
874 2714 941 2755 καὶ
971 2715 1108 2768 λάβοις
1137 2714 1176 2753 τί
1202 2729 1253 2752 κα
1279 2716 1434 2754 Ahrens
1459 2715 1563 2754 Dial.
1585 2717 1668 2754 dor.
1688 2717 1787 2755 456.

218 2775 289 2813 καί
321 2787 356 2813 τι
395 2774 490 2822 δοὺς
521 2774 616 2828 λαβέ
648 2776 934 2816 Schneidewin.
1015 2777 1052 2814 8.
1085 2775 1133 2813 de
1171 2775 1300 2813 forma
1331 2774 1576 2827 τρισκαίδεκα
1605 2775 1652 2814 cf.
1685 2788 1786 2826 quae

220 2834 497 2884 adnotavimus
530 2836 579 2874 ad
607 2835 729 2875 Arist.
761 2836 858 2875 Rau.
886 2837 954 2875 50.
1003 2834 1134 2873 neseio
1166 2835 1301 2872 tamen
1333 2847 1382 2872 an
1415 2834 1555 2873 melius
1587 2834 1788 2873 scribatur

219 2895 319 2944 τρεῖς
355 2892 421 2932 καὶ
459 2892 562 2933 δέκα.
644 2897 680 2934 9.
718 2896 742 2934 i.
775 2909 806 2935 e.
838 2899 979 2944 septem
1013 2894 1132 2933 modii
1169 2894 1244 2952 illi,
1289 2906 1387 2944 quos
1430 2894 1478 2932 de
1521 2894 1666 2945 viginti
1710 2894 1786 2932 sibi
