2014 3334
310 254 396 295 676
647 223 650 227 ’
960 253 1223 286 ΑΔΕΣΠΟΤΑ

309 364 381 416 τὴν
417 364 605 416 πρώτην
641 361 824 415 ἡμέραν
858 363 864 412 Ι
896 361 923 415 ἢ
959 366 1056 410 τοῖς
1093 361 1363 402 ἔπαυλίοισι
1399 359 1507 417 (add.
1544 358 1662 418 γοῦν)
1707 363 1876 415 κεκλή-

311 437 464 477 σομαι.
505 424 510 471 1
552 424 628 462 δεῖ
662 422 748 476 γὰρ
791 423 995 475 θυμηδίας
1035 421 1101 461 καὶ
1143 423 1414 474 παρασίτων
1456 427 1555 471 τοῖς
1598 423 1768 476 γάμοις
1809 421 1876 462 καὶ
1926 452 1933 455 -

310 482 424 522 α’νευ
456 481 569 535 ἡμῶν
601 478 818 536 (γάμοισιν,
849 483 905 521 ὡν
925 479 1021 521 ἄνευ
1041 483 1106 522 vel
1125 481 1280 534 γάμοις,
1298 479 1412 534 ἡμῶν
1434 479 1467 521 τ’
1497 478 1613 536 άνευ)
1643 479 1648 534 Ι
1676 481 1877 537 ἀνέορτα

308 543 458 582 πάντα
489 540 567 581 καὶ
599 548 720 593 συῶν,
751 541 826 581 Οὐκ
857 540 1086 594 ἀνθρώπων
1115 541 1348 594 πανήγυρις.

427 602 629 653 parasitus
667 602 885 641 senectutis
922 601 1117 640 molestiis
1160 614 1288 652 paene
1323 601 1374 640 ad
1411 602 1668 652 suspendium
1707 602 1875 642 adactus
1907 606 1910 610 ’

309 675 377 712 spe
404 663 611 711 epularum
641 661 883 711 nuptialium
913 661 1103 699 reficitur.
1164 661 1213 699 cf.
1244 661 1380 700 Herm.
1410 661 1506 699 XXI
1537 663 1634 701 403,
1657 663 1695 700 4.

426 719 542 771 πόας]
583 718 631 759 ὄα
666 720 857 761 Hercher.
888 721 988 759 conl.
1021 720 1123 759 Plat.
1157 719 1292 771 Symp.
1327 722 1412 760 190
1425 721 1467 769 d,
1503 721 1574 759 ubi
1611 718 1671 759 ὠά
1707 721 1874 760 codices.
1908 766 1914 768 ,

308 780 443 819 Galen.
463 780 521 818 VI
554 781 637 819 605
670 780 825 819 Kuehn.
876 774 952 819 οὗα
982 784 1060 818 νῦν
1101 777 1172 831 μὲν
1202 779 1327 827 οὕτως
1356 776 1594 831 ὀνομάζουσι
1622 780 1765 828 πάντες
1782 777 1876 819 Ἕλ-

307 843 434 890 ληνες,
466 838 515 878 οὐ
547 845 792 893 συγχωροῦσι
824 837 865 878 δὲ
897 839 939 879 οἱ
965 837 1216 886 ἀττικίζοντες
1247 837 1342 891 μετὰ
1371 844 1442 878 τοῦ
1472 842 1502 878 ὗ
1532 837 1656 892 λέγειν
1687 839 1798 879 αὐτά.
1833 845 1874 880 et

309 901 392 938 606
427 899 565 950 στύφει
597 932 604 939 .
638 929 647 937 .
680 929 689 938 .
721 901 868 950 μᾶλλον
905 904 983 937 τῶν
1021 896 1130 938 οὔων
1165 897 1212 937 τὰ
1250 897 1414 950 μέσπιλα
1445 931 1453 937 .
1487 928 1496 937 .
1529 930 1537 938 .
1569 896 1670 950 ἡδίω
1703 898 1745 939 δὲ
1774 899 1874 953 πρὸς

307 956 462 1009 ἐδωδὴν
493 957 539 997 τὰ
571 952 647 997 οὖα
679 991 686 999 .
719 988 728 997 .
761 988 770 997 .
801 957 1003 1012 πρόδηλον
1036 955 1078 997 δὲ
1110 957 1168 997 ὅτι
1198 963 1276 997 τῶν
1304 957 1492 998 τοιούτων
1523 956 1710 998 ἁπάντων
1741 956 1874 1012 ὀλίγον

307 1016 456 1056 ἐσθίειν
492 1017 681 1069 προσήκει
719 1050 726 1058 .
760 1050 768 1057 .
801 1048 811 1057 .
847 1016 920 1069 τὴν
957 1015 1150 1070 προτέραν
1187 1016 1388 1070 συλλαβὴν
1427 1023 1498 1057 τοῦ
1534 1023 1613 1057 τῶν
1643 1016 1752 1071 odiam
1782 1016 1874 1059 ὀνό-

305 1092 425 1128 ματος
461 1075 540 1116 ὑπὸ
577 1083 654 1116 τῶν
690 1080 870 1117 παλαιῶν
901 1074 1131 1128 Ἀθηναίων
1163 1073 1298 1130 (φασὶ)
1339 1076 1405 1116 διὰ
1436 1076 1562 1130 μόνου
1594 1083 1664 1117 τοῦ
1694 1082 1720 1118 ὃ
1749 1078 1873 1132 γράμ-

305 1151 424 1188 ματος
461 1136 691 1189 γράφεσθαί
722 1151 761 1176 τε
797 1135 863 1176 καὶ
900 1135 1095 1190 λέγεσθαι.
1144 1139 1306 1187 recepta
1341 1137 1535 1176 Hercheri
1567 1138 1796 1178 coniectura
1831 1139 1874 1177 in

303 1197 454 1235 Herma
485 1209 642 1236 versum
676 1197 908 1247 supplebam
940 1194 967 1247 ἢ
992 1193 1038 1235 ’κ
1068 1201 1146 1235 τῶν
1177 1194 1310 1249 ἀγρῶν
1340 1195 1387 1235 τὰ
1419 1193 1542 1249 δριμέ’
1577 1195 1783 1251 ἀναλέγειν
1813 1195 1871 1238 ὅα.

421 1254 496 1307 πρὸ
529 1261 599 1295 τοῦ
630 1258 699 1307 Δ.,
730 1257 756 1295 i.
782 1270 814 1295 e.
851 1257 894 1294 in
925 1256 1148 1307 Ceramico,
1177 1256 1248 1295 ubi
1281 1257 1350 1307 qui
1380 1270 1452 1307 pro
1483 1257 1617 1306 patria
1646 1260 1872 1309 pugnantes

303 1315 538 1354 cecidissent
568 1317 727 1366 publice
759 1316 1067 1366 sepeliebantur.

423 1376 462 1413 in
488 1388 607 1415 versu
631 1377 731 1414 extr.
757 1375 1010 1414 scribendum
1035 1376 1194 1415 videtur
1218 1373 1284 1413 καὶ
1302 1377 1482 1414 Σκυθῶν
1507 1373 1661 1428 ἐρημία,
1693 1377 1742 1415 cf.
1768 1390 1869 1428 quae

305 1435 599 1484 disputavimus
624 1435 666 1473 in
693 1436 841 1474 Herma
865 1449 902 1485 p.
924 1437 1022 1474 404.
1077 1448 1218 1484 parum
1244 1435 1518 1474 similitudinis
1545 1448 1635 1474 cum
1660 1435 1869 1486 Alciphro-

304 1494 389 1532 neis
421 1495 570 1533 habent
601 1507 702 1545 quae
733 1495 842 1545 apud
869 1495 1057 1533 Plautum
1083 1495 1242 1533 exstant
1269 1494 1391 1533 Stich.
1420 1497 1456 1544 1,
1484 1497 1522 1544 2,
1550 1498 1573 1534 7
1600 1495 1679 1534 mm
1702 1497 1872 1535 homines

302 1554 477 1592 habitare
506 1566 653 1592 mecum
682 1555 778 1593 mihi
808 1556 997 1598 videnmr,
1027 1554 1083 1593 se't
1112 1566 1211 1593 sues.
1263 1555 1401 1592 contra
1428 1553 1631 1592 simillima
1662 1557 1724 1594 est
1753 1568 1870 1605 para-

305 1612 373 1650 siti
405 1614 533 1651 oratio
567 1613 688 1653 Stich.
711 1616 749 1660 4,
779 1615 816 1661 2,
842 1615 897 1652 53
913 1626 981 1664 sq.,
1011 1614 1117 1651 unde
1148 1614 1317 1652 fortasse
1349 1616 1468 1652 erunt
1498 1614 1568 1663 qui
1587 1613 1872 1664 Alciphronem

304 1684 378 1710 sua
408 1685 456 1710 ex
486 1672 694 1710 Menandri
724 1673 987 1722 Philadelphus
1017 1672 1198 1711 hausisse
1230 1672 1437 1711 coniciant.

868 1787 994 1831 1558.
1029 1787 1155 1831 1559.
1192 1788 1307 1831 1560

420 1862 638 1912 Alciphron
660 1864 696 1910 3,
720 1864 787 1913 53,
811 1865 831 1901 1
872 1860 984 1914 χθὲς
1014 1862 1263 1915 Καρίωνος
1292 1860 1381 1915 περὶ
1410 1861 1453 1902 τὸ
1485 1860 1610 1935 φρέαρ
1641 1862 1871 1916 ἀσχολου-

300 1919 446 1973 μένου
487 1917 582 1975 (τοῦ
614 1924 662 1960 Κ.
695 1919 807 1973 ἐχθὲς
837 1920 921 1974 ἀσχ.
961 1921 967 1972 1
1005 1920 1102 1973 πρὸς
1138 1924 1191 1978 τῷ
1223 1917 1384 1976 φρέατι)
1422 1921 1636 1975 εἰσέφρησα
1672 1923 1727 1971 εἰς
1758 1923 1870 1964 τού-

296 1981 504 2020 πτάνιον
537 1976 724 2034 (sonasse
755 1980 887 2020 τούπτ.
918 1963 1176 2036 υπεισέδυν)
1195 1980 1360 2031 Ιέπειτα
1402 1980 1554 2034 εὑρὼν
1596 1983 1781 2022 λοπάδα
1824 1978 1868 2023 εὗ

299 2040 403 2092 μάλα
433 2038 853 2092 κεκαρυκευμένην
887 2038 893 2092 Ι
926 2037 1233 2092 κάλεκτρυόν’
1269 2039 1412 2080 ὀπτὸν
1443 2040 1617 2094 χύτραν
1648 2057 1686 2081 τε
1719 2038 1806 2096 (καὶ
1836 2059 1867 2095 χ.

298 2095 406 2153 τινὰ)
438 2100 715 2152 μεμβράδας
743 2101 748 2149 Ι
777 2099 981 2152 ἔχουσαν
1011 2099 1076 2139 καὶ
1113 2099 1271 2151 ἀφύας
1303 2099 1390 2151 (ἀφ.
1417 2097 1451 2139 τ’
1487 2098 1556 2155 ξ’χ.)
1588 2101 1868 2156 Μεγαρικὰς

299 2158 551 2233 ἐξηρπασα.
580 2161 586 2210 Ι
619 2158 686 2198 καὶ
716 2158 978 2211 ἀποπηδήσας
1013 2163 1088 2199 ποῖ
1113 2162 1352 2212 καταχθείην
1388 2159 1552 2212 ἐζήτουν
1582 2160 1648 2200 καὶ
1679 2161 1869 2214 ευκαίρως

299 2217 515 2271 ἕμφάγθιμι
546 2218 679 2271 μόνος.

418 2282 441 2318 2
476 2277 622 2334 ἀπορίᾳ
660 2276 702 2318 δὲ
739 2278 862 2318 τόπου
895 2277 1057 2331 δραμὼν
1093 2277 1169 2318 ἐπὶ
1206 2277 1291 2330 τὴν
1321 2279 1558 2330 Ποικίλην
1592 2300 1642 2307 --
1677 2278 1744 2319 καὶ
1778 2279 1865 2334 γὰρ

297 2336 383 2376 οὐκ
419 2336 622 2390 ἠνώχλει
657 2338 804 2389 ταύτην
843 2336 954 2378 οὐδὲ
991 2334 1058 2386 εἷς
1096 2334 1252 2392 (οὐδεὶς
1288 2337 1362 2391 γὰρ
1399 2337 1565 2391 ἠνώχλει
1601 2336 1702 2393 τότε)
1736 2339 1742 2389 Ι
1774 2345 1866 2380 τῶν

297 2395 567 2449 ἀδολέσχων
617 2396 811 2437 τουτωνὶ
855 2397 1134 2449 φιλοσόφων
1178 2394 1233 2451 (τ.
1265 2396 1327 2437 ἀδ.
1359 2413 1401 2448 φ.
1433 2393 1608 2452 τούτων)
1647 2420 1703 2426 -
1740 2403 1864 2439 κεῖθι

297 2452 413 2511 (ἐκεῖ)
442 2452 448 2510 Ι
475 2462 565 2496 τῶν
596 2457 756 2496 πόνων
787 2456 1029 2497 ἀπέλαυον
1056 2454 1141 2511 (ἀπ.
1167 2472 1196 2497 τ.
1222 2452 1283 2511 π.)
1306 2452 1309 2511 Ι
1332 2455 1555 2505 ἀνανεύσας
1580 2455 1623 2497 δὲ
1646 2463 1716 2510 τῆς
1742 2459 1863 2499 λοπά-

298 2516 365 2563 δος
399 2513 404 2569 Ι
439 2514 528 2568 ὁρῶ
566 2516 854 2568 προσιόντας
891 2523 981 2556 τῶν
1013 2515 1102 2556 ἀπὸ
1139 2522 1208 2569 τῆς
1243 2516 1407 2567 τηλίας
1439 2516 1570 2565 τινὰς
1597 2518 1603 2567 Ι
1630 2518 1863 2570 νεανίσκων,

295 2574 361 2614 καὶ
393 2576 554 2623 δείσας
584 2575 637 2615 τὰ
668 2574 740 2628 μὲν
777 2575 1000 2629 βρώματα
1031 2574 1233 2616 ὄπισθεν
1264 2574 1512 2628 ἀπεθέμην
1544 2576 1599 2629 (δ.
1631 2573 1667 2616 δ’
1702 2575 1765 2617 ὄπ.
1795 2576 1862 2618 ἀπ.

295 2634 342 2673 τὰ
383 2631 478 2689 βρ.),
506 2635 513 2686 Ι
542 2638 566 2675 3
612 2635 752 2683 αὐτὸς
796 2633 844 2675 δὲ
888 2636 955 2684 εἰς
997 2633 1240 2687 τοῦδαφος
1283 2634 1476 2688 ἐκείμην
1513 2631 1570 2690 (δ’
1606 2634 1658 2675 ἐκ.
1685 2666 1694 2675 .
1725 2667 1737 2676 .
1768 2667 1778 2676 .
1809 2637 1864 2685 εἰς

294 2691 421 2748 τούδ.)
438 2690 442 2749 Ι
460 2726 468 2734 .
490 2726 498 2735 .
520 2728 528 2735 .
550 2693 809 2747 εὐχόμενός
833 2710 872 2735 τε
897 2699 994 2744 τοῖς
1019 2694 1365 2748 ἀποτροπαίοις
1397 2691 1497 2748 (τοῖς
1522 2692 1554 2734 τ’
1578 2694 1643 2735 ἀπ.
1663 2693 1861 2750 ηὐχόμην)

294 2752 341 2792 τὸ
392 2752 538 2805 νέφος
586 2757 847 2807 παρελθεῖν
893 2751 898 2809 Ι
944 2755 1178 2808 χόνδρους
1225 2753 1552 2806 ὑποσχόμενος
1594 2756 1861 2807 λιβανωτοῦ

295 2812 458 2861 ἱκανούς
496 2810 591 2868 (scr.
627 2812 847 2867 τέτταρας
885 2828 934 2853 cx
966 2809 1178 2868 Luciam),
1210 2809 1217 2868 Ι
1251 2811 1333 2861 οὓς
1371 2814 1474 2854 οἴκοι
1509 2813 1861 2867 ἀναλεξάμενος

294 2878 382 2910 τῶν
415 2873 558 2925 ἱερῶν
590 2870 640 2926 (τ.
665 2870 842 2928 ἱεράν.)
873 2873 957 2927 ἔχω
990 2868 1034 2913 εὖ
1066 2873 1184 2926 μάλα
1210 2875 1216 2922 Ι
1244 2872 1578 2925 εὐρωτιῶντας.

411 2931 528 2972 κούκ
559 2931 813 2986 ἠστόχησα’
845 2933 896 2973 οἱ
921 2932 1030 2973 θεοὶ
1060 2932 1155 2987 γὰρ·
1179 2931 1354 2980 αὐτοὺς
1385 2931 1532 2985 ἄλλην
1564 2928 1648 2986 (καὶ
1677 2932 1752 2987 γὰρ
1778 2932 1858 2974 ἄλλ.
