2014 3334
884 257 1107 290 ΣΤΡΑΤΩΝ
1698 256 1755 299 36
1764 257 1782 298 l

201 373 349 422 λαφος,
386 368 545 423 τριήρης
583 364 822 423 (Antiphan.
856 370 961 420 224,
993 370 1031 408 4.
1081 369 1234 420 Epinic.
1269 371 1312 421 2,
1346 363 1410 423 4),
1450 370 1579 409 altera
1615 383 1786 421 persona

201 431 601 471 commemoraverat:
634 442 712 480 quo
745 429 869 468 fiebat
898 432 946 468 ut
977 429 1010 469 is
1031 443 1202 481 quocum
1232 430 1472 481 loquebatur
1498 430 1619 469 etiam
1646 429 1785 481 κώμην

200 504 274 542 pro
306 490 449 541 poculo
480 490 660 529 haberet.
709 486 919 541 προῦπιεν,
950 491 998 528 ut
1030 490 1194 529 Damox.
1222 492 1257 540 1,
1290 492 1329 529 4.
1393 491 1430 529 3.
1466 491 1657 530 Thur-iam
1681 491 1784 530 Mes-

203 551 336 590 seniae
369 550 562 601 oppidum
598 550 891 600 interpretatur
922 549 1145 589 Meinekius
1186 546 1338 603 (Strab.
1373 552 1411 600 8,
1445 547 1624 603 360.1).
1687 551 1786 589 mihi

201 623 316 651 secus
348 610 508 651 videtur
550 609 771 649 conferenti
815 609 992 649 eiusdem
1026 609 1236 649 Strabonis
1271 611 1309 658 6,
1342 611 1428 650 280
1472 608 1541 649 τὸν
1574 609 1786 650 Μολοττὸν

196 667 456 723 Ἀλέξανδρον
477 666 774 722 μετεπέμψαντο
802 664 864 724 (οἱ
884 665 1138 723 Ταραντῖνοι)
1166 667 1230 709 ἐπὶ
1250 669 1516 717 Μεσσαπίους
1541 669 1607 710 καὶ
1626 673 1786 710 Λευκα-

202 730 313 781 νούς,
350 728 416 770 καὶ
447 728 501 769 ἔτι
530 728 721 783 πρότερον
749 725 987 782 Ἀρχίδαμον
1018 727 1086 769 τὸν
1102 725 1337 783 Ἀγησιλάου
1369 727 1434 769 καὶ
1466 729 1632 782 ὕστερον
1650 730 1786 770 Κλεώ-

202 805 332 843 νυμον
365 786 454 845 (qui
484 804 565 830 non
596 790 674 829 fuit
704 790 866 841 proprie
898 785 987 843 rex)
1019 787 1086 829 καὶ
1113 785 1373 843 Ἀγαθοκλέα,
1405 785 1486 829 εἶτα
1511 790 1678 843 Πύρρον
1705 823 1712 830 .
1740 822 1749 830 .
1776 821 1785 830 .

202 847 289 892 οὐδ’
326 849 490 898 ἐκείνοις
522 848 727 890 εὐπειθεῖν
755 847 958 901 ἠδύναντο
985 847 1055 898 οὓς
1082 847 1365 890 ἐπεκαλοῦντο.
1386 881 1396 890 .
1418 847 1460 890 .ὅ
1491 856 1592 903 γοῦν
1607 847 1785 899 Ἀλέξαν-

203 911 297 964 δρος
339 908 413 962 τὴν
455 908 598 961 κοινὴν
633 906 839 962 Ἑλλήνων
883 914 961 949 τῶν
1004 909 1125 966 ταύτῃ
1169 909 1396 963 πανήγυριν
1441 906 1500 963 (ἐξ
1531 906 1785 965 “Ηρακλείας)

203 971 383 1025 μετάγειν
415 969 593 1023 ἐπειρᾶτο
627 969 682 1018 εἰς
712 968 798 1021 τὴν
833 969 1057 1023 Θουρίαν.
1108 971 1179 1010 ubi
1200 970 1373 1010 Thurios
1392 971 1537 1010 Italiae
1565 971 1786 1023 significari

203 1032 380 1082 adparet.
438 1032 487 1072 cf.
507 1030 630 1070 etiam
648 1030 790 1070 Iustin.
816 1032 883 1081 12,
904 1032 942 1080 2,
972 1033 1006 1069 1.
1036 1032 1105 1070 15.
1155 1030 1242 1071 Liv.
1265 1032 1302 1082 8,
1326 1033 1393 1070 24.
1443 1034 1628 1071 versatus
1649 1034 1785 1071 autem

203 1094 265 1131 est
303 1091 532 1130 Alexander
571 1091 840 1130 Molossorum
883 1103 954 1129 rex
996 1090 1037 1129 in
1074 1090 1196 1130 Italia
1230 1103 1265 1130 a.
1298 1090 1388 1130 Chr.
1423 1093 1670 1132 332—323
1705 1087 1786 1145 (Ol.

206 1154 303 1202 112,
326 1153 512 1202 1-113,
534 1145 592 1205 3),
623 1151 730 1190 unde
760 1150 865 1190 nihil
884 1151 1068 1190 concludi
1092 1152 1229 1202 potest
1255 1151 1302 1190 de
1332 1153 1465 1190 aetate
1497 1164 1628 1203 neque
1649 1152 1784 1191 Philo-

204 1212 356 1251 laconis
382 1212 543 1251 fabulae
575 1223 703 1262 neque
731 1210 937 1261 Stephani.
987 1211 1117 1263 magis
1149 1213 1286 1250 tamen
1324 1211 1472 1251 inclino
1505 1213 1552 1250 ut
1583 1212 1787 1263 Pyrrhum

203 1285 337 1323 regem
382 1271 707 1323 intellegendum.
731 1283 816 1310 esse
849 1271 1086 1310 existimem.
1147 1271 1288 1322 Polyb.
1322 1273 1358 1319 8,
1394 1273 1448 1311 26
1495 1266 1625 1325 (Suid.
1664 1283 1787 1326 προσ-

202 1326 424 1386 πεσόντων)
470 1329 775 1384 προσπεσόντων
814 1328 856 1370 δὲ
894 1326 997 1385 (τῶν
1036 1329 1126 1384 περὶ
1163 1327 1357 1384 Πύρρον)
1403 1331 1459 1379 εἰς
1501 1331 1682 1384 Τάραντα
1722 1330 1788 1371 καὶ

203 1390 296 1440 τοὺς
330 1391 528 1444 Θουρίους
560 1389 771 1443 ἠγανάκτει
802 1389 848 1430 τὰ
878 1389 1030 1443 πλήθη.
1111 1393 1150 1431 4.
1182 1389 1433 1444 ἀπηνέχθην,
1468 1394 1693 1442 coyitatione
1724 1394 1786 1433 de-

202 1453 306 1492 latus
336 1464 423 1492 sum
455 1453 566 1492 totus
597 1451 648 1491 ad
678 1452 836 1502 poeula.

759 1651 1226 1703 ΣΤΡΑΤΩΝ

818 1749 989 1788 Meinek.
1015 1749 1035 1788 I
1067 1750 1166 1789 426.

846 1829 1141 1863 ΦΟΙΝΙΚΙΔΗΣ

328 1904 468 1952 Φοῖνιξ
501 1904 608 1955 apud
640 1905 817 1944 Suidam.
869 1905 937 1944 sed
971 1906 1188 1956 significari
1220 1907 1382 1946 videtur
1412 1907 1480 1946 ille
1513 1907 1786 1958 Phoenicides,

205 1966 252 2004 de
286 1978 364 2017 quo
396 1964 615 2014 Antiphan.
650 1966 718 2018 48,
752 1967 790 2004 3.
826 1967 922 2017 190,
955 1967 993 2006 4.
1044 1966 1251 2017 Euphlffon
1286 1967 1324 2005 8.

987 2084 1007 2124 1

419 2162 586 2222 Σφίγγ’
623 2165 797 2222 ἄρρεν’,
830 2165 885 2209 οὐ
917 2167 1147 2222 μάγειρον,
1181 2168 1244 2218 είς
1274 2167 1356 2222 τὴν
1389 2169 1535 2210 οἰκίαν
1587 2183 1590 2187 ’

415 2235 587 2293 εἴληφ’·
629 2237 778 2288 ἁπλῶς
808 2238 894 2295 γὰρ
926 2235 1032 2281 οὐδὲ
1063 2238 1113 2281 ἓν
1145 2239 1205 2294 μὰ
1236 2241 1342 2290 τοὺς
1372 2241 1511 2291 θεοὺς

419 2305 483 2352 ὧν
515 2308 571 2352 ἂν
602 2309 708 2366 λέγῃ
741 2311 937 2366 συνίημι.
998 2311 1130 2354 καινὰ
1161 2310 1334 2367 ῥήματα

418 2380 741 2438 πεπορισμένος
771 2382 1000 2438 πάρεστιν·
1040 2382 1100 2433 ὡς
1132 2383 1313 2438 εἰσῆλθε
1345 2383 1447 2440 γάρ,

377 2465 397 2495 5
419 2452 559 2503 εὐθύς
589 2451 632 2509 μ’
671 2452 926 2510 ἐπηρώτησε
957 2453 1242 2510 προσβλέψας
1272 2453 1398 2510 μέγα,

420 2523 602 2576 *πόσους
633 2523 846 2581 κέκληκας
877 2524 1072 2582 μέροπας
1104 2524 1175 2569 ἐπὶ
1207 2525 1407 2569 δεῖπνον’
1416 2545 1426 2578 ;
1462 2526 1570 2582 λέγε.

413 2593 518 2650 ’ἐγὼ
549 2595 737 2653 κέκληκα
769 2595 964 2654 μέροπας
996 2596 1066 2641 ἐπὶ
1099 2599 1302 2648 δεῖπνον;
1336 2602 1490 2656 χολᾷς;

421 2669 526 2718 τοὺς
558 2665 606 2711 δὲ
638 2667 833 2724 μέροπας
862 2669 1049 2720 τούτους
1080 2686 1132 2726 με
1163 2670 1401 2724 γινώσκειν
1433 2670 1598 2720 δοκεϊς;

420 2737 569 2790 οὐδεὶς
598 2738 829 2796 παρέσται·
861 2747 994 2784 τοῦτο
1025 2742 1111 2798 γὰρ
1142 2742 1199 2796 νὴ
1230 2741 1310 2784 τὸν
1341 2743 1432 2783 Δία

357 2822 399 2854 10
419 2812 483 2853 ἔτι
514 2811 800 2866 κατάλοιπον,
831 2811 1027 2868 μέροπας
1059 2811 1130 2856 ε’πὶ
1163 2813 1347 2855 δεῖπνον
1379 2811 1552 2855 καλεῖν.’

413 2880 530 2925 ‘0156’
569 2883 654 2939 ἄρα
685 2882 898 2939 παρέσται
931 2884 1159 2940 δαιτυμὼν
1191 2882 1340 2934 οὐδεὶς
1373 2881 1517 2935 ὅλως;’

420 2953 519 2997 ”οὐκ
550 2950 636 2997 οἶδ’
673 2955 810 3010 ἔγωγε
842 2954 1128 3012 Δαιτυμόν”.
1192 2954 1467 3011 ἐλογιζόμην,
