2014 3334
754 222 919 257 AAHAA
944 223 1205 259 οΠοΤΕΡΑΣ
1677 220 1764 263 599

922 331 1033 375 1161

476 395 644 447 ταῦρον

313 466 492 507 I'hotius.
535 466 585 506 cf.
612 468 725 506 1134
758 470 798 506 et
830 467 928 506 635.
960 466 1132 517 Hesych.
1171 470 1314 517 ταῦρος
1350 495 1359 504 .
1392 494 1401 505 .
1433 494 1443 504 .
1481 462 1591 505 ἄλλοι
1622 461 1665 504 δὲ
1696 463 1764 505 τὸν

191 524 468 579 παιδεραστήν.
522 523 587 565 καὶ
619 524 660 565 τὸ
691 528 931 579 γυναικεῖον.
988 527 1031 565 at
1056 525 1200 564 Suidas
1231 529 1391 575 ταῦρος·
1431 522 1474 563 τὸ
1505 523 1662 564 αἰδοῖον
1692 530 1764 564 τοῦ

192 584 349 639 ἀνδρός.
397 583 463 625 καὶ
482 583 700 637 ἀταυρώτη.
731 582 756 637 ἡ
782 582 957 637 ἄμικτος,
977 581 1078 638 ἁγνή
1099 580 1260 639 (Aesch.
1283 585 1357 636 Ag.
1380 586 1478 623 244.
1522 584 1648 624 Arist.
1670 584 1764 636 Lys.

922 700 1034 744 1162

474 762 747 817 τερετίζομεν

311 836 479 876 Photius
505 839 547 875 et
572 836 814 876 Bachmann.
842 835 988 875 Anecd.
1014 834 1034 874 I
1061 836 1159 886 384,
1186 837 1240 875 29
1267 834 1310 874 τὸ
1341 833 1437 874 αὐτὸ
1463 832 1578 886 μέλος
1602 830 1764 891 ᾄδομεν.

191 897 348 939 dixerat
378 899 497 947 poeta
528 896 674 947 aliquis
703 896 878 936 comicus
909 892 1025 934 ταύτὸ
1055 892 1131 948 γὰρ
1161 894 1412 946 τερετίζομεν,
1442 894 1493 934 ad
1519 907 1621 946 qnae
1653 895 1764 934 scho-

190 957 311 996 liasta.
346 956 610 995 adnotaverat
646 953 688 994 τὸ
727 952 823 995 αὐτὸ
860 970 900 1006 μ.
930 951 993 1011 ᾴδ.
1042 967 1171 1006 neque
1209 954 1314 993 enim
1353 954 1557 994 adsentior
1590 954 1762 995 Nabetmo

189 1015 350 1068 proprie
380 1014 580 1067 τερετίζειν
617 1010 791 1069 (Phryn.
830 1027 929 1054 com.
963 1015 1018 1054 14
1056 1015 1098 1053 et
1134 1014 1340 1065 Euphrm
1375 1017 1417 1064 1,
1456 1015 1538 1067 34)
1576 1013 1764 1054 dicuntur

190 1075 360 1116 cicadae.
409 1075 510 1115 Poll.
545 1077 584 1127 5,
618 1076 672 1115 89
706 1073 830 1123 εἴποις
861 1072 912 1114 ἂν
943 1103 952 1114 .
985 1103 995 1114 .
1028 1104 1036 1113 .
1068 1070 1236 1126 τέττιγας
1267 1073 1476 1126 τερετίζειν.

919 1191 940 1233 1
950 1190 971 1233 1
980 1190 1036 1234 63

475 1249 762 1306 τιλλοπώγων

310 1325 478 1365 Bekker.
511 1324 659 1364 Anecd.
693 1325 761 1375 66,
793 1326 817 1363 3
852 1321 872 1363 ὅ
904 1323 973 1363 τὸν
1004 1322 1147 1364 ἑαυτοῦ
1179 1321 1398 1363 ἀποτίλλων
1429 1321 1613 1376 πώγωνα.

888 1488 895 1495 ,
919 1439 1035 1482 1164

474 1506 599 1555 τῖμος

308 1575 546 1615 Eustathius
566 1575 665 1624 563,
686 1575 740 1614 24
762 1576 803 1614 et
822 1574 1003 1614 Philemo
1024 1573 1115 1612 Lex.
1141 1575 1222 1613 105
1256 1571 1419 1627 φθογγὴ
1442 1572 1638 1626 φθόγγος,
1669 1571 1762 1625 χολὴ

190 1635 319 1688 χόλος,
355 1633 445 1686 τιμὴ
484 1637 638 1685 τῖμος,
675 1631 728 1681 ὥς
752 1631 859 1685 παρὰ
890 1639 935 1688 τῇ
973 1632 1160 1689 κωμῳδίᾳ
1192 1631 1233 1672 τὸ
1268 1633 1425 1685 τίμημα.
1473 1635 1599 1683 1222,
1632 1635 1687 1673 28
1721 1631 1764 1672 ἐκ

189 1699 260 1735 τοῦ
295 1693 387 1746 τιμή
425 1691 446 1734 ὁ
476 1697 598 1745 τῖμος.
654 1693 723 1733 sed
759 1693 868 1732 idem
904 1693 1143 1733 Eustathius
1178 1695 1305 1743 1148,
1338 1695 1392 1733 38
1431 1692 1485 1744 μή
1523 1707 1612 1732 τινα
1648 1696 1762 1743 τῖμον

189 1752 441 1807 εἰσενεγκών,
484 1752 607 1793 εἰπεῖν
650 1749 733 1792 κατ’
776 1749 1001 1805 Ἀρχίλοχον
1045 1750 1150 1803 (103
1182 1748 1361 1806 Bergk).
1423 1753 1559 1802 itaque
1603 1755 1764 1802 praeter

190 1814 477 1854 Archilochum
508 1813 630 1852 etiam
663 1812 904 1853 comicorum
934 1811 1081 1863 aliquis
1112 1825 1160 1851 ea.
1190 1812 1320 1852 forma
1349 1824 1446 1851 usus
1479 1814 1576 1851 erat.
1609 1812 1658 1850 de
1684 1824 1764 1863 qua.

191 1874 240 1914 cf.
271 1873 442 1913 Lobeek.
474 1872 634 1912 Pathol.
663 1873 764 1923 prol.
798 1874 843 1911 9.

921 1963 1034 2007 1165

476 2024 754 2080 τοκογλύφος

310 2099 478 2140 Bekker.
499 2099 647 2139 Anecd.
668 2100 736 2146 64,
769 2100 826 2138 30
857 2097 1150 2150 τοκοπράκτωρ·
1182 2095 1279 2137 ἀλλὰ
1299 2096 1364 2137 καὶ
1383 2097 1639 2150 τοκογλύφος.
1689 2099 1763 2138 hoc

189 2160 365 2200 alterum
396 2172 420 2198 a
451 2158 612 2201 comicis
649 2158 825 2198 mutuati
863 2160 956 2199 sunt
993 2157 1253 2209 posteriores,
1285 2158 1412 2198 veluti
1443 2158 1684 2198 Plutarchus
1722 2161 1763 2198 et

190 2219 405 2260 Lucianus.
953 2219 967 2235 ⁶

922 2285 1035 2329 1166

473 2346 709 2402 τολμητίας

310 2421 536 2472 Hesychius
590 2419 807 2473 προπετής,
856 2418 1062 2471 αὐθάδης,
1109 2417 1209 2471 ὑπὲρ
1263 2418 1336 2471 τὴν
1391 2417 1533 2459 ἑαυτοῦ
1590 2420 1763 2471 δύναμιν

192 2478 407 2533 ἐπιχειρῶν.
456 2480 623 2520 Photius
648 2480 870 2532 τολμητίας
903 2478 1104 2531 τολμηρός.
1153 2479 1327 2519 Thomas
1348 2480 1571 2531 Mag.357,
1596 2484 1648 2519 10
1678 2483 1762 2519 τολ-

192 2537 330 2591 μητής,
348 2538 397 2580 οὐ
415 2539 633 2591 τολμητίας.
683 2538 890 2580 ἀνάττικον
908 2538 983 2593 γὰρ
1002 2544 1129 2580 τοῦτο.
1173 2539 1320 2579 scimus
1339 2542 1475 2579 tamen
1495 2553 1613 2590 quam
1634 2540 1763 2579 multa

192 2599 358 2639 inventa
389 2599 629 2639 comicorum
660 2600 711 2639 ab
743 2599 1019 2640 Antatticistis
1050 2599 1133 2639 sint
1163 2590 1423 2650 reprehensa.

923 2716 943 2758 1
952 2716 973 2758 1
979 2715 1033 2758 67

476 2772 811 2840 τρικόλ(λ)υβον

313 2846 569 2900 νομισμάτιόν
599 2862 646 2889 τι.
682 2849 918 2901 Hesychius.
950 2849 1094 2888 Pollux
1126 2850 1165 2899 9,
1199 2850 1252 2888 72
1285 2845 1419 2901 ἔλεγον
1450 2845 1493 2887 δέ
1523 2863 1558 2887 τι
1589 2846 1655 2887 καὶ
1684 2862 1763 2900 τρι-

195 2906 390 2961 κόλλυβον
422 2907 464 2948 οἱ
490 2906 649 2959 ποιηταὶ
679 2907 844 2962 σμικρὸν
878 2907 1057 2960 νόμισμα.
1107 2907 1249 2948 comici
1279 2908 1363 2948 sine
1395 2907 1528 2947 dubio.
