2014 3334
674 277 881 311 ΑΔΗΛΩΝ
905 277 1167 314 ΔΡΑΜΑΤΩΝ
1624 278 1707 320 211

878 412 962 453 747

415 494 662 550 ἄνθρωπον
694 493 987 550 ἐξαλλάξομεν
1019 497 1156 538 κακόν
1187 498 1233 537 τί
1261 507 1332 538 σοι

415 566 632 610 δώσοντα.

249 653 424 694 Zonaras
448 655 531 694 767
560 651 765 702 ἕξαλλάξαι
784 651 873 692 ἀντὶ
891 658 962 694 τοῦ
982 651 1134 707 τέρψαι.
1167 652 1411 706 Μένανδρος
1429 657 1507 694 κτλ.
1540 656 1712 694 Bekker.

129 714 280 754 Anood.
313 716 381 765 96,
417 717 438 753 1
475 709 701 762 ἐξαλλάξω.
723 712 831 754 ,ἀντὶ
862 719 932 754 τοῦ
970 711 1121 766 τέρψαι.
1191 712 1451 767 Μένανδρος·
1489 712 1711 766 ἄνθρωπον

128 772 399 826 ἕξαλλάξομεν.
455 774 671 826 Phrynich.
704 775 814 827 Epit.
847 776 932 814 363
973 773 1196 825 ἕξαλλάξαι,
1239 773 1281 814 τὸ
1325 772 1466 827 τέρψαι
1507 773 1574 814 καὶ
1612 789 1714 827 παρ-

131 837 295 888 αγαγεῖν
326 833 381 882 εἰς
413 832 671 887 εὐφροσύνην
695 866 703 874 .
725 866 733 874 .
755 866 763 874 .
788 832 838 875 οὗ
876 840 1045 887 χρῶνται
1083 834 1125 874 οῖ
1158 833 1325 886 δόκιμοι.
1392 835 1633 886 Φιλιππίδης
1670 832 1713 874 δὲ

130 890 230 948 (35)
262 892 330 934 καὶ
362 892 605 948 Μένανδρος
643 891 751 950 αὐτῷ
781 900 962 947 χρῶνται.
1025 896 1074 934 cf,
1106 895 1336 934 Anaxandr.
1370 897 1438 935 20.
1480 894 1604 934 κακὸν
1636 894 1713 934 δώ-

130 965 265 1006 σοντα,
294 957 342 994 ut
363 955 583 1006 Antiphan.
606 957 704 1008 211,
724 957 764 995 4.
795 977 842 982 —
874 968 948 1006 per
972 955 1333 1007 interrogationem
1359 956 1476 994 effert
1495 955 1543 994 H.
1566 956 1712 995 Iaeobi.

392 1054 416 1071 Δ

876 1085 961 1128 748

561 1168 842 1224 καθεδοῦμαι
874 1165 915 1211 δ’
953 1167 1116 1211 ἐνθαδὶ
1146 1168 1226 1211 τὸν
1256 1167 1426 1220 Λοξίαν

418 1240 556 1284 αὐτὸν
587 1240 861 1296 καταλαβών.

250 1328 427 1368 Zonaras
450 1330 566 1369 1170
585 1328 857 1380 καθεδοῦμαι.
880 1359 887 1367 .
910 1325 997 1367 ,καὶ
1015 1325 1260 1380 Μένανδρος
1279 1331 1357 1367 κτλ.
1396 1329 1444 1368 cf.
1460 1328 1714 1379 Epimerism.

130 1388 247 1428 Hom.
269 1389 367 1438 255,
397 1391 463 1428 22.
513 1389 645 1428 Plaut.
669 1389 785 1429 Most.
806 1390 845 1440 5,
880 1391 917 1439 1,
950 1389 1005 1427 45
1046 1388 1112 1438 e'yo
1142 1390 1299 1428 &nterim
1330 1402 1445 1428 aram
1475 1390 1576 1428 hanc
1606 1389 1712 1428 όσσιι-

126 1445 241 1498 pabo.
304 1447 443 1498 αὐτὸν]
477 1454 619 1488 τοῦτον
652 1449 784 1500 Mein„
823 1448 893 1499 qui
932 1461 1044 1487 aram
1083 1449 1197 1487 illam
1227 1449 1430 1500 Apollinis
1462 1449 1611 1488 Loxiae
1642 1462 1714 1488 no-

132 1509 237 1548 mine
268 1511 544 1561 nuncupabam
574 1509 699 1549 fuisse
732 1503 801 1564 (ef.
836 1502 942 1563 740)
976 1509 1092 1548 docet
1123 1509 1224 1549 conl.
1255 1510 1369 1548 Phot.
1400 1510 1503 1548 Bibl.
1532 1510 1631 1560 535,
1659 1511 1713 1548 33

131 1567 200 1609 τὸν
231 1567 369 1621 βωμὸν
401 1567 547 1623 ἀγυιὰν
578 1563 732 1624 (Ἀγυιᾶ
763 1565 790 1620 ἢ
823 1567 960 1619 Mein]
1000 1568 1156 1617 Λοξίαν
1188 1567 1375 1620 ἐκάλουν,
1406 1567 1480 1620 τὴν
1511 1574 1581 1608 τοῦ
1612 1572 1714 1608 θεοῦ

131 1629 403 1682 προσηγορίαν
434 1627 618 1681 νέμοντες
649 1631 703 1685 τῷ
733 1629 868 1685 βωμῷ.
919 1642 965 1668 ao
990 1629 1107 1669 Phot.
1139 1629 1215 1668 lex.
1248 1629 1416 1676 Λοξίας·
1449 1628 1616 1668 εἰώθασι
1647 1627 1715 1668 τὸν

131 1687 208 1741 πρὸ
239 1694 319 1728 τῶν
337 1692 479 1742 θυρῶν
512 1687 727 1742 ἱδρυμένον
752 1688 889 1742 βωμὸν
920 1694 990 1729 τοῦ
1006 1685 1254 1737 ’Λπόλλωνος
1272 1689 1428 1737 Λοξίαν
1459 1687 1525 1728 καὶ
1540 1685 1714 1728 Ἀπόλλω

132 1749 444 1803 προσαγορεύειν
475 1748 542 1789 καὶ
567 1746 718 1803 Ἀγυιᾶ.

885 1855 970 1897 749

422 1938 481 1989 ὡς
510 1937 598 1993 ἡδὺ
629 1944 772 1996 πρᾷος
802 1937 875 1982 καὶ
907 1938 1074 1990 νεάζων
1105 1944 1166 1997 τῷ
1197 1939 1346 1996 τρόπῳ

421 2012 577 2066 πατήρ.

256 2097 454 2137 stobaeus
473 2098 613 2138 Floril.
635 2100 703 2149 83,
732 2100 785 2138 13
820 2097 1068 2151 Μενάνδρου
1088 2099 1136 2139 A.
1199 2099 1332 2138 Plaut.
1366 2099 1448 2137 Mil.
1474 2098 1574 2149 glor.
1609 2099 1647 2146 3,
1679 2099 1714 2148 1,

138 2160 191 2197 67
231 2171 291 2197 me
319 2161 364 2197 ut
393 2159 543 2207 fatedre
572 2160 720 2208 faciam
751 2171 831 2199 esse
861 2160 1140 2199 ddulescentem
1181 2160 1362 2198 moribus.
1425 2156 1577 2204 νεάζειν
1609 2159 1714 2196 cete-

133 2218 280 2269 roquin
311 2218 484 2258 comicis'
504 2219 698 2270 ignotum.

887 2325 973 2367 750

258 2409 430 2449 Bekker.
473 2411 621 2450 Aneed.
656 2413 769 2451 1316
812 2408 834 2450 ὃ
878 2409 1122 2463 Μένανδρος
1172 2409 1258 2450 οὐκ
1307 2408 1392 2461 ἔχω
1444 2407 1551 2449 οὔτε
1600 2406 1716 2455 ἅλας

139 2466 245 2508 οὔτε
284 2467 390 2517 ὅξος
427 2467 522 2509 οὔτ’
564 2468 807 2524 ὀρίγανον.
874 2469 950 2511 οὐκ
987 2469 1060 2523 ἔχω
1097 2469 1172 2523 γὰρ
1211 2467 1306 2509 οὔθ’
1341 2469 1438 2516 ἅλας
1466 2467 1471 2519 Ι
1499 2464 1582 2508 οὔτ’
1627 2466 1716 2515 ὅξος

139 2525 222 2568 οὔτ’
257 2526 443 2583 ὀρίγανον
475 2531 593 2570 Mein.

889 2624 971 2666 751

426 2707 469 2749 εἰ
497 2707 556 2762 μὴ
588 2714 742 2763 γαμεῖς
772 2707 871 2763 γάρ,
904 2709 1090 2763 ἔσχατον
1120 2704 1272 2761 νόμιζέ
1300 2720 1352 2760 με

426 2780 616 2822 Μυσῶν.

263 2864 394 2904 Schol.
414 2865 532 2904 Rhes.
554 2867 640 2905 244
667 2863 911 2919 Μένανδρος
930 2867 1006 2904 κτλ.
1071 2866 1109 2902 2.
1140 2868 1307 2916 φρυγῶν
1333 2867 1471 2913 μυσῶν
1492 2862 1537 2900 Α.
1586 2857 1714 2914 Φρύγ’

145 2922 239 2963 ὄντα
275 2926 436 2964 Μυσῶν
473 2924 610 2965 Cobet.
641 2926 786 2966 Mnem.
817 2939 907 2965 nov.
940 2925 979 2963 II
1014 2926 1111 2963 298.
1173 2923 1244 2961 ubi
1285 2925 1419 2961 tamen
1456 2922 1588 2960 nescio
1621 2935 1717 2972 quo-

144 2985 262 3024 modo
294 2985 468 3036 νομίζειν
499 2986 686 3036 coniungi
719 2986 900 3037 potuerit.
932 2998 1020 3023 cum
1055 2983 1276 3034 participio.
1331 2978 1488 3021 ‘servus
1520 2982 1568 3020 do
1600 2984 1719 3032 gente

1364 3048 1432 3084 14*
