2014 3334
803 271 1124 310 ΡΑΠΙΖΟΜΕΝΗ
1682 273 1768 316 125

173 385 312 435 πιστὸς
342 386 626 438 καταφαίνεται
658 384 679 426 ὅ
711 385 884 438 κωμικὸς
922 385 964 426 ἐν
989 383 1246 443 Ῥαπιζομένῃ
1280 383 1525 440 Μένανδρος
1562 381 1640 426 ὧδέ
1679 401 1765 435 πως

174 444 301 502 λέγων
331 450 410 487 κτλ.
476 449 513 486 1.
546 445 650 486 ἐστιν
682 447 727 486 F.
791 449 830 486 2.
862 446 995 499 χαρίεν
1027 448 1160 498 suppl.
1191 447 1398 498 Heinsius,
1429 445 1538 487 τουτὶ
1571 447 1765 486 Fritzsch.

174 507 303 548 Arist.
324 508 484 547 Thesm.
509 509 620 548 1203
647 521 686 558 p.
715 509 814 558 563,
847 504 898 558 νὴ
926 507 1006 546 Δία
1031 507 1151 547 Mein.
1197 508 1332 547 verius
1363 508 1411 546 ut
1442 508 1605 548 videtur
1635 509 1765 563 πρᾷον

175 566 470 621 φιλάνθρωπόν
506 581 551 607 τε
591 566 727 607 Cobet.
767 567 817 607 N.
850 567 875 606 l.
910 569 964 607 36
1008 568 1108 608 conl.
1150 568 1307 607 Thesm.
1344 569 1478 619 1211,
1520 568 1634 607 lenae
1680 581 1764 607 vor-

174 628 227 668 ba
258 640 346 668 esse
379 627 602 680 suspicans.

923 709 1011 752 429

747 793 893 836 πόθεν
924 793 1026 850 γάρ,
1059 789 1094 835 ὦ
1128 794 1256 849 φίλοι
1286 794 1404 847 θεοί,

388 865 578 916 τούτους
609 865 912 909 ἀνεσπάκασιν
945 860 1070 908 οὗτοι
1102 866 1208 916 τοὺς
1238 866 1424 920 λόγουςς

295 952 469 993 Bekker.
490 953 640 992 Anecd.
662 954 807 1006 399,.3
830 955 871 993 et
891 952 1037 992 Suidas
1057 949 1299 992 ἀνέσπακεν·
1330 950 1564 1004 ἀνεύρηκεν,
1591 951 1764 1002 εἴληφεν.

174 1008 422 1064 Μένανδρος
452 1008 711 1069 Ῥαπιζομένῃ
743 1015 822 1052 κτλ.
883 1011 1034 1064 πόθεν]
1072 1010 1228 1053 πέποθε
1260 1013 1297 1051 Α
1337 1013 1449 1052 Suid.
1531 1014 1568 1051 2.
1600 1011 1766 1059 τούτους

173 1072 264 1112 add.
297 1072 406 1112 Suid.
449 1095 499 1102 -—
542 1073 718 1125 Hesych.
751 1076 792 1113 et
829 1074 966 1125 Etym.
997 1088 1049 1112 m.
1085 1075 1182 1125 104,
1214 1074 1270 1112 43
1314 1071 1602 1112 ἀνεσπάκασιν“
1646 1070 1763 1125 εὑρή-

172 1142 303 1184 κασιν,
334 1132 558 1185 εἰλήφασιν.
608 1137 731 1186 atque
763 1134 806 1173 in
868 1135 1004 1185 Etym.
1036 1148 1086 1174 m.
1120 1133 1183 1171 Va
1216 1132 1340 1173 Gaisf.
1375 1135 1459 1173 266
1494 1130 1738 1172 ἀνέσπακε..
1755 1163 1763 1171 .

175 1190 254 1232 ἔστι
293 1189 334 1232 δὲ
373 1192 440 1234 καὶ
479 1192 567 1234 ἀντὶ
605 1199 676 1234 τοῦ
715 1193 897 1246 εἴληφεν·
938 1189 1044 1234 οἷον·
1085 1192 1216 1233 πόθεν
1253 1192 1343 1247 γάρ,
1382 1187 1412 1232 ὦ
1450 1192 1562 1245 θεοί,
1599 1192 1764 1240 τούτους

174 1251 421 1294 ἀνεσπάκασι
453 1254 547 1303 τοὺς
578 1254 740 1309 λόγους;
774 1255 824 1294 cf.
856 1254 982 1294 Arist.
1015 1255 1115 1293 Ran.
1143 1255 1228 1294 903
1262 1267 1355 1293 cum
1385 1254 1552 1305 interpr.
1579 1253 1762 1304 etssoph.

175 1313 237 1354 Ai.
272 1315 357 1354 302
391 1315 490 1355 Lob.

923 1395 1012 1439 430

966 1479 990 1523 ὁ
1022 1480 1247 1537 μυόχοδος
1278 1478 1424 1537 γέρων

459 1550 701 1607 λεληθέναι
733 1548 908 1617 σφόδρ’,
940 1553 1146 1608 οἰόμενος

294 1639 464 1679 Photius
498 1641 603 1692 282,
638 1642 690 1679 11
733 1643 773 1680 ef,
813 1640 958 1680 Suidas
1003 1639 1223 1693 μυόχοδον·
1263 1637 1431 1687 οὐδενὸς
1462 1636 1586 1687 ἄξιον.
1649 1636 1761 1679 Μέν-

175 1699 323 1752 ανδρος
346 1695 604 1756 Ῥαπιζομένῃ
637 1703 715 1740 κτλ.
777 1699 978 1753 μυόδοχον
1010 1701 1081 1739 ΒΕ
1109 1700 1218 1740 Suid.
1254 1721 1307 1727 ⁶—
1340 1700 1568 1740 derivatum
1601 1713 1626 1739 a
1656 1698 1763 1752 χέζω,

172 1760 299 1799 latine
337 1762 554 1801 muscerda.
615 1760 741 1800 Arisb.
783 1761 876 1800 Pac.
911 1763 994 1801 786
1036 1760 1258 1813 σφυράδων
1296 1758 1572 1812 ἀποκνίσματα
1608 1761 1764 1800 confert

172 1820 422 1872 Bernhardy.
466 1820 641 1872 Hesych.
692 1819 910 1873 μυόχοδος·
962 1819 1128 1869 οὐδενὸς
1172 1818 1293 1869 ἄξιος.
1367 1821 1516 1860 Moeris
1562 1822 1666 1871 203,
1706 1822 1760 1859 28

172 1880 300 1919 Bekk.
337 1878 630 1932 μυσκέλενὸρον
657 1877 843 1933 Ἀττικοί,
876 1880 1078 1934 μυόχοδον
1104 1878 1308 1932 ’Έλληνες
1348 1881 1466 1920 Phot.
1494 1878 1760 1932 μυσ[ι]κέλεν-

173 1940 287 1992 δρον·
319 1939 363 1980 τὸ
395 1946 465 1980 τοῦ
497 1939 598 1993 μυὸς
630 1939 886 1993 ἀποπάτημα,
918 1940 1131 1994 μυόχοδον.
1183 1943 1232 1981 cf.
1264 1942 1366 1981 Poll.
1400 1943 1439 1990 5,
1473 1943 1525 1980 91
1562 1944 1663 1980 extr.

923 2059 1008 2101 431

389 2138 468 2185 εἶτ’
504 2141 853 2200 ἀμφορεαφόρος
884 2157 950 2193 τις
982 2141 1220 2199 ἀποφορὰν
1252 2140 1406 2199 φέρων

293 2229 438 2269 Suidas
470 2228 828 2283 ἀμφορεαφόρους·
860 2229 953 2278 τοὺς
984 2230 1188 2282 μισθίους,
1220 2228 1314 2277 τοὺς
1345 2227 1392 2268 τὰ
1417 2228 1585 2281 κεράμια
1616 2226 1760 2280 φέρον·

173 2304 242 2337 τας
284 2292 362 2330 κτλ.
430 2288 676 2344 Μένανδρος
713 2287 984 2346 Ῥαπιζομένῃ.
1059 2291 1107 2330 cf.
1147 2290 1318 2330 Bekker.
1358 2289 1507 2329 Anecd.
1547 2290 1651 2338 389,
1693 2291 1760 2327 24.

173 2350 321 2390 Moeris
344 2351 442 2401 190,
464 2353 532 2391 32.
573 2351 748 2403 Hesyoh.
768 2349 1120 2404 ἀμφορεαφόρους.
1170 2350 1378 2401 Aristoph.
1410 2350 1458 2389 fr.
1487 2351 1584 2388 299.
1616 2349 1761 2399 Eupol.

179 2411 276 2450 187.
301 2431 360 2438 —
391 2410 576 2451 Ammon.
611 2414 663 2451 21
699 2410 928 2464 ἀποφορά
966 2409 1046 2451 ε’στι
1082 2409 1129 2450 τὰ
1161 2409 1240 2450 ἀπὸ
1278 2415 1358 2450 τῶν
1391 2408 1548 2449 δούλων
1585 2411 1666 2456 τοῖς
1698 2408 1761 2447 δε-

176 2469 339 2570 Δρῖξτῖταὶςς
369 2471 618 2524 παρεχόμενα
649 2471 838 2524 χρήματα.
880 2472 977 2511 Xen.
1000 2471 1060 2511 De
1079 2471 1174 2510 Ath.
1201 2484 1284 2521 rep.
1309 2473 1344 2521 1,
1374 2472 1440 2509 11.
1466 2470 1641 2508 Boeekh.
1668 2467 1759 2507 Oeo.

213 2532 232 2569 t
260 2560 270 2569 .
355 2532 422 2570 78.
457 2534 494 2571 9.

924 2625 1011 2668 432

895 2708 976 2764 οὐχ
1009 2708 1139 2765 ὁρᾶτε
1172 2707 1254 2763 τὴν
1285 2707 1457 2772 τροφὸν

463 2778 565 2836 ζῶμ’
602 2778 925 2836 ἐνδεδυμένην;

294 2865 440 2905 Pollux
475 2869 513 2917 7,
546 2869 598 2906 51
635 2865 692 2906 ὅτι
725 2864 767 2906 δὲ
799 2866 965 2906 ἐνδῦναι
996 2861 1048 2918 ἦν
1080 2865 1279 2917 ἐπιτήδεια
1312 2860 1377 2919 (τὰ
1410 2861 1585 2919 ζώματα)
1617 2865 1758 2918 τεκμή-

175 2921 275 2978 ραιτ’
316 2923 368 2965 ἅν
399 2940 456 2973 τις
494 2924 537 2965 ἐκ
572 2931 651 2966 τῶν
683 2924 726 2965 ἕν
756 2932 802 2982 τῇ
835 2926 1085 2979 Μενάνδρου
1110 2923 1368 2980 Ῥαπιζομένῃ
1400 2928 1478 2964 κτλ.
1529 2923 1582 2972 ὡς
1621 2924 1684 2965 ἐπὶ
1716 2925 1757 2965 τὸ

175 2985 277 3026 πολὺ
308 2984 384 3039 γὰρ
415 2991 549 3039 γραῶν
579 2984 622 3026 τὸ
654 2985 818 3039 φόρημα
849 2981 912 3039 ἦν.
975 2987 1147 3026 Phoizius
1180 2986 1304 3037 ζῶμα·
1343 2984 1505 3036 χιτῶνός
1543 2999 1578 3024 τι
1609 2986 1757 3033 ζωστοῦ
