2014 3334
696 210 999 246 ΘΡΑΣΤΛΕΩΝ
1025 231 1071 237 —
1096 213 1286 246 IMBPIOI
1731 212 1781 253 71

416 325 511 370 τοῖς
541 319 787 376 κυμβάλοις
817 320 1060 376 ἄνθρωπος
1091 321 1155 371 εἰς
1186 320 1209 363 ὃ
1241 322 1464 376 βούλεται,

416 390 440 435 ὁ
472 397 605 434 τοῦτο
637 398 780 435 ποιῶν
812 390 905 435 ἐστι
937 393 1096 448 μείζων
1127 399 1208 435 τοῦ
1239 397 1363 435 θεοῦ.

375 476 396 506 5
417 459 513 506 ἀλλ’
549 464 641 507 ἔστι
672 466 837 521 τόλμης
867 462 942 507 καὶ
972 466 1077 520 βίου
1109 463 1231 507 ταῦτ’
1269 466 1438 521 ὄργανα

415 532 622 593 εὑρημέν’
657 535 916 594 ἀνθρώποις
948 535 1195 591 ἀναιδέσιν,
1221 535 1365 593 Ῥόδη,

416 608 479 658 εἰς
509 606 791 663 καταγέλωτα
822 613 883 666 τῷ
916 609 999 666 βίῳ
1032 608 1329 664 πεπλασμένα.

315 707 498 747 Iustinus
535 707 595 746 De
637 708 840 747 monarch.
878 721 915 758 p.
951 709 1042 747 29e
1076 701 1195 761 (140.
1236 710 1259 746 2
1296 703 1415 760 Otto)
1454 705 1475 746 ὃ
1514 706 1633 755 αὐτὸς
1670 706 1785 747 Μέν-

197 766 344 819 ανδρος
376 765 419 806 ἐν
444 763 592 822 Ἱερείᾳ.
654 781 691 808 v.
726 770 748 806 2
783 762 840 822 (εἰ
868 761 964 821 γὰρ)
996 789 1055 795 -
1090 769 1114 806 6
1149 762 1424 822 (ἀνθρώποις)
1458 767 1641 807 Clemens
1671 768 1786 807 Alex.

194 827 325 867 Protr.
361 830 398 876 7,
432 830 486 868 75
521 825 541 866 ὅ
574 825 693 875 αὐτὸς
723 825 1026 884 κωμῳδιοποιὸς
1047 823 1332 880 (Μένανδρος)
1365 826 1408 867 ἐν
1433 823 1571 882 Ἱερείᾳ
1602 830 1655 884 τῷ
1689 827 1784 880 δρά-

196 901 287 939 ματι
331 917 340 926 .
368 919 375 927 .
404 919 412 927 .
457 885 666 941 διελέγχειν
709 893 890 940 πειρᾶται
928 885 997 927 τὸν
1035 884 1163 927 ἄθεον
1200 892 1270 940 τῆς
1306 886 1460 938 πλάνης
1504 892 1658 938 τῦφον,
1701 886 1782 927 ἐπι-

194 945 471 1000 φθεγγόμενος
502 946 710 1000 ἐμφρόνως
742 950 820 987 κτλ.
885 950 921 987 1.
955 945 1094 995 οὐθεὶς
1120 948 1263 987 Iustin.
1329 950 1367 987 2.
1398 946 1485 997 τὸν]
1517 946 1606 987 τινὰ
1637 948 1782 987 Iustin.

196 1009 235 1047 5.
267 1007 357 1060 βίας
390 1008 533 1058 Bentl.,
572 1008 683 1060 quod
718 1021 799 1047 non
831 1008 993 1048 sufficit.
1027 1021 1101 1049 scr.
1139 1006 1283 1059 τόλμης
1320 1005 1533 1060 ἀνιέρου.
1583 1021 1661 1048 vox
1691 1021 1785 1047 rara

196 1067 371 1119 quidem,
404 1069 473 1108 sed
506 1068 682 1119 optimae
713 1070 846 1120 notae,
880 1070 1042 1119 praeter
1061 1068 1275 1108 Platonem
1294 1068 1496 1120 Aeschylo
1518 1069 1784 1120 Euripidique

194 1128 371 1179 cognita.

312 1188 512 1228 inridetur
543 1188 714 1240 Cybeles
746 1189 891 1228 cultus.
958 1191 994 1229 1.
1027 1184 1124 1228 ‘non
1155 1202 1256 1239 opus
1289 1191 1350 1228 est
1383 1189 1621 1240 cuiusquam
1653 1189 1781 1228 homi-

192 1249 255 1287 nis
288 1249 456 1298 auxilio,
493 1250 541 1287 ut
573 1249 670 1288 deus
705 1249 876 1288 alterum
910 1249 1113 1288 hominem
1145 1245 1307 1288 servet'.
1372 1251 1407 1288 7.
1441 1244 1652 1298 ‘nostrique
1689 1251 1783 1296 sicta

192 1309 236 1347 in
266 1310 412 1348 saeculi
442 1305 681 1349 ludibrium'.
739 1309 852 1348 Grot.
883 1308 971 1361 βίος
1002 1310 1059 1348 sic
1083 1309 1193 1360 apud
1217 1309 1462 1359 posteriores
1489 1309 1598 1348 haud
1628 1322 1780 1349 rarum.

192 1367 241 1406 cf.
273 1367 438 1408 Lucian.
472 1368 636 1408 Hesiod.
670 1369 879 1420 21Fugit.
915 1370 952 1409 3.
986 1371 1010 1409 5
1044 1369 1132 1408 init.
1169 1371 1206 1409 6.
1242 1371 1307 1409 23.

949 1498 1036 1540 246

481 1582 592 1624 ὄνου
622 1582 920 1639 παρακύψεως

314 1665 507 1720 μέμνηται
537 1667 682 1720 ταύτης
714 1667 958 1722 Μένανδρος
990 1667 1033 1708 ἕν
1058 1665 1194 1725 Ἱερεία
1232 1698 1241 1708 .
1268 1698 1278 1708 .
1305 1698 1314 1708 .
1353 1667 1416 1708 ἐπὶ
1454 1673 1533 1708 τῶν
1570 1668 1783 1722 καταγελά-

194 1738 294 1775 στως
326 1727 719 1781 συκοφαντουμένων
751 1728 901 1783 εἴρηται
931 1725 957 1780 ἡ
996 1729 1200 1781 παροιμία.
1264 1729 1410 1768 Zenob.
1436 1731 1474 1780 5,
1502 1731 1569 1769 39.
1611 1742 1781 1768 comme-

192 1792 352 1828 morant
383 1790 662 1839 proverbium,
693 1790 808 1829 nulla
838 1791 975 1829 tamen
1005 1790 1218 1829 Menandri
1256 1789 1459 1829 mentione
1492 1790 1618 1841 facta,
1659 1790 1782 1829 etiam

189 1849 378 1898 Photius‚
431 1849 596 1900 Suidas,
645 1850 849 1889 Macarius
889 1852 934 1901 6,
975 1852 1011 1889 7.
1086 1850 1269 1901 Apostol.
1312 1852 1385 1900 12,
1425 1851 1493 1889 87.
1564 1851 1614 1889 cf.
1659 1850 1783 1889 etiam

196 1906 399 1960 [Luciam]
433 1909 547 1950 Asin.
580 1911 636 1949 45
671 1912 769 1950 extr.

893 2026 1081 2059 IMBPIOI

306 2101 475 2141 Photius
496 2097 686 2153 ἼμβριοιΙ
719 2100 762 2141 οἵ
781 2100 851 2149 τὰς
878 2102 990 2150 δίκας
1015 2100 1329 2155 ὑποφεύγοντες·
1362 2099 1497 2153 ἐπειδὴ
1527 2100 1769 2154 ἐσκήπτοντο

185 2158 229 2200 ἐν
250 2157 398 2217 Ἴμβρῳ
430 2156 542 2201 εἶναι.
591 2162 738 2202 Macar.
771 2163 810 2213 4,
846 2164 898 2202 76
922 2159 1099 2215 Ἴμβριος
1131 2162 1241 2214 δίκη·
1273 2160 1336 2201 ἐπὶ
1367 2167 1445 2201 τῶν
1476 2160 1772 2216 προφασιζομέ-

185 2235 269 2260 νων
301 2219 344 2260 ἕν
380 2224 464 2268 ταῖς
502 2221 647 2269 δίκαις·
685 2221 728 2261 οἵ
759 2220 834 2275 γὰρ
866 2220 934 2270 τὰς
973 2222 1086 2270 δίκας
1117 2222 1332 2276 φεύγοντες
1364 2222 1419 2270 εἰς
1451 2225 1626 2274 Λῆμνον
1657 2220 1683 2274 ἢ
1716 2222 1774 2270 εἰς

175 2277 349 2334 ’Ἴμβρον
386 2279 625 2333 ἐσκήπτοντο
664 2280 898 2334 ἀποδημεῖν.
948 2283 1000 2322 id.
1035 2284 1080 2334 4,
1121 2286 1174 2323 77
1216 2280 1393 2335 Ἴμβριος
1424 2280 1450 2334 ἢ
1483 2281 1687 2334 Λήμνιος·
1735 2282 1778 2322 οἵ

185 2339 254 2388 τὰς
291 2341 404 2389 δίκας
440 2339 738 2395 ἀποφεύγοντες
771 2337 935 2397 (ὑποφ.)
963 2339 1188 2394 Ἀθήνησιν
1226 2341 1465 2395 ἐσκήπτοντο
1498 2341 1541 2382 ἐν
1562 2339 1713 2399 Ἴμβρῳ
1745 2339 1772 2394 ἢ

186 2399 230 2441 ἐν
249 2399 405 2458 Λήμνῳ
430 2397 542 2441 εἶναι.
593 2403 732 2442 eodem
758 2415 878 2442 sensu
903 2403 1027 2442 etiam
1046 2403 1204 2456 Σκυρία
1236 2403 1339 2455 δίκη.
1389 2404 1437 2443 cf.
1459 2403 1570 2443 Suid.
1589 2402 1772 2456 Σκυρίαν

188 2461 316 2513 δίκην.
379 2463 479 2503 Poll.
512 2464 557 2512 8,
597 2464 663 2502 81.
727 2463 901 2514 Hesych.
928 2460 1114 2518 Ἴμβριος
1154 2461 1181 2515 ἢ
1219 2462 1414 2515 Λήμνιος.
1478 2463 1565 2502 Ael.
1608 2463 1774 2512 Dionys.

192 2521 381 2601 Eusta'2ch.
406 2523 533 2573 1222,
555 2524 623 2562 33.
644 2544 700 2550 -
723 2523 771 2562 de
793 2522 956 2563 Caecilii
978 2523 1101 2563 Statii
1119 2525 1285 2564 Imbriis
1317 2524 1364 2563 cf.
1386 2522 1430 2562 O.
1451 2523 1640 2562 Ribbeck.
1669 2522 1779 2562 Com.

191 2581 238 2620 R.
270 2582 318 2620 fr.
371 2583 440 2621 51.

873 2688 972 2730 247.
1011 2688 1098 2730 248

410 2769 491 2812 οὐκ
523 2771 644 2813 ἔστιν
676 2770 826 2826 οὐδέν,
858 2771 1010 2828 πάτερ,
1043 2770 1092 2813 ἐν
1125 2769 1372 2827 ἀνθρώπου
1404 2771 1539 2826 φύσει

409 2844 558 2897 μεῖζον
589 2845 807 2899 λογισμοῦ
838 2848 900 2901 τῷ
934 2840 1178 2885 διαθέσθαι
1209 2843 1455 2899 πράγματα.

411 2912 593 2965 ἕκαστός
625 2914 717 2958 ἐστι
748 2913 821 2958 καὶ
855 2916 1122 2970 λογίσασθαι
1153 2916 1262 2958 κατὰ
1292 2916 1460 2971 τρόπον
