2014 3334
233 233 320 275 520
624 209 627 213 ¹
886 234 1146 268 ΑΔΕΣΠΟΤΑ

973 341 1060 384 622

354 426 535 468 Clemens
569 428 680 466 Alex.
713 428 831 467 Paed.
867 429 904 479 3,
940 429 1005 477 11,
1040 429 1092 468 69
1137 426 1179 467 τὸ
1216 426 1290 480 γὰρ
1328 425 1580 480 ἁβροδίαιτον
1617 433 1686 480 τῆς
1715 426 1804 480 περὶ

234 485 302 526 τὸν
332 486 545 537 περίπατον
576 485 768 537 κινήσεως
800 485 865 525 καὶ
895 485 937 526 τὸ
964 489 1089 526 σαῦλα
1120 487 1292 539 βαίνειν,
1332 486 1385 534 ὥς
1416 498 1540 539 φησιν
1567 484 1802 539 Ἀνακρέων,

236 546 379 600 κομιδῇ
418 544 601 599 ἑταιρικά.
651 545 704 593 ὥς
740 543 775 599 γ’
818 544 902 597 ἐμοὶ
940 546 1141 597 φαίνεται,
1177 543 1203 597 ἡ
1235 547 1421 599 κωμῳδία
1452 545 1575 598 φησὶν
1608 545 1660 586 τὰ
1698 546 1803 599 ἴχνη

235 605 287 644 τὰ
323 603 538 657 ἑταιρικὰ
577 604 701 657 ὥραν
741 604 1019 645 ἀπολείπειν
1055 604 1134 645 καὶ
1171 605 1367 658 τρυφήν.
1423 604 1668 656 ἀπολείπειν]
1705 605 1803 646 ἀπο-

236 665 358 704 λείπει
377 666 426 703 Ν.
471 663 554 716 ὥρα
573 663 799 704 ἀπολείπειν
819 666 971 705 Pot‘cer.
992 665 1147 717 τρυφήν
1167 678 1363 716 suprascr.
1395 667 1420 721 ᾇ
1441 661 1484 718 (i.
1506 679 1537 705 e.
1569 663 1743 719 τρυφᾶν)
1758 667 1804 706 R.

236 721 296 763 ετὰ
329 722 499 776 ἑταιρικὰ
520 724 735 764 Clementis
762 721 949 765 videtur'.
980 725 1099 765 Mein.
1150 725 1237 777 ἴχνη
1271 721 1306 764 δ’
1338 723 1344 776 Ι
1372 724 1479 777 ὥραν
1510 723 1708 778 ἀπολείβει
1738 724 1804 765 καὶ

236 783 392 835 τρυφήν
422 784 475 822 id.
507 784 568 823 ed.
599 785 689 823 mai.
913 796 918 797 ⁷

983 865 1069 907 623

355 939 525 978 Bekker.
552 939 700 978 Anecd.
727 941 824 989 318,
859 941 914 978 20
946 937 999 986 ὡς
1037 936 1509 990 σέλινος-ἀναβάλλει
1538 937 1618 980 τὸν
1649 938 1806 979 τόκον·

240 998 431 1053 παροιμία
461 996 526 1038 ἐπὶ
547 1004 633 1038 χτῶν
663 997 763 1052 πρὸς
787 997 829 1038 τὸ
855 1000 984 1050 χεῖρον
1010 998 1277 1050 χρονιζόντων.
1322 999 1570 1038 emendanda
1593 999 1690 1038 haec
1716 1002 1808 1038 sunt

239 1058 307 1112 (cf.
337 1059 483 1098 Naber.
517 1059 661 1099 Mnem.
691 1072 781 1099 nov.
813 1059 907 1097 XVI
941 1055 1044 1111 105)
1089 1072 1136 1098 ex
1174 1059 1290 1098 Phot.
1323 1060 1398 1110 46,
1434 1060 1486 1097 14
1531 1057 1686 1110 ἐχῖνος
1727 1057 1808 1098 τὸν

237 1117 379 1157 τόκον
405 1116 653 1173 ἀναβάλλῃ
680 1114 793 1171 (-ει)·
825 1115 972 1170 λέγεται
997 1114 1060 1168 ἐφ’
1090 1112 1147 1157 ὧν
1171 1116 1213 1157 τὸ
1239 1116 1531 1170 ἀναβάλλεσθκι
1554 1115 1654 1170 πρὸς
1679 1121 1808 1171 χεῖρον

238 1177 401 1230 γίνεται·
433 1175 499 1216 καὶ
530 1176 604 1230 γὰρ
636 1177 679 1216 οἵ
705 1180 875 1229 χερσαῖοι
903 1176 1023 1229 ἐχῖνοι
1053 1177 1307 1228 κεντούμενοι
1340 1177 1527 1216 δοκοῦσιν
1558 1174 1709 1228 ἀνέχειν
1740 1175 1808 1216 τὸν

238 1236 371 1276 τόκον·
405 1231 483 1275 εἶθ’
512 1235 675 1289 ’ὕστερον
701 1235 779 1276 ὑπὸ
804 1234 1048 1289 τραχυτέρων
1073 1243 1151 1276 τῶν
1175 1235 1357 1289 ἐμβρύων
1382 1236 1521 1276 κάκιον
1546 1234 1809 1276 ἀπαλλάσσειν

238 1295 281 1335 ἐν
312 1298 365 1351 τῷ
396 1295 507 1350 τόκῳ.
558 1292 780 1336 ‘erinaceus
805 1310 884 1336 uno
905 1297 969 1336 die
994 1299 1085 1347 post
1104 1298 1267 1347 partum
1294 1297 1374 1335 iam
1400 1297 1558 1335 aculeos
1583 1292 1809 1347 germinat'.

239 1356 385 1394 Naber.
436 1356 591 1395 dixerat
623 1356 763 1406 opinor
794 1357 968 1396 comicus
999 1353 1058 1403 ὡς
1091 1355 1248 1408 ἐχῖνος
1279 1354 1543 1408 ἀναβάλλει
1571 1354 1724 1395 τόκον.

987 1472 1073 1514 624

361 1558 536 1597 Cramer.
555 1557 705 1597 Aneed.
726 1557 848 1597 Oxou.
874 1558 895 1596 I
928 1559 995 1609 55,
1030 1560 1082 1597 19
1117 1557 1370 1609 σεσημείωται
1400 1555 1442 1596 τὸ
1473 1556 1682 1610 κάρχαρος·
1713 1558 1810 1610 τρί-

240 1632 388 1665 τωνος
413 1615 438 1669 ἠ
466 1616 896 1670 μαλαψεκάρχαρος
926 1616 1054 1657 κύων
1074 1612 1179 1670 (sic).
1226 1630 1326 1668 quae
1347 1617 1544 1667 quomodo
1565 1618 1811 1657 emendanda

242 1678 322 1716 sint
354 1678 505 1716 dubito.
554 1677 714 1716 videtur
744 1680 880 1716 tamen
898 1676 1029 1726 Scylla
1061 1677 1288 1727 significari,
1319 1690 1420 1726 quae
1447 1689 1471 1715 a
1491 1677 1647 1715 Tritone
1677 1678 1812 1716 amata

243 1750 327 1776 esse
368 1737 574 1776 dicebatur
607 1733 791 1788 (Preller.
825 1737 951 1788 Myth.
983 1732 1061 1788 gr.²
1091 1737 1111 1774 I
1143 1731 1260 1790 484),
1296 1739 1339 1774 >et]
1377 1749 1520 1775 scaena
1551 1736 1636 1774 eius
1670 1737 1811 1775 similis

243 1809 328 1835 esse
361 1809 462 1847 quae
494 1798 556 1835 esi]
586 1796 710 1835 Arist.
743 1797 840 1835 Ran.
874 1797 972 1835 465.
1021 1796 1184 1848 gravius
1217 1796 1340 1835 etiam
1365 1797 1553 1846 corrupta
1583 1798 1678 1834 sunt
1709 1809 1810 1847 quae

247 1858 406 1895 exstant
438 1855 568 1895 Cram.
600 1855 747 1895 Anecd.
782 1854 853 1894 Ox.
883 1855 925 1894 II
958 1857 1055 1905 375,
1090 1857 1126 1894 7.

1026 2042 1206 2084 πάντων
1236 2040 1290 2096 γε’
1316 2057 1385 2084 τοι

528 2113 691 2170 μέτρον
723 2112 815 2156 ἐστὶ
845 2112 1101 2164 τούπιεικές.

366 2200 567 2240 Macarius
601 2202 638 2250 6,
672 2202 726 2239 94
759 2201 873 2239 nulla
899 2200 1054 2239 adiecta
1085 2200 1360 2250 explicatione.
1409 2197 1453 2252 γε’
1482 2199 1571 2238 add.

990 2315 1076 2358 626

1311 2371 1474 2430 γρᾴδια

531 2435 758 2490 μεθύοντα
788 2433 862 2477 καὶ
892 2437 1116 2476 λυττῶντα

364 2521 642 2561 Philostrvit.
663 2522 773 2571 soph.
798 2523 834 2569 1,
856 2523 922 2571 21,
945 2522 968 2560 5
996 2518 1087 2566 τοὺς
1112 2517 1442 2571 λοιδορουμένους
1466 2518 1507 2559 ἐν
1533 2522 1613 2567 τοῖς
1637 2518 1789 2572 λόγοις.
1805 2551 1813 2560 .

246 2597 306 2634 γρ.
337 2580 464 2620 ἐκάλει
493 2583 571 2620 κτλ.
620 2593 699 2619 non
731 2580 871 2619 dubito
910 2580 1006 2631 quin
1038 2579 1191 2618 comici'
1209 2579 1340 2618 verbis
1371 2592 1470 2618 usus
1502 2579 1566 2618 sit..
1615 2580 1663 2618 ef.
1688 2579 1814 2619 Arist.

247 2642 339 2690 Lys.
373 2642 470 2681 298.

989 2695 1074 2737 627

603 2800 611 2808 .
673 2765 887 2822 ἀγροίκου
918 2766 976 2822 μὴ
1009 2767 1279 2822 καταφρόνει
1311 2765 1510 2822 ῥήτορος.

367 2854 562 2892 Zenobius
585 2856 620 2901 1,
645 2856 696 2892 15
731 2851 787 2891 ὅτι
813 2849 911 2903 μηδὲ
936 2857 1013 2892 τῶν
1040 2851 1204 2891 εὐτελῶν
1225 2850 1296 2905 χρὴ
1327 2854 1603 2903 καταφρονεῖν,
1631 2853 1819 2903 παραινεῖ

247 2909 272 2964 ἡ
305 2912 506 2964 παροιμία.
559 2913 800 2952 comicorum
832 2911 1066 2963 fragmentis
1098 2911 1188 2950 add.
1211 2912 1329 2950 Mein.
1352 2911 1493 2951 Philol.
1518 2909 1628 2949 XXV
1656 2911 1752 2950 537.
