2014 3334
514 228 883 264 ΚΑΤΑΛΟΓΑΔΗΝ
907 225 1435 262 ΜΕΊἙΣΧΗΜΑΤῘΣΜΕΝΑ
1676 221 1763 265 653

179 341 258 384 ὑπὸ
301 348 372 384 τοῦ
418 341 593 395 χρόνου
637 337 1060 392 ἀνατετραμμένην
1097 335 1358 390 παρέρχονται
1380 369 1388 376 .
1417 369 1424 377 .
1448 335 1515 376 καὶ
1551 335 1765 388 πόρρωθεν

178 402 330 452 ἰδόντες
355 400 489 455 ἑτέραν
515 400 826 454 ἐκτρέπονται
858 396 1051 454 (fortasse
1077 397 1223 449 στήλην
1248 397 1456 450 παριόντες
1481 391 1765 450 ἐκτρέπονται).

177 476 226 504 ex
245 463 413 516 prologo
434 463 595 502 fabulae
623 463 720 502 haec
740 461 953 500 fluxerunt.
1003 461 1183 499 ceterum
1205 459 1252 497 cf.
1272 459 1374 498 Mus.
1394 458 1519 498 Rhen.
1539 457 1674 497 XLIII
1696 459 1765 497 51.

901 576 1018 620 1434

298 654 500 694 Luciumue
526 654 626 693 Tim.
650 656 672 694 7
701 655 839 689 ΖΕΤΣ.
881 652 926 692 τί
959 648 1134 691 παθὼν
1166 644 1242 690 οὖν
1272 648 1490 698 τοιοῦτός
1521 648 1649 689 ἐστιν
1674 648 1766 689 ἅθ-

177 716 303 765 λιος,
355 713 361 763 Ι
407 712 651 766 αὐχμηρὸς
700 711 766 752 καὶ
805 711 1029 760 σκαπανεὺς
1071 709 1150 751 καὶ
1194 709 1462 762 μισθωτός,
1506 707 1565 758 ὡς
1609 708 1766 750 ἐόικεν

179 770 314 829 (αὐχμ.
334 771 388 822 ὡς
406 772 509 814 ἔοικε
532 789 571 826 μ.
585 769 796 827 σκαφεύς),
813 768 816 828 Ι
834 771 956 813 οὕτω
981 772 1183 824 βαρεῖαν
1204 768 1487 822 καταφέρων
1506 768 1590 821 τὴν
1610 770 1761 809 δίκελ-

177 837 264 874 λαν
289 831 339 887 (τ.
365 834 400 874 δ.
424 829 494 888 κ..)
522 833 527 886 Ι
556 835 582 874 8
614 836 792 870 ΕΡΜΗΣ.
832 830 1002 883 οὑτωσὶ
1034 828 1119 883 μὲν
1151 831 1306 871 εἰπεῖν
1340 827 1449 884 (add.
1470 827 1592 870 οὐδὲν
1610 826 1693 869 ἀλλ’
1717 826 1764 882 ἢ)

177 892 438 947 χρηστότης
466 889 472 948 Ι
506 890 934 945 ἕπέτριψεναύτὸν
964 890 1043 931 καὶ
1074 890 1424 945 φιλανθρωπία
1457 887 1766 943 (φιλάνθρωπος

178 950 342 1007 τρόπος)
371 954 378 1003 Ι
403 952 470 993 καὶ
501 951 523 994 δ
553 952 672 1006 πρὸς
701 952 813 1001 τοὺς
846 950 1110 1004 δεομένους
1148 951 1326 998 ἅπαντας
1358 946 1516 998 οἶκτος
1548 945 1697 1003 (οἶκτός
1726 964 1766 989 τε

178 1028 218 1129 ⁶1(ae
249 1028 314 1067 πρ.
339 1009 452 1128 τ.)δ.)
484 1043 494 1053 .
525 1043 536 1054 .
569 1045 577 1054 .
612 1008 618 1068 Ι
651 1017 833 1065 μισθοῦ
875 1015 1080 1066 γεωργεῖ
1113 1013 1416 1064 μελαγχολῶν
1460 1013 1560 1058 τοῖς
1598 1013 1766 1057 κακοῖς

201 1089 231 1114 τ.
262 1089 298 1115 κ.
329 1089 368 1125 μ.
392 1107 400 1114 .

921 1141 1036 1184 1435

299 1218 500 1258 Lucianus
533 1219 634 1257 Tim.
668 1220 723 1258 33
763 1220 928 1261 ΠΕΝΙΑ,
974 1213 1260 1269 ἀπέρχομαι·
1302 1211 1308 1268 Ι
1347 1213 1414 1254 καὶ
1450 1213 1587 1266 ὑμεῖς
1626 1211 1698 1265 δὲ,
1735 1208 1767 1253 ὦ

181 1276 306 1319 Πόνε
351 1276 428 1318 καὶ
465 1278 627 1328 Σοφία
664 1274 732 1331 (Σ.
764 1275 830 1317 καὶ
862 1272 1009 1329 Πάν’),
1046 1272 1364 1316 ἀκολουθεῖτέ
1407 1289 1485 1326 μοι.
1521 1269 1526 1327 Ι
1571 1268 1687 1322 οὗτος
1725 1271 1769 1313 δὲ

179 1337 294 1391 τάχα
325 1337 522 1388 εἴσεται,
561 1337 669 1378 οἳάν
707 1352 759 1389 με
791 1331 918 1377 οὖσαν
950 1334 1226 1387 ἀπολείψει,
1261 1330 1266 1389 Ι
1301 1332 1493 1388 ἀγαθὴν
1533 1333 1768 1387 σύνεργον

180 1396 259 1438 καὶ
290 1397 610 1450 διδάσκαλον,
641 1390 667 1454 ᾖ
701 1393 812 1452 (μεθ’
847 1392 913 1450 ἧς)
951 1393 956 1448 Ι
990 1393 1150 1436 συνὼν
1188 1393 1405 1448 ὑγιεινὸς
1436 1391 1519 1446 μὲν
1553 1392 1599 1434 τὸ
1639 1390 1768 1446 σῶμ’,

180 1456 449 1511 ἐρρωμένος
489 1453 495 1513 Ι
536 1455 579 1497 δὲ
615 1456 688 1509 τὴν
726 1454 1161 1514 γνώμην,διετέλεσεν,
1200 1453 1375 1506 ἀνδρὸς
1416 1454 1524 1506 βίον
1563 1454 1652 1501 ζῶν
1690 1452 1768 1493 καὶ

179 1516 305 1573 πρὸς,
327 1517 473 1558 αὑτὸν
504 1515 780 1571 ἀποβλέπων
812 1511 972 1571 (ἐμβλ.),
997 1511 1066 1571 Ιτὰ
1098 1513 1140 1555 δὲ
1165 1513 1360 1566 περιττὰ
1390 1513 1456 1553 καὶ
1482 1514 1607 1553 πολλὰ
1634 1520 1768 1563 ταῦτα,

180 1576 309 1630 ὥσπερ
335 1576 453 1629 ἐστίν,
484 1576 713 1630 ἀλλότρια
744 1575 1114 1630 ὑπολαμβάνων.
1166 1577 1214 1615 cf.
1247 1575 1348 1615 Mus.
1381 1575 1505 1614 Rhe'n.
1540 1576 1607 1614 51.
1631 1577 1668 1613 2.

840 1694 967 1738 1436.
1002 1693 1113 1736 1437

299 1770 502 1810 Lucianus
529 1770 628 1808 Tim.
651 1771 706 1808 34
739 1772 917 1805 ΕΡΜΗΣ.
956 1766 1116 1823 ἀγαθῇ
1146 1766 1261 1822 τύχῃ
1294 1767 1299 1813 Ι
1336 1764 1478 1818 δέχου
1510 1765 1591 1805 τὸν
1623 1764 1768 1818 ὄλβον

182 1826 291 1883 (add.
312 1825 450 1884 πάλιν)
472 1828 682 1877 ἀποστὰς
702 1835 792 1869 τῶν
811 1834 980 1868 κακῶν.
1024 1829 1188 1863 ΤΙΜΩΝ.
1216 1825 1282 1866 καὶ
1301 1824 1414 1878 ὑμεῖς
1434 1826 1653 1877 οἰμώξεσθε
1674 1824 1768 1878 ἤδη,

180 1889 306 1929 καίτοι
336 1888 428 1930 θεοὶ
459 1887 588 1940 ὄντες,
628 1888 680 1937 ὥς
713 1899 828 1940 φατε·
872 1887 1053 1935 πάντας
1089 1885 1176 1940 γὰρ
1214 1885 1296 1938 ἅμα
1334 1884 1627 1938 ἀνθρώπους
1660 1881 1769 1941 (add.

179 1945 239 2004 τε)
270 1948 349 1990 καὶ
379 1949 529 1998 θεοὺς
554 1955 682 2001 μισῶ.
699 1948 756 2002 (μ.
778 1945 852 2002 θ.).
872 1945 1060 1989 τουτονὶ
1080 1942 1228 2000 (τονδὶ)
1249 1944 1318 1986 δὲ.
1340 1978 1346 1985 .
1370 1944 1664 1999 ,ἐπιτρίψειν
1689 1961 1769 1998 μοι

181 2009 304 2050 δοκῶ
336 2015 387 2071 τῇ
421 2007 612 2066 δικέλλῃ
645 2005 694 2063 (τ.
716 2009 789 2049 δικ.
810 2023 878 2061 μοι
898 2003 1021 2062 δοκ.)·
1054 2009 1308 2043 ΠΛΟΤΤΟΣ.
1345 2004 1578 2058 ἀπίωμεν,
1602 2003 1769 2059 Ἑρμῆ,

181 2064 292 2124 (add.
311 2074 459 2110 θᾶττον
480 2064 551 2124 αὖ)
570 2068 689 2122 πρὸς
715 2074 802 2110 ’τοῦ
822 2068 957 2116 Διός·
985 2067 990 2121 Ι
1020 2068 1316 2121 μελαγχολᾶν
1334 2065 1408 2120 γὰρ
1429 2065 1689 2119 ἅνθρωπος
1715 2065 1770 2107 οὐ

181 2130 380 2182 μετρίως
417 2129 566 2171 δοκεῖ·
602 2127 607 2182 Ι
641 2129 701 2181 μή
739 2145 780 2170 τι
816 2127 965 2168 κακὸν
1006 2126 1168 2168 ἀπέλθω
1206 2125 1506 2179 προσλαβών.
1570 2130 1768 2167 ext-remos

181 2190 259 2230 duo
297 2203 439 2231 versus
478 2190 724 2230 Frifizschius
763 2190 930 2240 agnovit
969 2190 1096 2228 altero
1135 2188 1191 2227 sic
1229 2187 1398 2227 refec‘co:
1448 2184 1502 2238 μὴ
1540 2185 1606 2226 καὶ
1645 2186 1769 2227 κακόν

181 2264 216 2289 τι
245 2249 480 2302 προσλάβω,
512 2249 750 2302 φυλάξομαι.
799 2251 971 2289 fortasse
999 2249 1138 2296 δεινῶς
1172 2245 1332 2286 δέδοικα
1363 2248 1427 2286 vel
1460 2245 1709 2298 σπεύδωμεν,
1737 2241 1769 2286 ὦ

177 2305 278 2361 ’τάν,
309 2308 364 2362 μκὴ
396 2309 520 2351 κακόν
558 2324 594 2349 τι
623 2309 848 2363 προσλάβω.
904 2309 954 2349 of.
987 2310 1088 2348 Mus.
1121 2308 1247 2347 Rhen.
1279 2309 1334 2347 52
1375 2309 1416 2346 et
1452 2307 1637 2347 Menand.
1671 2309 1770 2347 564.

303 2373 357 2411 37
392 2372 549 2407 ΤΙΜΩΝ
581 2365 698 2424 (πρὸς
723 2366 943 2423 Πλοῦτον).
969 2366 1090 2422 λέγε·
1117 2363 1124 2420 Ι
1153 2365 1211 2419 μὴ
1246 2367 1400 2418 μακρά
1433 2361 1541 2421 (add.
1568 2362 1631 2420 γε)
1658 2365 1768 2418 μέν-

185 2443 278 2479 τοι,
316 2427 433 2482 μηδὲ
476 2429 588 2481 μετὰ
630 2429 921 2482 προοιμίων,
958 2429 964 2478 Ι
1010 2427 1152 2479 ὥσπερ
1203 2425 1509 2479 οὑπίτριπτοι
1555 2425 1770 2479 ῥήτορες·

186 2487 418 2542 ἀνέξομαι
454 2489 531 2543 γάρ
562 2500 610 2530 σε
635 2486 721 2543 (ὥς
753 2486 789 2530 σ’
824 2484 908 2544 ἀν.)
936 2484 942 2543 Ι
970 2486 1106 2542 ὀλίγα
1143 2485 1340 2541 λέγοντα
1379 2485 1458 2526 διὰ
1488 2485 1568 2526 τὸν
1592 2483 1770 2539 Ἑρμῆν

184 2549 388 2590 τουτονί

845 2618 970 2662 1438.
1007 2617 1120 2660 1439

307 2694 510 2733 Lucianus
529 2693 631 2732 Tim.
653 2695 708 2733 45
742 2695 908 2730 ΤΙΜΩΝ.
952 2692 1110 2732 καίτοι
1140 2691 1185 2731 τί
1212 2697 1370 2738 τοῦτο;
1403 2697 1481 2742 φεῦ
1514 2697 1583 2730 τοῦ
1615 2690 1769 2744 τάχους.

187 2752 483 2806 πανταχόθεν
515 2751 781 2793 συνθέουσι
814 2749 865 2800 (σ.
892 2747 1113 2805 πάντοθεν)
1145 2749 1149 2802 Ι
1177 2750 1481 2803 κεκονιμένοι
1516 2750 1593 2790 καὶ
1625 2767 1769 2791 πνευ-

188 2819 412 2861 στιῶντες
443 2811 519 2853 οὐκ
548 2808 639 2853 οἶδα
671 2811 769 2853 ὅθεν
802 2810 875 2868 (ὥς
905 2810 1052 2862 ποθεν)
1088 2807 1094 2866 Ι
1127 2809 1506 2863 ὀσφραινόμενοι
1543 2816 1626 2851 τοῦ
1661 2826 1768 2864 χρυ-

187 2873 344 2913 σίου..
365 2868 487 2926 ,φέρ’
529 2871 634 2923 ἴδω,
670 2873 739 2921 τίς
769 2868 881 2926 (add.
913 2866 1006 2926 οὖν)
1036 2871 1042 2921 Ι
1070 2869 1091 2911 δ
1121 2876 1304 2925 πρῶτος
1335 2870 1490 2911 αὐτῶν
1522 2865 1660 2919 οὗτός
1692 2871 1770 2912 ἐστι

189 2928 382 2987 (οὑτοσί);
421 2932 742 2984 Γναθωνίδης
774 2934 780 2982 Ι
814 2930 836 2972 ὁ
867 2931 1027 2983 κόλαξ,
1059 2929 1080 2971 ὃ
1112 2928 1276 2988 πρῴην
1307 2930 1482 2984 ἔρανον
1521 2931 1774 2983 αἰτήσαντί
