2014 3334
767 237 934 273 ΑΔΗΑΑ
962 237 1226 272 οΠοΤΕΡΑΣ
1699 233 1787 276 479

207 351 275 394 καὶ
294 353 506 401 Μίθαικος
536 350 558 393 ὅ
588 349 662 403 τὴν
693 349 913 403 ὀψοποιίαν
945 348 1229 404 συγγεγραφὼς
1259 347 1333 400 τὴν
1358 346 1581 400 Σικελικήν.
1626 347 1790 387 Lucian.

205 413 377 466 Apolog.
411 414 435 453 5
469 411 534 453 ἐπὶ
563 418 633 465 τῆς
665 417 814 464 σκηνῆς
840 408 1098 465 Ἀγαμέμνων
1129 407 1290 457 ἕκαστος
1322 407 1474 449 αὐτῶν.
1496 439 1504 448 .
1525 405 1791 460 ,ἀποθέμενοι

200 471 248 513 τὰ
279 476 511 527 προσωπεῖα
540 472 743 526 γὺγνονται
771 471 996 524 κ’ὑπόμισθοι
1027 470 1331 526 τραγῳδοῦντες.

948 600 1035 643 375

419 681 484 728 ὧν
516 685 609 729 ἐστι
639 686 689 728 τὸ
724 679 968 740 ζῆνόὐδὲν
1000 682 1095 726 ἄλλ’
1130 681 1158 738 ἢ
1189 681 1425 739 κραιπάλη,

418 753 634 812 βαλανεῖ’,
669 758 871 814 ἄκρατος,
904 755 1072 812 ἁμίὸες,
1104 754 1251 811 ἀργία,
1283 755 1428 804 πότος.

326 843 509 884 Clemens
540 845 655 884 Alex.
682 844 802 893 Paed.
836 846 874 895 2,
903 846 939 892 2,
974 845 1028 883 25
1063 844 1161 882 extr.
1204 840 1445 894 μακαριστὸν
1476 838 1669 894 ἡγοῦνται
1698 839 1789 893 βίον

206 900 280 955 τὴν
311 901 506 956 ἀκοσμίαν
537 901 610 955 τὴν
640 902 730 956 περὶ
761 902 807 943 τὰ
839 901 1041 955 συμπόσια
1072 904 1150 942 κτλ.
1211 901 1408 953 κραιπάλη
1434 901 1598 940 Porson.
1621 900 1789 940 Advers.

207 963 311 1014 300]
337 969 483 1016 κῶμος,
501 963 712 1016 κραιπάλη.
731 978 878 1015 κραιπ.,
908 959 912 1017 Ι
941 968 1086 1015 κῶμος,
1105 963 1141 1015 β.
1161 983 1211 989 ——
1235 960 1363 1014 ἀργία,
1393 956 1398 1015 Ι
1425 959 1544 1008 πότος
1564 961 1788 1001 Markland.

206 1023 359 1075 Explic.
378 1027 456 1065 vet.
490 1027 595 1064 auct.
618 1026 715 1064 258.
766 1024 842 1076 cui,
874 1024 1006 1063 deleto
1040 1027 1174 1063 tamen
1204 1021 1335 1070 πότος,
1362 1021 1647 1060 adsentiuntur
1668 1021 1786 1060 Mein.

211 1086 252 1122 et
283 1083 420 1124 Cobet.
451 1084 500 1123 N.
526 1085 551 1123 1.
580 1086 677 1124 343.
728 1085 901 1123 fortasse
933 1084 1032 1122 haee
1066 1096 1224 1134 quoque
1258 1081 1470 1122 coniuncta
1500 1082 1666 1120 fuerunt)
1697 1094 1788 1120 cum

204 1143 253 1182 fr.
287 1145 387 1184 338.
410 1146 434 1183 9
468 1141 627 1192 ὅζοντας
659 1143 804 1197 μύρου,
833 1138 838 1198 Ι
867 1137 924 1182 ὧν
956 1141 1035 1183 ἔστι
1065 1141 1108 1182 τὸ
1140 1143 1212 1194 ζῆν
1243 1144 1321 1181 κτλ.
1371 1142 1419 1181 cf.
1453 1141 1575 1180 etiam
1609 1143 1707 1180 342.

950 1272 1037 1315 376

419 1356 557 1400 ἵππον
586 1357 817 1400 ταλάντων
848 1352 936 1412 εἶχε
967 1355 1296 1409 πεντεκαίδεκα,

420 1428 553 1479 αὐτὸς
584 1425 634 1471 δὲ
664 1431 840 1484 χαλκῶν
871 1428 1128 1484 τιμιώτερος
1158 1433 1306 1483 τριῶν.

323 1514 507 1554 Clemens
548 1516 663 1555 Alex.
695 1515 815 1555 Paed.
848 1509 894 1566 3,
929 1517 975 1566 6,
1009 1517 1064 1554 34
1110 1512 1130 1553 ὅ
1176 1513 1296 1560 ἵππος
1341 1511 1465 1553 αὐτοῦ
1509 1513 1789 1553 πεντεκαίδεκα

204 1573 405 1614 ταλάντων
441 1573 545 1614 ἐστὶν
585 1572 694 1624 ἄξιος
726 1605 735 1614 .
767 1605 777 1615 .
809 1604 840 1627 .,
878 1573 997 1622 αὐτὸς
1033 1596 1083 1602 -
1119 1572 1198 1613 ἐστι
1237 1572 1462 1627 τιμιώτερος
1498 1578 1627 1626 τριῶν.
1690 1587 1726 1613 v.
1761 1575 1785 1611 2

205 1647 251 1673 ex
279 1635 484 1675 comoedia
508 1636 772 1683 repetendum
798 1648 884 1675 esse
910 1635 1067 1675 monuit
1086 1634 1238 1674 Nauck.
1260 1634 1407 1673 Philol.
1427 1633 1511 1672 IIII
1532 1635 1630 1673 359.
1669 1631 1789 1679 αὐτὸς

207 1691 249 1733 δὲ
282 1696 435 1746 χαλκῶν
467 1693 547 1734 ἐστι
577 1694 801 1748 τιμιώτερος
829 1695 835 1745 Ι
863 1700 982 1749 τριῶν
1008 1694 1144 1734 Cobet.
1165 1694 1215 1732 N.
1235 1695 1260 1733 l.
1283 1695 1381 1733 343.
1431 1693 1529 1732 mihi
1557 1694 1680 1732 etiam
1707 1693 1786 1744 pri-

206 1766 277 1792 ora.
308 1755 447 1794 comici
480 1758 520 1821 et
553 1756 672 1795 sicuti
702 1756 856 1796 factum
887 1757 949 1795 esi:
980 1754 1190 1794 scribenda
1221 1766 1308 1793 esse
1340 1754 1593 1793 videbamur.

949 1883 1034 1926 377

420 1964 506 2020 ἐγὼ
537 1965 673 2008 πάλαι
703 1973 987 2023 περισκοπῶν
1019 1966 1097 2017 τὰς
1129 1966 1320 2016 ὁλκάδας

420 2036 637 2094 μετέωρος
668 2036 735 2080 ἀεὶ
766 2038 877 2095 πρὸς
907 2039 958 2081 τὸ
990 2036 1154 2093 μέλλον
1184 2039 1377 2093 γίνομαι.

324 2122 542 2174 Procopius
574 2125 702 2175 Epist.
738 2127 834 2165 103.
868 2140 887 2147 ⁸
906 2127 942 2164 1.
975 2123 1049 2178 ἐγὼ
1083 2122 1125 2164 δὲ
1155 2138 1196 2164 π.
1229 2128 1467 2177 περισκοπῶ.
1556 2127 1594 2162 2.
1624 2123 1786 2177 γίνομαι

205 2181 272 2234 Κ.]
304 2181 523 2236 γινόμενος.
561 2206 608 2212 -
645 2185 824 2237 loquitur
855 2188 1052 2225 mercator
1083 2185 1291 2225 sollicitus.

856 2309 871 2318 χ
952 2314 1039 2357 378

420 2394 515 2439 ἀλλ’
553 2396 612 2447 ὡς
643 2397 757 2440 ἔοικε
789 2398 932 2453 μόνον
958 2396 1066 2455 ὁρᾷς
1096 2397 1146 2439 τὸ
1179 2397 1379 2453 χρυσίον,

422 2468 518 2522 ἄγει
550 2466 604 2511 δέ
632 2464 671 2511 ‹5’
708 2468 816 2511 αὐτὸ
847 2467 921 2512 καὶ
952 2476 1073 2512 ποιεῖ
1101 2468 1351 2525 μετάρσιον.

326 2553 544 2605 Procopius
582 2555 710 2606 Epist.
753 2558 834 2596 125
879 2554 998 2596 οὐδὲν
1036 2553 1089 2603 ὡς
1126 2555 1254 2595 ἔοικεν
1296 2553 1354 2594 ὅτι
1387 2552 1440 2605 μὴ
1480 2568 1536 2606 χρ.
1575 2551 1669 2609 ὁρᾷς
1707 2556 1785 2593 κτλ.

207 2634 263 2640 -
302 2626 437 2652 vocem
474 2613 682 2666 μετάρσιον
718 2617 899 2656 consulto
939 2630 985 2656 ex
1027 2615 1273 2668 tragicorum
1312 2627 1492 2654 sermone
1530 2614 1699 2661 retinuit}
1739 2617 1785 2652 ut

209 2673 329 2712 Arist.
363 2673 438 2714 Av.
474 2675 601 2714 1383.

953 2779 1039 2824 379

421 2857 517 2917 μέγ’
552 2862 615 2912 εἰς
646 2863 795 2905 πόθον
825 2862 910 2919 γάρ
943 2861 1063 2905 ἐστιν
1094 2861 1352 2918 ἀνθρώποις
1382 2862 1556 2918 πατρίς·

421 2931 587 2989 μάρτυς
619 2931 659 2975 δ’
693 2931 929 2984 Ὀδυσσεὺς
960 2939 1036 2988 τῆς
1067 2935 1311 2984 Καλυψοῦς
1341 2932 1578 2990 ὑπεριδών.
