2014 3334
266 241 323 283 92
806 226 810 228 ’
897 239 1195 274 MENANAPOT

266 352 391 399 οὕτως
422 355 518 401 κτλ.,
552 350 607 398 ὡς
638 349 711 403 γὰρ
737 349 958 402 ὑπερβολῆς
989 364 1094 396 τινος
1120 348 1373 400 ἀναλώματος
1399 349 1588 389 τάλαντον
1617 347 1833 400 ὠνόμασεν.

270 415 307 451 1.
339 407 404 451 εἶθ
439 413 518 450 146
541 412 588 449 Α.
621 409 736 461 ὅμοια
766 408 866 459 146]
894 408 1049 448 ἅπαντα
1076 411 1173 448 364.
1237 411 1274 448 3.
1300 410 1400 448 conl.
1427 423 1462 448 v.
1491 412 1511 449 1
1542 411 1584 448 et
1611 411 1635 448 8
1664 409 1835 448 scriben-

269 472 360 510 dum
389 472 450 509 est
481 467 670 522 ἄγομεν.
715 467 927 521 ἀγαπητῶν
962 469 1044 507 364
1066 467 1114 506 A.
1147 466 1300 507 δώδεκα
1336 470 1415 508 146
1445 470 1490 508 A.
1553 471 1592 508 5.
1623 468 1835 508 Μενδαῖον

269 532 353 569 364
380 529 431 579 A]
459 528 599 575 ταύτας
628 530 709 567 146
737 529 784 566 A.
841 526 1050 580 συνάγοντι
1071 526 1117 566 Gr.
1133 526 1348 566 Hermann.
1403 528 1629 577 Μενδαῖον,
1662 525 1835 580 ἐγχέλεις,

272 588 419 628 Θάσιον
446 589 609 627 Porsen.
643 588 743 626 Adv.
772 589 837 626 94.
899 585 1031 637 τυρόν,
1061 585 1223 636 Θάσιον,
1248 587 1475 635 Μενδαῖον,
1507 586 1584 639 ἐγχ.
1608 585 1692 637 μέλι
1717 587 1834 626 Mein.

266 649 307 686 in
341 648 401 686 ed.
433 648 527 686 Ath.
592 649 628 686 6.
659 646 848 685 τάλαντον
884 648 964 684 146
993 644 1045 695 A]
1078 645 1269 685 ταλάντου
1303 648 1387 685 364
1413 647 1462 684 Α.
1498 661 1537 685 τε
1571 648 1654 686 364
1686 645 1741 696 A]
1779 644 1834 685 τὸ.

271 722 331 746 τοι
349 707 466 746 Mein.
490 709 525 746 1.
558 708 774 758 καταλογον
810 707 890 744 146
914 707 962 743 A.
1027 707 1064 744 9.
1095 703 1248 744 ἀνελεῖν
1275 700 1374 758 (non
1396 702 1446 744 ἂν
1466 700 1584 757 ἑλεῖν)
1605 705 1652 744 Α.
1684 704 1834 745 τούτων

271 764 312 805 δὲ
344 764 409 805 καὶ
439 788 495 792 —
529 763 681 804 ἀνελεῖν
713 766 757 803 G.
789 765 925 803 Herm.
987 762 1211 803 ἀντανελεῖν
1249 764 1370 804 Dobr.
1403 765 1503 804 Adv.
1535 764 1577 803 H
1609 766 1691 805 321
1733 766 1834 804 conl.
1892 798 1895 800 ,

269 827 473 864 Demosth.
509 828 575 873 18,
610 827 689 863 231
726 822 951 863 ἀντανελεῖν
982 827 1102 862 ταῦτα
1135 818 1225 877 (nos
1256 836 1371 872 yeycn
1398 826 1583 863 einander
1610 819 1835 877 aufheben).
1879 845 1893 850 2

271 886 319 924 cf.
340 885 476 923 Cobet.
496 885 544 922 N.
565 885 590 922 1.
614 887 680 923 79.
702 886 770 922 80.
819 882 984 933 τούτων,
1015 882 1208 933 τοσαύτην
1241 879 1277 921 δ’
1307 881 1492 922 ἀνθελεῖν
1517 883 1675 933 Pfiugk.
1695 882 1835 923 Sched.

266 945 354 983 crit.
387 946 454 982 22.
522 946 587 982 11.
620 941 676 982 ὣν
707 940 757 981 ἂν
788 941 884 989 θεὸς
916 943 1117 981 Hervverd.
1150 942 1242 981 Obs.
1274 943 1362 981 crit.
1395 945 1462 982 89.
1526 945 1592 982 13.
1623 939 1696 982 τιν’
1731 941 1835 997 ἔγχε’,ὰ

270 1006 342 1042 λυν
373 1004 494 1042 Dobr.

258 1113 260 1115 v
388 1065 423 1101 1.
457 1058 551 1100 ‘non
569 1062 717 1100 mirum
737 1063 797 1100 est
816 1062 919 1100 male
945 1061 1152 1101 nobiscum
1177 1061 1255 1113 agi,
1282 1074 1373 1101 cum
1404 1062 1507 1100 male
1533 1062 1617 1101 deis
1643 1058 1834 1102 litemus?

269 1122 387 1160 Mein.
450 1123 487 1161 3.
520 1122 566 1160 de
598 1134 693 1160 voce
726 1119 929 1173 ἀγαπητόν
966 1121 1072 1159 idem
1108 1121 1263 1159 confert
1293 1121 1510 1171 Hipparch.
1545 1124 1583 1172 1,
1615 1123 1654 1161 3.
1684 1122 1834 1172 Diphil.

269 1183 336 1230 89,
359 1183 395 1219 2.
422 1183 557 1219 tamen
577 1193 648 1219 scr.
669 1178 931 1231 ἀνάπηρον.
981 1180 1028 1219 cf.
1044 1179 1252 1230 Hermipp.
1273 1182 1340 1219 35.
1357 1179 1696 1230 [Plat.]Aleib.11
1719 1182 1835 1221 149a

266 1235 615 1293 (Λακεδαιμόνιοι)
637 1238 822 1291 ἀνάπηρα
842 1238 1016 1278 θύουσιν
1037 1237 1225 1278 ἑκάστοτε.
1275 1242 1314 1280 5.
1334 1240 1521 1279 Thasium
1539 1242 1580 1279 et
1597 1238 1835 1280 Mendaeum

266 1300 470 1338 coniunxit
502 1300 622 1338 etiam
653 1300 858 1338 Demosth.
886 1301 953 1349 35,
988 1300 1055 1338 35.
1119 1301 1156 1339 6.
1181 1295 1352 1351 εγίνεται
1382 1297 1424 1338 τὸ
1456 1297 1554 1338 κατὰ
1584 1296 1701 1352 λόγον
1732 1301 1832 1339 refe-

265 1359 389 1397 renda
420 1361 513 1397 sunt
552 1359 602 1397 ad
640 1372 686 1398 ea
718 1372 820 1409 quae
853 1361 1089 1408 sequuntur:
1131 1361 1165 1398 si
1196 1362 1276 1398 tam
1312 1360 1480 1408 malique
1514 1371 1631 1398 sacra
1667 1361 1834 1408 facimus

269 1422 301 1456 et
333 1420 511 1457 lzcoeuriac
552 1420 805 1457 'instrumenta
837 1422 916 1458 tam
946 1430 1086 1467 magmo
1119 1420 1294 1463 emimus,
1333 1418 1479 1471 γίνεται
1509 1416 1550 1457 τὸ
1587 1417 1685 1458 κατὰ
1715 1416 1834 1471 λόγον

270 1477 453 1529 δραχμῶν
491 1475 647 1529 ἀγαθὸν
679 1474 789 1525 ἄξιον
821 1478 956 1529 λαβεῖν
988 1475 1082 1516 δέκα
1113 1474 1244 1528 ἡμᾶς’.
1307 1477 1443 1517 Cobet.
1462 1478 1511 1516 N.
1531 1478 1556 1516 1.
1579 1480 1645 1517 79.
1677 1479 1720 1517 at
1744 1480 1834 1517 tum

271 1537 469 1575 sententia
509 1537 638 1575 hiabit
667 1551 704 1576 v.
739 1539 793 1576 10
830 1542 914 1584 πῶς
952 1535 1040 1589 οὐχὶ
1070 1540 1147 1576 κτλ.
1196 1537 1332 1588 itaque
1363 1540 1572 1587 praeterea
1603 1550 1651 1576 ex
1681 1538 1764 1577 cod.
1795 1537 1833 1576 A

270 1597 354 1635 364
386 1610 423 1635 v.
446 1598 468 1634 6
501 1597 771 1646 recipiendum
799 1597 893 1635 duxi
918 1611 970 1647 τε,
995 1599 1042 1635 ut
1066 1597 1239 1646 protasis
1264 1597 1464 1647 pertineat
1488 1609 1613 1647 usque
1639 1597 1688 1635 ad
1714 1597 1832 1635 finem

268 1669 304 1694 v.
327 1657 364 1694 9.
427 1657 465 1694 8.
490 1653 556 1694 καὶ
580 1658 686 1694 καλλ.
713 1656 865 1695 scilicet
897 1656 932 1695 si
960 1669 1073 1695 sacra
1098 1656 1220 1695 etiam
1244 1656 1343 1695 bene
1370 1656 1576 1695 cesserint:
1603 1656 1666 1695 sin
1689 1657 1833 1705 minus,

267 1728 316 1753 ne
349 1716 508 1753 tantum
539 1716 699 1765 quidem
737 1716 887 1754 bonum
916 1728 988 1755 nos
1028 1716 1205 1765 accipere
1238 1729 1410 1767 aequum
1441 1718 1512 1755 est.
1594 1718 1631 1755 9.
1662 1716 1832 1755 fortasse

267 1772 423 1824 τύφου
469 1771 511 1812 δὲ
554 1772 649 1826 πρὸς
692 1773 843 1822 τούτοις
886 1773 1039 1814 ἀνελεῖν
1082 1773 1154 1825 τὴν
1186 1775 1214 1822 ζ.
1291 1777 1355 1814 10.
1388 1774 1620 1825 διπλάζεται,
1658 1775 1753 1825 quia
1791 1777 1832 1814 et

267 1833 435 1883 pecunia
464 1833 569 1884 perit
601 1836 641 1872 et
671 1848 799 1884 poena
825 1847 848 1872 a
875 1835 1190 1873 sacrificantibus
1217 1834 1402 1886 exigitur.
1466 1837 1532 1873 14.
1564 1847 1615 1873 an
1640 1832 1832 1886 Καλλιμέ-

267 1892 433 1940 δοντος
474 1889 664 1932 ἀπέθαν’
700 1889 781 1940 εἷςῬ
823 1907 916 1933 nam
949 1894 1187 1933 Callimedon
1218 1894 1302 1944 ipse
1335 1889 1402 1947 (cf.
1434 1893 1652 1944 Antiphan.
1685 1896 1753 1945 26,
1786 1889 1831 1946 5)

266 1954 362 1991 tunc
394 1953 477 1991 sine
511 1953 631 1992 dubio
664 1953 814 1992 dudum
845 1956 1027 1993 mortuus
1059 1955 1157 1993 erat.

1009 2093 1096 2136 320

1049 2173 1122 2231 ἐμὲ
1152 2176 1236 2232 γὰρ
1269 2175 1492 2232 διέτριψεν
1523 2175 1546 2218 ὁ

480 2248 754 2301 κομψότατος
785 2246 962 2302 ἀνδρῶν
995 2249 1246 2303 Χαιρεφῶν,
1280 2247 1401 2303 ἱερὸν
1431 2248 1574 2302 γάμον

480 2318 664 2372 φάσκων
695 2319 897 2372 ποιήσειν
930 2317 1142 2374 δευτέραν
1173 2316 1264 2374 μετ’
1300 2317 1453 2361 εἰκάδα

479 2387 583 2431 καθ’
620 2388 769 2442 αὑτόν,
802 2389 876 2431 ἵνα
906 2395 958 2445 τῇ
991 2389 1166 2446 τετράδι
1198 2390 1354 2445 δειπνῇ
1386 2387 1488 2445 παρ’
1525 2387 1704 2446 ἑτέροις·

440 2472 459 2501 5
479 2461 531 2502 τὰ
562 2466 637 2514 τῆς
668 2464 780 2502 θεοῦ
812 2460 896 2517 γὰρ
927 2468 1156 2516 πανταχῶς
1187 2462 1304 2517 ἔχειν
1333 2463 1486 2510 καλῶς.

386 2558 616 2597 Athenaeus
639 2559 676 2608 6,
698 2560 781 2598 243
798 2572 821 2597 a
863 2557 929 2597 καὶ
959 2556 1202 2612 Μένανδρος
1234 2557 1356 2599 αὐτοῦ
1383 2554 1702 2613 (Χαιρεφῶντος)
1731 2573 1830 2609 μνη-

269 2616 427 2667 μονεύει
452 2647 459 2655 .
487 2647 495 2656 .
523 2647 531 2655 .
558 2615 600 2656 ἐν
630 2615 758 2672 Μέθῃ
789 2621 866 2656 κτλ.
916 2619 1128 2658 vicesimus
1161 2619 1329 2670 quisque
1361 2618 1507 2657 mensis
1541 2618 1623 2657 dies
1648 2617 1830 2667 Apollini

269 2689 378 2715 sacer
410 2679 496 2715 erat
528 2690 651 2728 eoque
683 2677 796 2716 lauta
826 2678 932 2716 inter
963 2678 1110 2718 amicos
1136 2681 1406 2730 cognatosque
1433 2677 1616 2717 convivia
1646 2677 1828 2716 institue-

271 2737 426 2774 bantur.
487 2735 639 2788 τετράδι
658 2737 851 2776 Hercules
876 2739 995 2777 natus
1021 2735 1118 2787 erat,
1149 2738 1191 2775 in
1218 2737 1329 2777 cuius
1351 2738 1541 2777 honorem
1562 2735 1829 2786 opulentiores

268 2793 572 2834 Atheniensium
616 2796 890 2835 adulescentes
928 2797 1076 2836 amicos
1120 2796 1247 2847 epulis
1285 2797 1465 2847 excipere
1514 2795 1706 2835 solebant.
1774 2795 1829 2834 sic

268 2854 353 2892 fere
372 2854 489 2893 Mein.
513 2857 548 2893 1.
581 2855 649 2893 sed
680 2868 807 2905 neque
833 2856 901 2894 ille
928 2869 1055 2907 neque
1082 2856 1293 2906 quisquam
1326 2856 1429 2894 alius
1455 2856 1584 2894 locum
1618 2854 1828 2894 obscurum

267 2913 515 2952 inlustravit:
558 2927 651 2952 nam
683 2927 784 2964 quae
817 2914 1108 2954 Herwerdenus
1146 2915 1301 2964 profert
1332 2914 1426 2954 Obs.
1457 2915 1544 2954 crit.
1577 2915 1632 2952 90
1665 2926 1711 2952 ea
1741 2927 1828 2964 per-
