2014 3334
280 278 337 321 50
913 280 1211 313 ΜΕΝΑΝΔΡΟΤ

565 506 686 548 οὔπω
720 515 792 548 σοι
824 507 1131 560 πεπίστευμαι;

400 593 590 631 Priscian.
614 595 679 641 18,
709 595 791 632 266
825 593 884 631 illi
909 587 1074 646 (Attici)
1099 587 1379 643 “πεπίστευμαι
1411 588 1486 631 σοί’
1521 591 1588 631 καὶ
1610 588 1713 632 “ὑπὸ
1745 589 1850 633 σοῦ’.

283 650 527 704 Μένανδρος
555 648 775 708 Ἐπικλήρῳ
808 655 885 691 κτλ.
947 651 1127 691 codicum
1157 651 1395 690 varietatem
1427 652 1567 691 attulit
1594 652 1794 692 Hertzius.

1018 802 1103 844 172

396 889 692 940 Harpocration
714 891 810 938 139,
833 889 887 926 24
921 882 1000 940 (τὸ)
1035 885 1189 947 ὄρονα.
1210 920 1219 928 .
1239 918 1249 927 .
1280 887 1386 940 παρὰ
1419 888 1650 945 Μενάνδρῳ
1682 888 1725 929 ἐν
1758 890 1846 929 δευ-

277 946 367 1003 τέρᾳ
393 945 614 1003 Ἐπικλήρῳ
660 948 840 1000 σημαίνει
884 946 1003 995 ξύλον
1046 962 1100 997 τι,
1146 946 1176 1003 ᾡ
1214 946 1286 998 τὴν
1324 946 1604 999 πεπατημένην
1642 947 1848 1000 σταφυλὴν

277 1007 491 1055 πιέζουσιν.
554 1009 703 1058 eadem,
736 1008 880 1047 omisso
912 1010 1049 1046 tamen
1079 1008 1241 1046 fabulae
1275 1008 1444 1059 nomine,
1476 1008 1657 1048 Photius.

868 1134 1250 1168 ΕΠΙΤΡΕΠΟΝΤΕΣ

397 1211 692 1260 Harpocration
725 1212 798 1260 84,
834 1212 858 1249 2
904 1204 959 1263 (εἰ
989 1205 1188 1263 ἐβούλετο)
1227 1206 1340 1261 ’περὶ
1371 1204 1428 1249 ὧν
1461 1209 1736 1262 διαφερόμεθα
1765 1214 1847 1258 τοῖς

277 1270 433 1317 οἰκείοις
471 1266 700 1321 ἐπιτρέπειν’
736 1265 876 1321 (verba
908 1272 1002 1307 sunt
1026 1270 1233 1308 Demosth.
1263 1271 1329 1320 27,
1360 1265 1402 1323 1)
1429 1268 1516 1309 ἀντὶ
1546 1275 1616 1309 τοῦ
1649 1269 1847 1322 διαιτητὰς

276 1328 422 1376 αὐτοὺς
448 1329 657 1381 αἱρεῖσθαι.
708 1328 823 1367 ὅθεν
855 1326 935 1367 καὶ
966 1328 1265 1380 Μενάνδρου
1299 1329 1452 1381 δρᾶμα
1473 1326 1846 1381 Ἐπιτρέποντες.

275 1391 324 1428 cf.
357 1390 403 1429 fr.
434 1390 528 1428 183.
563 1389 692 1428 Schol.
724 1389 908 1427 Ambros.
940 1388 1057 1426 Hom.
1089 1387 1162 1427 od.
1197 1391 1233 1438 7,
1267 1390 1350 1427 225
1390 1389 1535 1440 κομιδῆ
1572 1387 1646 1442 γὰρ
1687 1401 1847 1442 σμικρο-

275 1447 388 1501 λόγος
426 1449 608 1497 φαίνεται
640 1444 888 1501 (Ὀδυσσεὺς)
915 1446 1146 1499 προτάσσων
1178 1453 1256 1487 τῶν
1287 1447 1482 1498 φιλτάτων
1513 1447 1586 1499 τὴν
1610 1454 1761 1500 κτῆσιν,
1793 1446 1847 1497 ὡς

275 1506 383 1559 παρὰ
415 1508 645 1563 Μενάνδρῳ
677 1507 943 1559 Σμικρίνης
975 1505 1022 1546 ἐν
1055 1502 1130 1560 (sic
1155 1507 1273 1546 Mein.
1303 1521 1376 1558 pro
1409 1505 1690 1561 σμικρύνησιν)
1717 1505 1845 1548 Ἐπι-

274 1565 545 1619 τρέπουσιν.
607 1567 800 1606 Themist.
831 1566 897 1606 Or.
928 1566 1020 1605 Mai.
1054 1580 1090 1616 p.
1118 1568 1172 1605 52
1211 1566 1298 1606 τίνα
1331 1563 1584 1619 Ἀλκιβιάδην
1622 1566 1694 1619 οὐχ
1723 1566 1843 1620 ’ὑπερ-

274 1627 421 1678 βαίνει;
466 1627 553 1666 τίνα
591 1626 758 1677 Κίμωνα
802 1624 876 1665 οὐκ
919 1623 1134 1676 ἀποφαίνει
1174 1626 1416 1678 Σμικρίνην;
1461 1628 1510 1666 cf.
1550 1627 1694 1667 Iulian.
1734 1627 1844 1667 Caes.

275 1688 356 1726 311
375 1700 408 1725 a.
461 1687 695 1732 Quintilian.
719 1688 784 1737 10,
808 1687 843 1734 1,
868 1687 922 1724 70
956 1682 1099 1737 (exscr.
1131 1686 1206 1724 sub
1234 1682 1472 1739 Ἐπικλήρου
1504 1681 1658 1741 titulo).
1709 1687 1842 1727 Sidon.

274 1746 449 1797 Apollin.
480 1746 609 1796 Epist.
641 1747 680 1796 4,
714 1748 767 1784 12
800 1759 837 1795 p.
871 1747 954 1784 257
995 1745 1308 1784 Terentianae
1337 1740 1551 1795 Hecyrae
1582 1778 1590 1787 .
1623 1777 1632 1785 .
1665 1776 1674 1785 .
1705 1748 1843 1796 fabu-

275 1807 371 1845 lam
413 1807 605 1844 similis
645 1807 951 1854 aryurnenti,
993 1804 1018 1843 i.
1052 1817 1083 1843 e.
1115 1805 1483 1854 Epitrepontes
1516 1806 1732 1845 Menandri
1761 1819 1844 1846 rna-

276 1867 386 1904 ›n'bns
422 1866 617 1904 habebam.
679 1865 795 1903 Rhet.
833 1877 946 1903 anon.
986 1863 1170 1914 Spengel.
1201 1864 1221 1902 I
1257 1866 1360 1913 432,
1396 1868 1446 1903 11
1493 1864 1560 1904 καὶ
1598 1863 1842 1918 Μένανδρος

273 1923 316 1963 ἐν
347 1927 428 1971 τοῖς
455 1920 729 1976 Ἐπιτρέπουσι
759 1921 832 1974 τὴν
859 1923 975 1974 δίκην
1008 1920 1104 1962 ἄνευ
1135 1923 1357 1975 προοιμίων
1382 1924 1613 1975 πεποίηκεν·
1646 1922 1766 1964 οὐδὲν
1799 1922 1842 1964 δὲ

274 1981 450 2036 διαφέρει
487 1982 664 2023 ἐνταῦθα
709 1982 832 2030 οὕτως
877 1981 976 2022 αὐτὰ
1014 1986 1172 2021 κεῖσθαι
1207 1980 1234 2034 ἢ
1266 1981 1308 2022 ἐν
1348 1983 1610 2037 δικαστηρίοις
1647 1982 1843 2037 λέγεσθαι.

273 2043 503 2082 Athenaeus
539 2045 604 2094 14,
639 2043 763 2083 6591>
802 2042 964 2093 μάλιστα
996 2042 1217 2094 εἰσάγονται
1249 2042 1298 2082 οἱ
1324 2042 1544 2096 μάγειροι
1582 2044 1847 2084 σκωπτικοί

271 2116 387 2153 τινες,
419 2100 472 2150 ὡς
502 2101 609 2153 παρὰ
641 2101 872 2157 Μενάνδρῳ
911 2101 953 2142 ἐν
981 2099 1293 2154 Ἐπιτρέπουσιν.
1354 2103 1533 2154 Alciphr.
1568 2106 1603 2151 2,
1637 2105 1676 2154 4,
1712 2106 1762 2143 19
1795 2102 1843 2142 τὰ

273 2161 451 2213 δράματα
488 2191 497 2201 .
530 2192 539 2200 .
571 2160 596 2200 ἃ
628 2162 791 2213 μάλιστα
823 2159 965 2213 ὀνῆσαι
997 2161 1162 2201 δύναται
1187 2163 1435 2213 Πτολεμαῖον
1456 2159 1563 2216 (....)
1595 2162 1668 2202 εἴτε
1697 2163 1841 2214 Θαΐδα,

271 2220 345 2260 εἴτε
382 2221 646 2272 Μισούμενον
684 2221 756 2261 εἴτε
798 2220 1072 2273 Θρασυλέοντα
1115 2221 1187 2260 εἴτε
1222 2218 1523 2274 Ἐπιτρέποντας
1563 2222 1636 2261 εἴτε
1666 2218 1840 2269 Ῥαπιζο-

272 2278 397 2331 μένην
429 2281 501 2320 εἴτε
521 2280 762 2320 Σικυώνιον.
811 2282 997 2331 Apollon.
1018 2282 1075 2319 De
1096 2284 1200 2332 synt.
1222 2283 1245 2320 3
1267 2295 1306 2331 p.
1321 2284 1406 2322 297
1427 2282 1553 2320 Bekk.
1580 2280 1838 2335 ἀναγινώσκω

273 2351 334 2379 σοι
360 2337 556 2391 Ἀλκαῖον,
587 2341 764 2396 κωμῳδεῖ)
798 2351 859 2379 σοι
889 2340 982 2388 τοὺς
1009 2336 1323 2392 Ἐπιτρέποντας.
1373 2341 1424 2380 ad
1454 2343 1556 2380 hanc
1588 2342 1768 2380 fabulam
1794 2341 1839 2380 O.

274 2399 516 2439 Ribbeckius
537 2403 632 2452 Agr.
661 2403 727 2440 19.
756 2403 811 2440 20
841 2402 966 2440 refert
997 2413 1099 2451 quae
1118 2401 1297 2451 Alciphr.
1318 2402 1357 2452 3,
1384 2403 1438 2441 43
1471 2403 1688 2440 narrantur
1719 2403 1760 2440 et
1790 2401 1839 2440 fr.

275 2461 327 2498 76
343 2460 379 2511 b,
405 2462 613 2509 praeterea
638 2460 815 2499 Plautini
840 2460 1046 2500 Euclionis
1073 2455 1134 2514 (in
1160 2455 1393 2515 Aulularia)
1419 2474 1631 2511 personam
1656 2473 1704 2499 ex
1730 2461 1838 2499 Men-

273 2519 422 2558 andrea
453 2520 658 2558 comoedia
689 2532 917 2571 expressam
948 2533 1034 2560 esse
1065 2532 1228 2559 monens
1259 2534 1296 2570 p.
1331 2522 1400 2560 21.

1009 2659 1094 2703 173

485 2742 542 2796 μὴ
573 2744 914 2799 καταφρονήσῃς
943 2749 1034 2785 τῶν
1063 2745 1202 2783 θεῶν·
1247 2740 1296 2783 ἐν
1327 2740 1459 2784 παντὶ
1491 2743 1564 2784 δεῖ

484 2819 620 2870 καιρῷ
653 2814 702 2856 τὸ
735 2815 909 2857 δίκαιον
941 2813 1190 2870 ἐπικρατεῖν
1221 2811 1490 2868 ἁπανταχοῦ,

483 2882 556 2925 καὶ
587 2885 665 2926 τὸν
696 2885 1091 2940 παρατυγχάνοντα
1121 2883 1283 2926 τούτου
1314 2889 1395 2926 τοῦ
1426 2883 1588 2940 μέρους

484 2955 599 3009 ἔχειν
629 2957 847 3010 πρόνοιαν
877 2958 1032 2999 κοινόν
1064 2953 1156 2996 ἐστι
1185 2959 1246 3012 τῷ
1278 2956 1373 3012 βίῳ.
