2014 3334
819 808 1195 858 Praefatio,

332 969 447 1016 Quod
474 969 679 1008 interdum
705 969 771 1007 vix
798 968 1012 1019 sperabam
1039 972 1280 1008 eventurum
1308 981 1406 1020 esse,
1438 968 1520 1007 iam
1546 971 1683 1008 tamen
1715 983 1805 1009 con-

209 1029 308 1082 tigit
338 1033 384 1070 ut
415 1031 467 1070 ad
505 1030 626 1069 finem
657 1029 918 1079 perducerem
950 1041 1051 1079 opus
1083 1030 1324 1079 pergratum
1363 1028 1462 1067 mihi
1494 1042 1540 1068 ac
1572 1030 1804 1079 iucundum,

210 1092 281 1131 sed
310 1092 419 1131 idem
456 1091 578 1130 simul
610 1089 897 1129 difficillimum
935 1089 1166 1140 laborisque
1206 1089 1485 1139 plenissimum
1525 1092 1566 1129 et
1597 1091 1640 1129 in
1672 1104 1750 1141 quo
1785 1104 1809 1129 a

209 1153 430 1192 maturiore
469 1153 603 1191 aetate
641 1163 768 1201 paene
808 1150 860 1189 ad
900 1152 1122 1189 extremam
1163 1162 1290 1201 usque
1331 1152 1581 1190 senectutem·
1619 1164 1810 1202 magnam

208 1213 359 1252 virium
398 1213 553 1264 otiique
590 1213 748 1262 partem
790 1211 1118 1260 consumpserim.
1183 1210 1235 1249 ad
1272 1210 1392 1250 finem
1429 1211 1669 1261 perductum
1709 1212 1810 1261 dico,

208 1286 290 1313 non
321 1274 564 1325 perfectum:
595 1285 691 1311 nam
723 1284 969 1323 quamquam
1002 1271 1236 1310 absolutum
1269 1273 1332 1310 est
1364 1271 1471 1322 quod
1503 1284 1593 1311 mea
1625 1272 1809 1312 doctrina

210 1335 252 1373 et
277 1334 492 1387 diligentia
523 1334 565 1372 in
590 1334 666 1372 hoc
691 1333 924 1371 litterarum
954 1344 1101 1383 genere
1127 1331 1329 1382 praestari
1353 1332 1489 1382 potuit
1521 1326 1669 1386 (neque
1702 1333 1808 1372 enim

208 1395 338 1434 habeo
371 1395 479 1447 quod
511 1394 686 1444 amplius
718 1386 905 1445 addam),
944 1395 1081 1431 tamen
1114 1392 1148 1431 61
1186 1392 1228 1430 id
1261 1392 1367 1443 quod
1398 1393 1690 1442 praestandum
1722 1395 1809 1432 erat

209 1458 367 1507 specto,
404 1468 527 1507 quam
564 1453 833 1504 inperfectum
866 1453 919 1492 sit
951 1453 1058 1504 quod
1089 1465 1180 1491 mea
1218 1465 1325 1492 nunc
1357 1465 1480 1491 manu
1518 1453 1659 1492 emitto
1690 1467 1807 1493 nemo

209 1529 273 1555 me
305 1516 450 1555 melius
481 1515 604 1555 novit.
664 1527 807 1554 verum
839 1526 942 1565 quae
973 1513 1016 1552 in
1048 1513 1173 1552 simili
1205 1526 1328 1552 causa
1360 1513 1410 1552 ab
1437 1513 1576 1564 aequis
1607 1513 1807 1553 iudicibus

167 1579 173 1583 ’
209 1576 297 1615 (1311
329 1577 434 1616 solet
464 1576 601 1626 venia,
639 1578 686 1614 ut
717 1575 787 1628 qui
825 1574 994 1625 adsequi
1026 1574 1135 1626 quod
1166 1574 1356 1624 cupiebat
1395 1587 1476 1613 non
1505 1574 1640 1624 potuit
1671 1577 1808 1614 tamen

208 1637 460 1677 excusandus
493 1637 695 1687 videatur,
722 1629 762 1675 'si
796 1637 996 1688 quantum
1027 1634 1164 1685 potuit
1195 1634 1422 1685 praestitit,
1457 1634 1598 1673 eadem
1630 1635 1728 1674 mihi
1761 1637 1808 1674 ut

206 1698 453 1738 concedatur
483 1710 574 1736 meo
608 1710 671 1735 me
704 1696 792 1736 iure
824 1695 1010 1747 flagitare
1043 1708 1163 1745 posse
1196 1695 1384 1734 arbitror.

326 1771 406 1798 non
433 1758 605 1798 deerunt
634 1757 776 1807 opinor
801 1757 871 1808 qui
897 1769 1017 1808 aegre
1037 1757 1174 1795 ferant
1192 1756 1234 1794 in
1260 1756 1335 1795 hoc
1354 1755 1572 1795 novissimo
1599 1755 1805 1794 volumine

205 1832 287 1859 non
319 1819 454 1858 omnia
484 1818 657 1858 inveniri
690 1829 795 1870 quae
821 1817 1013 1856 Meinekii
1046 1816 1242 1856 editiones
1274 1816 1514 1866 praebeant:
1548 1815 1667 1855 omisi
1699 1815 1806 1855 enim

205 1892 287 1919 non
318 1880 449 1919 solum
475 1877 646 1930 Γνώμας
678 1878 771 1917 11136
791 1877 1041 1929 Μενάνδρου
1074 1875 1140 1916 καὶ
1164 1876 1424 1923 Φιλιστίωνος
1457 1889 1557 1927 (11136
1590 1876 1806 1915 ediderunt

207 1940 479 1979 Boissonadus
519 1936 691 1993 (Anccd.
723 1939 744 1977 I
779 1940 862 1978 146
876 1933 954 1991 sq.)
995 1940 1036 1977 et
1073 1937 1305 1988 nuperrime
1339 1936 1642 1976 Studemundus
1675 1931 1803 1990 (Men-

206 2000 323 2039 andri
349 2002 391 2040 et
409 2000 571 2039 Philist.
598 2012 772 2050 compar.
793 2013 829 2049 p.
852 2000 922 2038 40.
946 1995 1003 2051 1),
1035 1998 1229 2037 barbaras
1264 2010 1453 2048 magnam
1483 1998 1641 2047 partem
1673 2010 1804 2048 neque

206 2061 290 2100 ullo
316 2061 436 2100 modo
458 2060 678 2099 Menandro
700 2060 855 2110 dignas,
882 2059 952 2098 sed
972 2059 1095 2098 etiam
1114 2057 1286 2109 Γνώμας
1305 2058 1518 2097 Menandri
1543 2056 1805 2109 μονοστίχους

205 2134 308 2172 (11136
339 2123 547 2161 vocantur.
604 2121 688 2159 dixi
720 2120 769 2159 de
803 2120 860 2159 eis
892 2120 935 2159 in
965 2119 1095 2158 Musei
1129 2118 1311 2158 Rhenani
1341 2119 1421 2158 vol.
1453 2117 1623 2157 XXXXI
1657 2119 1711 2157 85
1729 2130 1805 2168 sq.:

204 2182 276 2221 ubi
313 2182 350 2221 si
386 2183 549 2232 praeter
588 2194 656 2221 eos
695 2179 765 2233 (1111
804 2180 895 2220 31116
935 2193 1094 2232 (1110(1116
1136 2179 1382 2219 testimoniis
1413 2178 1635 2217 Menandro
1674 2177 1804 2217 tribu-

203 2244 331 2282 untur
361 2255 505 2282 versus
536 2264 585 2269 —
615 2254 716 2292 quos
753 2242 854 2280 haec
886 2253 1045 2293 quoque
1078 2240 1202 2280 editio
1237 2253 1309 2279 suo
1348 2240 1437 2279 1060
1475 2238 1629 2289 recepit
1669 2259 1718 2264 —
1753 2251 1802 2277 ne

202 2315 330 2342 unum
369 2303 550 2354 quidem,
589 2315 681 2342 cum
719 2302 945 2352 permultos
984 2301 1157 2340 aliorum
1201 2314 1282 2340 non
1326 2299 1444 2338 modo
1484 2301 1698 2349 poetarum
1734 2299 1802 2338 sed

205 2363 366 2402 omnino
399 2363 644 2413 scriptorum
677 2375 765 2402 esse
803 2363 978 2411 constet,
1018 2364 1128 2401 certo
1167 2361 1316 2400 iudicio
1349 2360 1402 2399 ad
1433 2359 1701 2398 Menandrum
1734 2372 1801 2397 au-

206 2425 359 2463 ctorem
390 2423 534 2463 referr'i
566 2435 684 2474 posse
718 2423 1005 2474 demonstravi,
1044 2422 1164 2460 multi
1195 2423 1332 2460 tamen
1371 2433 1510 2459 eorum
1543 2419 1700 2470 copiam
1732 2419 1802 2469 qui

207 2483 436 2523 comoediae
469 2484 615 2523 saltem
648 2497 735 2523 esse
767 2484 938 2534 possint,
969 2495 1050 2522 non
1079 2482 1298 2521 admodum
1329 2493 1518 2531 magnam
1551 2479 1802 2530 praesertim,

207 2544 315 2583 inter
335 2544 528 2595 adespota
546 2545 818 2595 recipiendam
840 2544 966 2583 fuisse
985 2543 1234 2582 iudicabunt.
1274 2541 1343 2581 sed
1362 2554 1413 2580 ne
1432 2541 1507 2579 hoc
1528 2540 1690 2591 quidem
1710 2552 1801 2578 cum

207 2604 293 2644 ullo
323 2605 556 2644 litterarum
587 2605 859 2644 emolumento
886 2605 1018 2644 faeere
1050 2603 1177 2642 licuit.
1229 2616 1320 2642 cum
1345 2602 1451 2640 enim
1483 2600 1665 2640 codicum
1691 2600 1801 2638 haud

207 2677 445 2715 paucorum,
482 2665 524 2704 in
557 2665 703 2716 quibus
737 2665 961 2704 sententiae
994 2664 1089 2703 illae
1122 2663 1214 2702 aliis
1253 2663 1339 2701 fere
1373 2661 1533 2711 scriptis
1569 2659 1800 2710 adpendicis

207 2725 337 2764 instar
368 2725 586 2776 adduntur,
619 2725 890 2778 cognitionem
921 2738 1052 2776 neque
1083 2723 1310 2762 Meinekius
1342 2721 1533 2761 habuerit
1563 2721 1649 2759 11110
1681 2720 1799 2759 mod-o

207 2788 360 2824 certam
385 2787 427 2824 et
446 2786 805 2825 commendabilem
831 2798 961 2836 neque
980 2784 1100 2823 hodie
1126 2784 1342 2834 quisquam
1369 2781 1477 2833 quod
1503 2781 1626 2820 sciam
1651 2780 1800 2819 habeat

207 2848 369 2896 praeter
401 2845 509 2884 Guil.
541 2846 751 2897 Meyerum
784 2843 850 2899 (cf.
883 2846 971 2884 eius
1003 2843 1288 2884 commentatio
1322 2856 1444 2894 quam
1475 2841 1682 2891 inscripsit
1721 2841 1799 2879 Die

215 2905 486 2946 Urbinatische
510 2905 741 2956 Sammlwny
766 2919 842 2946 von
867 2900 1186 2957 Spruckversen),
1218 2904 1252 2942 is
1286 2905 1423 2942 autem
1450 2915 1522 2941 suo
1548 2902 1634 2939 iure
1666 2902 1798 2939 totum

208 2978 353 3016 corpus
385 2966 591 3017 integrum
624 2968 740 3006 edere
773 2967 890 3005 malit
910 2979 1032 3017 quam
1052 2967 1210 3015 partem
1243 2964 1359 3003 alteri
1393 2961 1663 3002 committere:
1696 2960 1794 2999 nihil

1462 3030 1508 3064 a*
