2014 3334
261 233 348 276 540
644 220 646 224 ’
912 235 1174 269 Ammon

261 345 404 397 στύειν,
435 343 456 385 ὃ
488 348 610 385 κεῖται
646 345 753 399 παρὰ
789 348 843 403 τῷ
882 348 1041 403 κωμικῷ
1072 343 1216 402 (Arist.
1245 347 1319 388 Av.
1343 344 1488 400 1256).
1541 347 1659 387 indic.
1677 347 1830 388 Nauck,

261 406 384 445 Arist.
417 406 513 457 Byz.
548 407 644 445 168.

1011 475 1097 517 745

546 532 679 588 ἀστῆς
710 533 838 583 ἐλάας

380 619 523 657 Pollux
556 622 594 670 9,
631 622 680 659 17
714 616 740 670 ἡ
773 620 959 676 κωμῳδία
989 618 1109 672 ἀστῆς
1140 619 1270 668 ἐλαίας
1308 620 1436 674 εἴρηκε
1467 625 1536 672 τῆς
1567 619 1609 659 ἐν
1646 625 1691 675 τῇ
1722 618 1832 659 πόλει

260 673 305 726 (i.
337 691 368 717 e.
402 674 641 732 ἀκροπόλει).
706 679 754 718 cf.
785 679 988 730 Aristoph.
1021 681 1069 719 fr.
1099 682 1193 720 727.
1256 681 1439 720 Eustath.
1475 682 1600 732 1383,
1637 683 1662 719 5
1707 677 1830 730 ἀστὴν

261 735 410 788 ἐλαίαν,
441 735 533 789 τὴν.
555 769 563 777 .
585 737 644 786 ,ἐξ
675 737 936 790 ἀκροπόλεως,
967 738 1040 790 τὴν
1070 738 1138 779 καὶ
1168 739 1289 792 ἱεράν.

549 913 700 968 ἀγαθὰ
731 917 955 957 Κιλλικῶν
1012 856 1096 897 746

381 1001 578 1039 Zenobius
615 1004 649 1050 1,
683 1003 707 1040 3
732 1032 740 1040 .
763 1032 771 1040 .
792 1032 799 1039 .
825 999 845 1040 ὁ
877 1002 1072 1040 Κιλλικῶν
1092 1034 1095 1037 ⁴
1120 1032 1127 1040 .
1149 1032 1158 1040 .
1175 999 1350 1052 προδοὺς
1382 1000 1567 1052 Μίλητον
1603 999 1831 1051 εὐπόρησεν.

261 1060 309 1098 cf.
338 1060 458 1099 Arist.
483 1060 571 1099 Pac.
594 1062 691 1110 363,
722 1061 792 1099 ubi
825 1061 945 1100 schol.
985 1059 1046 1099 ὅτε
1074 1058 1221 1116 ’ἀνέῳξε
1252 1059 1321 1108 τὰς
1352 1058 1492 1110 πύλας,
1523 1065 1602 1099 τῶν
1634 1060 1832 1111 πολεμίων

261 1116 574 1170 πυνθανομένου
594 1119 713 1170 τινός,
733 1119 755 1159 ὅ
772 1134 807 1159 τι
825 1125 939 1159 τοῦτο
961 1118 1158 1171 ἐποίησεν,
1177 1119 1472 1171 ἀποκρίνασθαι
1490 1122 1566 1159 κτλ.
1598 1120 1831 1171 Diogenian.

265 1183 302 1228 1,
334 1181 371 1218 9.
405 1178 571 1229 Gregor.
603 1179 721 1229 Cypr.
757 1182 800 1230 1,
833 1182 873 1218 5.
916 1180 1229 1231 Hesychss11id.
1267 1181 1477 1218 Κιλλικῶν.
1537 1182 1635 1230 puto
1673 1192 1831 1219 servum

259 1238 457 1288 perfidum
489 1238 648 1278 domino
680 1238 776 1290 quid
808 1239 930 1279 faeiat
961 1240 1167 1290 quaerenti
1200 1239 1439 1290 respondere
1470 1237 1532 1292 ἀγ.
1554 1240 1600 1278 K.

1010 1356 1092 1397 747

546 1423 619 1481 ἅμ’
656 1426 760 1475 ε”πος
791 1423 866 1480 ἅμ’
904 1427 1048 1482 ἔργον.

380 1511 576 1550 Zenobius
601 1515 636 1561 l,
659 1514 711 1551 77
746 1510 810 1550 ἐπὶ
839 1517 917 1551 τῶν
948 1510 1092 1563 ταχέως
1121 1526 1160 1551 τε
1191 1510 1256 1551 καὶ
1276 1509 1394 1559 ὀξέως
1413 1509 1657 1563 ἄνυομένων.
1714 1511 1831 1550 indic.

260 1571 378 1609 Mein.
412 1571 554 1610 Philol.
586 1571 660 1609 XV
695 1572 790 1621 540,
824 1572 922 1611 conl.
957 1572 1115 1611 Terent.
1142 1572 1266 1610 Andr.
1301 1574 1336 1619 2,
1371 1574 1408 1623 3,
1443 1574 1466 1610 7
1499 1573 1642 1611 dictum
1672 1572 1830 1619 factum.

260 1633 544 1669 commemorat
576 1631 699 1669 etiam
720 1631 866 1670 Zenob.
885 1631 1034 1670 Milleri
1056 1626 1280 1685 (Mfflanges
1301 1625 1420 1684 379).
1451 1632 1623 1670 fortasse
1649 1631 1699 1669 ad
1720 1631 1830 1668 Men—

261 1689 376 1728 andri
406 1689 605 1730 Andriam
635 1690 900 1729 referendum.

1008 1807 1093 1849 748

542 1875 799 1933 Ἀρχίλοχον
829 1884 989 1928 πατεῖς.

379 1964 617 2015 Diogenian.
645 1966 682 2013 2,
716 1965 769 2003 95
805 1966 846 2002 et
871 1964 1053 2014 Apostol.
1085 1965 1124 2014 4,
1143 1966 1166 2002 2
1202 1960 1441 2016 (Ἀρχιλόχου
1471 1958 1628 2014 πατρίς)
1660 1960 1723 2001 ἐπὶ
1752 1967 1831 2001 τῶν

262 2022 569 2073 λοιδορούντων·
602 2027 777 2070 τοιοῦτος
807 2021 882 2075 γὰρ
914 2020 935 2061 ὅ
957 2019 1188 2075 Ἀρχίλοχος.
1239 2023 1384 2062 Suidas
1410 2021 1473 2061 ἐπὶ
1497 2027 1574 2061 τῶν
1598 2020 1830 2074 κακηγόρων

260 2081 327 2121 καὶ
365 2082 571 2134 λοιδόρων.
621 2083 808 2121 Eustath.
843 2084 968 2132 1684,
1001 2084 1055 2121 47
1095 2078 1330 2136 (Ἀρχίλοχος
1361 2076 1432 2135 ἦν)
1475 2079 1602 2128 δεινὸς
1640 2079 1829 2132 ὑβρίζειν·

261 2141 359 2180 ὅθεν
397 2140 461 2180 καὶ
500 2141 691 2193 παροιμία
730 2140 793 2180 ἐπὶ
829 2147 906 2180 τῶν
951 2140 1053 2181 οὕτω
1098 2140 1290 2180 σκώπτειν
1327 2140 1490 2191 εὐφυῶν
1533 2139 1574 2179 τό
1607 2137 1831 2192 Ἀρχίλοχον

260 2200 502 2252 πεπάτηκας,
534 2198 586 2248 ὡς
612 2200 653 2240 εἴ
670 2215 726 2248 τις
758 2200 846 2256 εἴπῃ
881 2197 1084 2253 “σκορπίον
1110 2198 1136 2252 ἢ
1163 2198 1257 2251 ὄφιν
1288 2198 1314 2252 ἢ
1346 2195 1558 2239 ἄκανθανῖ
1601 2199 1708 2238 unde
1738 2212 1831 2238 con-

261 2261 403 2312 ligitur
434 2261 602 2300 verbum
638 2263 775 2300 πατεῖν
812 2261 876 2299 hic
916 2273 1170 2312 nequaquam
1208 2261 1346 2299 eadem
1383 2259 1582 2299 sententia
1617 2259 1711 2309 poni
1753 2271 1832 2310 qua.

260 2321 387 2359 Arist.
421 2320 495 2361 Av.
529 2322 627 2359 471.
670 2320 775 2359 Plat.
806 2320 974 2360 Phaedr.
1010 2322 1130 2360 273a
1165 2319 1301 2359 Τισίαν
1331 2318 1569 2370 πεπάτηκας.

1003 2436 1087 2478 749

546 2505 767 2563 κεραμέως
797 2509 987 2556 πλοῦτος
1018 2504 1227 2562 (πλοῦτος
1256 2496 1496 2560 κεραμέως)
1534 2493 1545 2510 '

382 2593 613 2644 Diogenian.
647 2593 685 2643 5,
718 2595 773 2632 97
814 2590 877 2631 ἐπὶ
906 2597 985 2631 τῶν
1017 2595 1180 2644 σαθρῶν
1211 2589 1278 2630 καὶ
1314 2589 1514 2644 ἀβεβαίων
1551 2588 1617 2630 καὶ
1654 2588 1829 2642 εὐθραύ-

263 2662 376 2692 στων.
426 2652 537 2691 Suid.
569 2649 590 2691 ὅ
623 2650 775 2706 σαθρὸς
805 2650 871 2691 καὶ
902 2649 955 2703 μὴ
988 2649 1160 2704 βέβαιος.

546 2826 711 2883 κράδης
742 2826 948 2882 ῥαγείσης
1009 2766 1094 2809 750

385 2911 626 2964 [Plutarch]
661 2913 848 2952 Proverb,
882 2914 920 2963 2,
956 2914 1008 2952 16
1048 2911 1174 2962 κράὸη
1199 2943 1206 2950 .
1234 2943 1241 2950 .
1270 2908 1327 2962 .ἡ
1359 2910 1540 2964 ἀγκυρίς,
1583 2905 1654 2959 ἀφ’
1700 2903 1748 2959 ἧς
1791 2908 1834 2948 οἱ
