2014 3334
258 266 345 309 324
620 279 623 284 ’
738 263 1002 298 ΕΤΦΡΟΝΟΣ
1029 263 1174 299 ΑΔΗΛ.
1200 262 1338 298 ΔΡΑΜ.
1367 282 1410 289 —

258 379 386 429 suppl.
418 378 579 416 Porson.
613 378 653 414 et
684 376 823 414 Elmsl.
846 375 969 414 Arist.
995 374 1093 415 Aah.
1121 376 1201 414 301
1231 388 1270 425 p.
1291 376 1358 414 32.
1439 376 1477 414 9.
1507 370 1752 421 κάποζέσας
1776 373 1824 412 Κ.

261 440 326 476 11.
366 436 642 488 τετταράκοντα
690 434 757 474 τὸν
806 432 980 485 ἀριθμόν
1024 432 1206 484 Porsen]
1257 432 1324 473 τὸν
1368 431 1542 485 ἀριθμὸν
1572 431 1596 487 ’β
1628 432 1670 472 O.
1719 431 1747 484 ᾗ
1777 433 1824 472 Ε.

257 497 460 547 μελαίνης,
497 494 564 534 τὸν
602 492 776 547 ἀριθμὸν
819 491 860 532 δὲ
899 493 1052 532 δώδεκα
1091 494 1208 533 Mein.
1283 495 1348 532 12.
1380 491 1491 532 ἔλυσε
1524 491 1572 542 C]
1611 491 1746 544 ε’γλύσε
1776 491 1825 531 V.

256 555 391 595 ἐκλύσε
411 555 532 594 Basil.
564 553 710 593 ἔπαυσε
737 553 901 592 Person.
966 554 1032 592 13.
1064 551 1296 620 μασώμενος
1315 551 1468 602 Dindfi]
1502 550 1759 603 μασσώμενος
1783 550 1825 590 C.

376 611 644 664 Nicomedes,
683 626 800 664 quem
838 613 900 651 sui
937 612 1109 651 nominis
1147 612 1320 662 primum
1358 614 1399 651 et
1434 612 1652 662 Bithyniae
1668 623 1827 678 regem

256 675 380 714 fuisse
399 671 608 724 probabile
634 675 706 723 est,
738 672 923 723 regnavit
949 672 998 710 ab
1020 671 1079 710 Ol.
1103 673 1198 719 125,
1229 671 1334 710 unde
1354 673 1538 738 apertum
1563 673 1624 711 est
1646 661 1826 710 fabulam

258 747 306 773 ex
336 746 415 784 qua
446 733 716 783 fragmentum
747 745 809 781 pe
797 732 918 770 itum
950 733 1011 769 esb
1043 732 1135 769 ante
1156 730 1217 770 Ol.
1241 732 1322 770 126
1355 731 1422 770 vix
1454 731 1587 770 doceri
1617 725 1825 780 potuisse'.

258 794 374 832 Mein.
395 793 413 831 Ι
435 794 531 831 478.
597 794 633 831 6.
661 791 859 841 Theophr.
873 791 921 829 H.
936 791 1060 840 plant.
1079 793 1116 840 7,
1131 792 1170 841 4,
1185 792 1209 829 3
1230 785 1463 843 (γογγυλίδα
1482 784 1600 844 φασὶ)
1619 791 1672 845 τῷ
1691 786 1827 840 ἄρρενι
1887 816 1891 817 ⁷

258 850 325 891 καὶ
349 857 394 906 τῇ
419 851 561 906 θηλείᾳ
587 848 800 901 διαφέρειν.
831 850 1037 902 γίγνεσθαι
1063 847 1105 888 δὲ
1131 848 1174 888 ἐκ
1198 855 1267 888 τοῦ
1299 848 1423 889 αὐτοῦ
1448 847 1667 903 σπέρματος
1692 846 1826 900 ἄμφω.

257 910 355 963 πρὸς
387 908 429 950 δὲ
466 909 507 949 τὸ
539 909 870 960 ἀποθηλύνεσθαι
907 908 1110 961 πηγνύναι
1147 909 1231 948 δεῖν
1263 909 1407 960 μανάς·
1444 907 1514 948 ἐὰν
1553 907 1628 961 γὰρ
1658 907 1826 956 πυκνάς,

260 971 388 1018 πάσας
413 969 750 1023 ἀπαρρενοῦσθαι.
816 971 881 1007 12.
915 965 1001 1018 ετὴν
1021 967 1239 1019 ἐπιθυμίαν
1258 967 1366 1008 λύειν
1387 969 1537 1007 dictum
1561 970 1622 1007 est
1640 970 1687 1007 ut
1705 966 1826 1007 νόσον

258 1029 366 1069 λύειν
398 1032 438 1068 eh
470 1029 634 1080 similia,
666 1026 910 1072 desiderium,
942 1030 1118 1067 morbum
1149 1029 1277 1067 levare
1307 1029 1371 1068 vel
1401 1029 1539 1067 tollere.
1589 1028 1696 1066 Plut.
1729 1027 1827 1066 Mor.

259 1092 371 1129 6620
409 1084 481 1143 (τί)
521 1087 622 1128 οὕτω
667 1087 814 1142 ῥᾳδίως
858 1086 978 1127 νόσον
1016 1085 1152 1126 ἔλυσεν
1190 1085 1243 1134 ὡς
1281 1086 1447 1139 λουτρόν
1477 1118 1484 1126 .
1518 1117 1527 1126 .
1559 1119 1567 1126 .
1596 1085 1663 1125 καὶ
1698 1084 1826 1138 τροφὴ

256 1151 510 1202 παρελθοῦσα
541 1144 632 1198 μεθ’
667 1144 819 1198 ἡδονῆς
851 1145 977 1194 εὐθὺς
1008 1145 1120 1186 ἔλυσε
1150 1145 1198 1185 τὰ
1229 1147 1397 1199 δυσχερῆ
1428 1143 1584 1186 πάντα.’
1633 1146 1690 1185 sic
1719 1144 1828 1184 λύειν

258 1208 388 1258 λύπην
419 1208 559 1246 Liban.
592 1207 676 1246 IIII
709 1208 805 1256 227,
842 1208 908 1245 16.
959 1207 1110 1246 Iacobs.
1143 1207 1280 1245 Addit.
1314 1206 1407 1245 Ath'.
1441 1207 1478 1246 5.
1800 1238 1828 1270 ⁸

1017 1323 1071 1364 12

470 1406 551 1449 οὐκ
582 1408 673 1448 ἔστι
704 1411 863 1461 μοιχοῦ
894 1407 1042 1460 μεῖζον
1074 1402 1180 1447 οὐδὲ
1211 1406 1260 1448 ἓν
1291 1406 1444 1448 κακόν·

472 1478 520 1521 ἐν
551 1486 646 1528 ταῖς
675 1478 760 1534 γὰρ
793 1475 955 1533 ἑτέρων
985 1472 1160 1531 βούλετ’
1196 1476 1393 1532 ἀτυχίαις
1423 1482 1611 1534 τρυφᾶν.

377 1565 572 1604 Stobaeus
608 1565 741 1603 Floril.
776 1566 814 1614 6,
847 1565 898 1602 21
935 1560 1155 1615 Εὔφρονος
1187 1563 1235 1603 A.

833 1774 885 1822 M
932 1775 977 1823 A
1025 1775 1069 1823 X
1117 1775 1167 1822 Ω.
1215 1775 1262 1823 N

847 1870 1018 1909 Meinek.
1038 1870 1057 1908 1
1078 1871 1162 1910 478
1179 1882 1234 1921 sq.

380 1952 624 2003 Quamquam
665 1953 831 1992 Athenis
875 1966 1004 2003 neque
1048 1955 1167 1992 nanus
1210 1955 1271 1992 est
1312 1966 1441 2004 neque
1481 1954 1640 1992 fabulas
1682 1953 1828 2003 docuifi,

262 2015 396 2051 tamen
433 2025 523 2051 eum
561 2013 612 2051 ad
649 2012 873 2052 Atticorum
913 2016 1124 2063 poetarum
1164 2014 1390 2063 exemplum
1431 2026 1472 2052 se
1511 2013 1829 2064 conformaverit,

262 2084 340 2110 non
378 2072 620 2110 omitizendus
664 2084 749 2110 esse
794 2072 1017 2112 videbatur.
1078 2074 1235 2125 Χρειῶν
1273 2086 1366 2112 vero
1410 2073 1650 2123 fragmenta,
1690 2075 1829 2122 utpote

261 2131 486 2170 comoediae
518 2131 659 2181 aliena,
691 2145 771 2170 non
802 2132 1035 2182 recepimus.

953 2247 1136 2282 ArNolA

1036 2321 1058 2362 1

474 2400 603 2454 ἥδιον
635 2400 768 2444 οὐδέν
801 2401 897 2444 ἐστι’
923 2418 998 2457 μοι
1029 2408 1105 2457 τῆς
1136 2403 1338 2458 ματτύης.

473 2467 592 2513 τοῦτ’
629 2476 714 2514 εἴτε
744 2480 910 2529 πρῶτοι
942 2474 1203 2524 Μακεδόνες
1231 2482 1326 2525 τοῖς
1352 2470 1561 2524 Ἀττικοῖς

474 2540 726 2594 κατέδειξαν
757 2542 879 2598 ἡμῖν,
911 2547 996 2586 εἴτε
1027 2544 1186 2595 πάντες
1217 2545 1264 2587 οἱ
1290 2546 1406 2599 θεοί,

475 2613 557 2656 οὐκ
588 2610 705 2656 οἴδα·
737 2617 852 2670 πλήν
883 2613 923 2669 γ’
961 2615 1028 2658 ὅτι
1060 2616 1393 2671 μουσικωτάτου
1423 2617 1545 2667 τινὸς

381 2699 612 2739 Athenaeus
648 2702 719 2750 14,
752 2702 869 2740 664a
911 2701 1070 2753 Μάχων
1107 2700 1128 2741 ὃ
1159 2702 1384 2750 Σικυώνιος
1414 2733 1423 2742 .
1457 2733 1466 2742 .
1498 2733 1508 2742 .
1539 2702 1614 2743 οὐκ
1652 2701 1829 2750 ἐδίδαξεν
1887 2745 1890 2748 ,

261 2753 456 2808 Ἀθήνησι
493 2757 561 2806 τὰς
597 2759 825 2815 κωμῳδίας,
862 2757 945 2799 ἀλλ’
988 2759 1030 2799 ἕν
1063 2757 1333 2815 Ἀλεξανδρεία
1370 2792 1379 2802 .
1411 2792 1420 2801 .
1500 2761 1656 2813 ἐποίησε
1700 2759 1742 2801 δὲ
1785 2760 1829 2800 ἕν

265 2815 430 2867 δράματι
461 2813 620 2873 Ἀγνοία
655 2819 768 2857 ταυτί
801 2822 878 2858 κτλ.
959 2821 996 2859 3.
1027 2818 1251 2868 κατέδειξαν
1284 2820 1335 2871 L]
1373 2821 1630 2869 κατεδίδαξαν
1656 2822 1708 2867 A.
1789 2823 1828 2860 4.

263 2874 366 2925 πλήν
396 2872 433 2927 γ’
457 2875 514 2914 ὅτι
533 2877 772 2929 Schweigh]
804 2877 908 2929 πλήν
939 2877 1041 2918 ἐστίν
1065 2894 1108 2932 γε
1126 2880 1174 2918 A.
1224 2881 1265 2918 in
1285 2882 1395 2920 exitu
1415 2877 1520 2920 τοῦτ’
1553 2879 1656 2919 ἔστιν
1687 2877 1825 2932 εὕρημ’

264 2931 422 2985 ἀνδρός,
454 2936 517 2974 vel
550 2933 733 2987 εὑρήματ’
770 2935 914 2989 ἀνδρός
945 2936 1023 2976 ἔστι
1044 2934 1216 2992 (εὕρημα
1234 2937 1395 2992 γέγονεν
1420 2939 1566 2992 ἀνδρός
1583 2939 1702 2979 Anal.
1723 2936 1827 2993 321)
