2014 3334
287 274 372 315 100
649 303 652 307 ,
919 275 1217 310 MENANAPOT

1027 384 1114 426 343

1199 443 1435 498 Λακωνικὴ

568 515 686 563 κλείς
717 512 836 555 ἐστιν
868 513 926 563 ὡς
958 512 1075 555 ἔοικέ
1103 529 1178 568 μοι
1209 513 1469 569 περιοιστέα.

405 600 534 639 Schol.
572 600 775 649 Aristoph.
816 599 974 638 Thesin.
1013 601 1098 639 423
1144 601 1187 638 et
1231 600 1374 639 Suidas
1411 598 1646 640 Λακωνικαὶ
1689 601 1853 648 κλεῖδες·

284 658 527 711 Μένανδρος
571 656 816 714 Μισουμένῳ
861 655 1158 709 (Μισουμέναις
1202 655 1331 711 Suid.)
1375 662 1451 698 κτλ.
1519 660 1589 699 καί
1629 671 1754 710 φασιν
1796 659 1854 700 ὅτι

284 718 433 766 ἔξωθεν
470 718 723 769 περικλείεται
759 720 906 769 μοχλοῦ
949 716 1266 768 παρατιθεμένου
1307 714 1492 770 (περιτιθ.
1525 716 1653 772 Suid.)
1690 717 1716 770 ἢ
1747 733 1853 768 τινος

282 778 462 817 τοιούτου
501 777 597 817 ὥστε
634 781 715 824 τοῖς
747 776 864 817 ἔνδον
902 775 955 828 μὴ
988 773 1089 816 εἶναι
1127 776 1294 825 ἀνοῖξαι.
1356 777 1666 829 Olympiodorus
1697 779 1853 819 Platon.

282 839 409 877 Aleib.
443 839 459 875 I
492 852 529 888 p.
565 839 646 877 152
681 837 814 876 Creuz.
853 837 898 875 αἱ
931 834 972 875 δὲ
1009 842 1088 876 τῶν
1125 837 1456 888 Λακεδαιμονίων
1494 832 1717 892 (γυναῖκες)
1754 837 1852 888 ἔφυ-

283 897 480 947 λάττοντο,
513 895 565 944 ὡς
592 895 785 948 ἐδήλωσεν
811 893 836 947 ἡ
863 895 1084 948 πάντολμος
1109 896 1298 953 κωμῳδία
1322 894 1489 949 λέγουσα
1508 895 1734 948 Λακωνικὴ,
1752 898 1853 945 κλείς

284 955 361 996 ἔστι
387 955 451 995 καὶ
478 955 526 995 οὐ
552 954 784 1008 περιοιστέα,
815 956 886 995 ubi
911 969 1050 1007 margo
1082 955 1157 995 κού
1180 954 1410 1008 περιοιστέα.
1454 954 1686 1009 προσοιστέα
1705 957 1851 1009 Bergk.

280 1014 498 1066 Λακωνικὴ
533 1038 588 1042 -
621 1014 722 1055 ἔοικέ
753 1030 819 1066 μοι
847 1015 852 1064 Ι
879 1013 1098 1067 περιοιστέα
1131 1015 1267 1055 Cobet.
1299 1016 1347 1055 N.
1368 1017 1393 1055 1.
1421 1018 1488 1055 32.
1551 1016 1649 1055 dicit
1681 1017 1851 1056 fortasse

282 1077 396 1114 miles
428 1076 605 1126 puellam
644 1075 721 1114 sibi
752 1076 802 1114 ab
841 1076 997 1115 aemulo
1036 1076 1232 1115 Laconica
1269 1076 1380 1115 clave
1419 1076 1720 1115 custodiendam
1752 1089 1850 1116 esse.

1027 1192 1113 1233 344

1317 1248 1350 1293 ὦ
1383 1251 1534 1307 πάτερ,

494 1328 673 1377 μισοῦσι
705 1319 785 1377 μὲν
817 1319 1040 1378 Θράσων’,
1073 1321 1367 1376 ἄπεκτάγκασι
1399 1320 1439 1364 δ’
1476 1323 1542 1364 οὔ.

400 1409 565 1447 Bekkffl
587 1409 736 1447 Anecd.
758 1410 855 1459 429,
878 1410 929 1448 27
964 1406 1238 1458 ἀπεκτόνασιν,
1270 1423 1356 1447 ουκ
1381 1407 1655 1461 ἀπεκτάγκασι.
1688 1411 1849 1449 Μισου-

280 1467 401 1524 μένῳ·
432 1467 550 1519 πάτερ
583 1465 654 1519 μὲν
677 1464 857 1519 Θράσων’
895 1464 996 1519 (cod
1016 1463 1216 1520 θρασωνι)
1245 1466 1507 1520 ἀπεκτάγκασι
1533 1465 1569 1507 δ’
1600 1466 1660 1508 οὔ.
1704 1469 1848 1508 Suidas

279 1526 541 1580 ἀπεκτάγκασι
571 1525 638 1566 καὶ
668 1525 920 1566 ἀπεκτόνασι·
959 1531 1116 1578 μισοῦσι
1148 1524 1232 1577 μέν,
1265 1527 1295 1565 ὡ
1327 1526 1461 1579 πάτερ,
1497 1524 1696 1579 Θράσωνᾈ
1727 1526 1847 1581 ἀπεγ-

279 1587 465 1640 κτάγκασι
491 1583 526 1625 δ’
557 1584 617 1626 οὔ.
662 1590 704 1625 at
728 1587 834 1626 idem
862 1585 1176 1625 ἀποκτιννύναι.
1210 1584 1513 1637 .οἰπεκτόνασιν,
1546 1586 1631 1626 οὐκ
1657 1585 1847 1641 ἀπεκτάγ-

278 1658 380 1686 κασι.
430 1651 587 1698 μισοῦσι
618 1644 703 1697 μέν,
736 1640 766 1684 ὦ
797 1645 931 1697 πάτερ,
965 1645 1164 1698 Θράσωνα
1189 1648 1264 1685 κτλ.
1320 1659 1510 1686 veisuum
1547 1648 1738 1698 reliquias
1771 1648 1848 1687 dis·

278 1707 415 1756 posuit
452 1706 643 1755 Toupius.
707 1710 864 1776 μισοῦσι
902 1703 973 1756 μὲν
1006 1706 1012 1754 Ι
1050 1705 1329 1756 Θρασωνίδην,
1367 1700 1397 1744 ὦ
1436 1705 1554 1758 πάτερ
1586 1709 1662 1745 κτλ.
1725 1707 1847 1746 Dobr.

278 1766 379 1805 Adv.
412 1766 451 1804 ΙΙ
485 1768 581 1805 277.
620 1763 854 1804 ἀπεκτόνασι
886 1764 1022 1804 Cobet.
1054 1765 1102 1803 N.
1135 1767 1160 1803 1.
1194 1767 1261 1804 55.
1323 1762 1422 1804 tam
1459 1766 1621 1805 foedum
1660 1768 1722 1806 est
1752 1764 1847 1805 ἀπέ-

278 1839 438 1877 κταγκα,
469 1828 516 1863 ut
547 1825 828 1863 semibarbaris
859 1824 1091 1875 Byzantinis
1133 1825 1228 1864 solis
1269 1825 1462 1874 imputari
1502 1838 1619 1875 posse
1658 1822 1845 1865 eredam'.

277 1898 356 1923 non
389 1884 592 1923 adsentior
616 1886 686 1922 ten
706 1884 883 1934 Brinkio,
915 1884 984 1935 qui
1004 1884 1149 1923 Philol.
1168 1884 1268 1922 XIII
1289 1886 1373 1924 754
1394 1886 1492 1924 haee
1510 1886 1668 1936 puellae
1689 1885 1845 1925 tribuit.

279 1947 321 1982 at
353 1944 437 1983 eius
468 1947 516 1982 ut
548 1956 684 1983 servae
717 1946 833 1993 pater
863 1944 905 1982 in
936 1943 1142 1983 comoedia
1173 1956 1258 1982 esse
1290 1944 1357 1983 vix
1388 1945 1532 1994 potuit.

778 2133 860 2172 ΘΡ.
924 2127 1144 2172 οὐπώποτ’
1180 2130 1395 2186 ἠράσθης,
1429 2129 1558 2182 Γέτας

492 2204 537 2245 Γ.
601 2201 654 2244 οὐ
685 2202 770 2257 γὰρ
802 2200 1093 2256 ἐνεπλήσθην.

396 2289 581 2328 Hermias
613 2289 715 2327 Plat.
738 2289 904 2327 Phaedr.
937 2302 974 2339 p.
998 2290 1050 2327 76
1084 2287 1171 2327 Ast.
1205 2287 1246 2327 οἷ
1274 2285 1344 2338 μὲν
1375 2286 1450 2341 γὰρ
1481 2286 1680 2340 ὑπέλαβον
1712 2286 1844 2336 απλῶς

277 2350 432 2397 φαῦλον
464 2346 505 2386 τὸ
537 2347 645 2399 ἐρᾶν,
677 2346 770 2395 ὡς.
820 2377 829 2387 .
862 2345 882 2386 ὅ
915 2346 1038 2386 εἰπών
1063 2343 1223 2400 ’πλήρει
1253 2346 1327 2400 γὰρ
1359 2345 1462 2404 ὄγκῳ
1493 2346 1656 2401 γαστρὸς
1688 2345 1844 2395 αὔξεται

275 2403 428 2459 κύπρις’
483 2403 659 2460 (Nauck.
699 2408 817 2458 Trag.
849 2420 908 2458 gr
940 2408 988 2445 fi.
1027 2407 1160 2457 adesp.
1197 2403 1299 2460 150)
1342 2405 1409 2446 καὶ
1451 2407 1574 2459 φησίν
1611 2403 1841 2447 “οὐπώποτε

276 2464 473 2518 ἠράσθην,
512 2465 560 2505 οὐ
591 2466 665 2520 γὰρ
704 2462 982 2517 ἐνεπλήσθην.
1046 2479 1147 2533 quae
1180 2467 1386 2506 Bekkerus
1418 2462 1703 2520 (Sch01.Plat.
1738 2463 1842 2520 312)

276 2539 322 2564 ex
347 2527 428 2565 cod.
451 2527 486 2564 D
506 2527 564 2565 ita
596 2527 823 2566 emendavit
848 2528 895 2565 ut
921 2539 1042 2576 supra
1068 2526 1311 2577 scripsimus,
1331 2539 1411 2565 non
1437 2526 1575 2565 addita
1597 2528 1731 2565 tamen
1751 2539 1841 2576 per-

276 2598 461 2624 sonarum
499 2586 721 2637 notatione,
759 2599 860 2637 quae
899 2589 960 2625 est
989 2585 1190 2624 Meinekii.
1239 2585 1345 2624 idem
1384 2586 1492 2624 recte
1524 2588 1570 2624 ut
1603 2586 1761 2625 videtur
1793 2586 1842 2625 ad

275 2645 481 2684 Menandri
513 2645 776 2696 Μισούμενον
806 2645 977 2684 rettulit.
1028 2645 1076 2683 cf.
1107 2644 1238 2693 Plaut.
1271 2644 1353 2683 Mil.
1384 2645 1485 2696 glor.
1520 2648 1556 2695 1,
1593 2648 1626 2694 1,
1660 2646 1727 2684 49.

1017 2748 1104 2790 346

559 2820 742 2875 ἀφανεῖς
773 2821 1010 2874 γεγόνασιν
1041 2819 1090 2861 αἱ
1118 2819 1298 2861 σπάθαι.

395 2893 537 2931 Pollux
565 2896 630 2942 10,
660 2897 755 2934 145.
788 2896 812 2933 6
845 2892 918 2943 τὴν
949 2892 1113 2944 σπάθην
1145 2891 1208 2931 ἐπὶ
1238 2898 1308 2932 τοῦ
1341 2893 1482 2943 ξίφους
1513 2892 1714 2945 εἰρήκασιν
1743 2923 1752 2932 .
1785 2923 1794 2932 .
1827 2924 1836 2933 .

273 2949 412 3010 naz-§v
443 2954 495 3007 τῷ
516 2951 761 3008 Μισουμένῳ
783 2950 1038 3005 Μένανδρος,
1070 2951 1165 2991 ὅταν
1196 2950 1288 3007 λέγῃ
1313 2955 1390 2991 κτλ.
1441 2953 1488 2992 cf.
1508 2953 1674 2992 Philem.
1699 2955 1763 2992 70.
1781 2975 1832 2979 —-
1863 2991 1869 2995 .
