2014 3334
232 225 319 267 600
588 225 591 229 ’
885 226 1147 260 ΑΔΕΣΠΟΤΑ

961 358 983 399 1
992 357 1074 400 168

513 418 696 470 τρίπους

348 504 492 542 Pollux
526 503 563 550 5,
600 504 666 542 97.
729 503 777 541 cf.
811 504 909 542 962.

962 619 984 660 1
992 619 1073 660 169

522 679 787 734 Τρυμαλϊτις

346 761 568 816 Ἀφροδίτη.
621 764 856 815 Hesychius.
889 764 1005 803 indie.
1037 764 1188 803 Nauck.
1225 776 1445 815 cognomen
1475 764 1622 803 comice
1653 763 1802 813 fletum,

233 825 522 876 significatione
555 824 762 863 obscaena..
794 823 929 863 Sotad.
962 824 1069 863 Plu’t.
1103 824 1201 863 Mor.
1235 826 1322 863 lla
1359 822 1415 870 εἰς
1453 821 1526 874 οὐχ
1562 820 1676 874 ὁσίην
1713 837 1803 875 τρυ-

233 882 378 936 μαλιὴν
408 881 451 923 τὸ
482 880 644 935 κέντρον
676 880 807 930 ὠθεῖς.

963 976 985 1018 1
993 976 1015 1018 1
1022 975 1077 1018 70

517 1033 810 1091 τρυπαλώπηξ

354 1123 523 1161 Bekker.
555 1121 704 1160 Aneod.
739 1123 812 1172 64,
846 1123 900 1160 28
940 1118 961 1159 ὅ
993 1103 1060 1159 διὰ
1100 1120 1347 1173 πανουργίαν
1385 1120 1513 1160 πάντα
1550 1125 1708 1172 τρυπῶν
1738 1118 1805 1159 καὶ

234 1181 468 1235 ἐργάζεσθαι
499 1180 733 1232 δυνάμενος.

964 1261 1072 1303 1171

518 1323 669 1362 τυλεϊα

327 1383 497 1446 sPollux
526 1409 592 1458 10,
626 1409 679 1446 39
713 1405 760 1446 τὰ
790 1408 922 1446 τυλεῐα
959 1438 967 1447 .
1001 1437 1009 1446 .
1043 1438 1052 1447 .
1091 1405 1197 1458 παρὰ
1228 1409 1308 1454 τοῖς
1345 1406 1549 1462 κωμῳδοῖς
1580 1404 1694 1445 ἔστιν.
1734 1398 1805 1445 Pes.

235 1467 379 1517 Eupol.
414 1468 510 1506 170.

966 1547 1079 1588 1172

519 1603 804 1661 τυμβογέρων

354 1693 500 1731 Pollux
520 1694 556 1742 2,
581 1693 647 1731 16.
695 1692 744 1731 of.
766 1694 862 1731 860.
900 1693 1068 1731 Bekker.
1092 1691 1240 1731 Aneed.
1264 1693 1332 1741 66,
1356 1693 1408 1731 13
1434 1691 1596 1744 τυμβογ.
1616 1689 1637 1731 ὅ
1652 1691 1805 1743 τύμβου

236 1752 368 1803 χρείαν
407 1750 517 1803 ἔχων.
567 1751 736 1790 Photius
773 1749 1094 1804 τυμβογέροντες·
1135 1749 1289 1802 πέμπτη
1327 1748 1459 1801 ἡλικία
1495 1750 1710 1803 γερόντων,
1753 1749 1806 1798 ὡς

237 1809 304 1850 καὶ
327 1810 586 1861 Θεόφραστος.
636 1814 889 1864 παραπλῆγες
907 1811 973 1850 καὶ
992 1816 1036 1865 τῇ
1058 1811 1216 1866 διανοίᾳ
1234 1807 1562 1863 παρηλλαγμένοι.
1613 1812 1663 1850 ef.
1681 1811 1806 1851 Arist.

236 1872 330 1922 Lys.
365 1873 461 1911 372.
495 1871 647 1910 Nauck.
679 1871 886 1921 Aristoph.
919 1871 1011 1922 Byz.
1045 1872 1112 1911 98.

522 2091 712 2148 τυρεύει,
744 2092 989 2148 τυρεύεται,
1020 2090 1310 2149 τυρευθέντα,
1341 2097 1566 2148 τυρεῦσαι,
1591 2092 1806 2148 πυρεύων,

522 2163 783 2218 τυρωθέντα

359 2251 529 2290 Photius
572 2249 770 2302 τυρεύεται
813 2248 879 2288 καὶ
921 2252 1106 2303 τυρεῖται·
1151 2249 1377 2288 συνίσταται
1417 2247 1484 2287 καὶ
1521 2249 1808 2302 συμπήγνυται.

239 2311 346 2349 idem
389 2307 649 2362 τυρευθὲντα·
698 2307 934 2360 κινηθέντα,
971 2306 1222 2361 ταραχθέντα.
1281 2311 1322 2347 et
1357 2307 1551 2360 τυρεύων·
1596 2320 1808 2349 κατασκευ-

241 2370 358 2417 άζων.
407 2370 634 2420 Hesychius
665 2369 835 2420 τυρεύει·
865 2368 1053 2420 ταράττει,
1083 2370 1197 2423 κυκᾷ.
1246 2368 1353 2406 idem
1382 2373 1581 2419 τυρεῦσαι·
1619 2367 1665 2407 τὰ
1696 2368 1808 2410 αὐτά.

241 2427 307 2468 καὶ
334 2428 524 2482 τυρεύων.
573 2427 614 2467 et
637 2426 884 2481 τυρωθέντα·
915 2426 1171 2480 ταραχθέντα,
1195 2424 1421 2478 κινηθέντα.
1468 2427 1640 2467 Bekker.
1661 2429 1809 2469 Anecd.

242 2491 339 2536 308,
374 2491 427 2528 13
479 2486 674 2540 τυρεύειν·
723 2486 765 2527 τὸ
795 2486 996 2540 πηγνύναι
1031 2485 1097 2526 καὶ
1134 2484 1401 2536 συντιθέναι,
1422 2484 1499 2525 ἀπὸ
1530 2491 1608 2525 τῶν
1637 2485 1679 2527 τὸ
1709 2488 1809 2540 γάλα

241 2547 479 2600 πηγνύντων
522 2545 595 2596 καὶ,
627 2545 747 2598 τυρὸν
777 2546 1014 2587 ποιούντων.
1075 2547 1123 2585 cf.
1155 2547 1278 2596 etiam
1313 2547 1394 2585 706
1435 2548 1476 2585 et
1508 2547 1605 2586 998.
1665 2548 1808 2587 horum

247 2607 423 2646 omnium
461 2608 550 2646 fons
583 2609 644 2646 est
668 2607 793 2646 Arist.
818 2607 890 2657 Eq.
917 2607 1001 2646 479
1035 2604 1345 2657 συντυρούμενα.
1394 2605 1499 2644 unde
1520 2606 1811 2647 Demosthenes

243 2667 415 2717 19,-295
450 2663 470 2705 ὁ
503 2662 538 2705 δ’
574 2664 691 2705 ἔνδον
723 2664 912 2717 ἐτύρευεν.
964 2666 1070 2716 quod
1102 2678 1191 2704 eum
1221 2665 1476 2715 reprehendit
1497 2664 1642 2704 Pollux
1663 2668 1701 2717 6,
1723 2669 1807 2706 130

243 2721 343 2778 (ἀλλ’
387 2724 460 2764 ούκ
497 2723 615 2778 ἔγωγε
653 2723 895 2776 ἀποδέχομαι
930 2723 972 2765 τὸ
1003 2718 1221 2778 τορεύειν),
1256 2737 1336 2763 non
1366 2726 1514 2774 tamen,
1545 2726 1593 2763 ut
1622 2725 1809 2775 opinatur

242 2785 295 2823 M.
328 2785 571 2823 Schmidtius
609 2786 650 2823 in
688 2786 746 2823 ed.
778 2785 888 2835 Hes,
925 2787 1048 2835 negat
1083 2785 1211 2823 ullum
1249 2784 1374 2822 alium
1410 2783 1592 2822 Atticum
1627 2796 1674 2823 ea
1713 2799 1807 2825 voce

244 2856 360 2882 usum
399 2856 496 2883 esse.
546 2844 630 2883 sine
668 2844 788 2883 dubio
825 2844 963 2884 comici
994 2844 1192 2883 minorum
1229 2843 1410 2894 gentium
1448 2844 1488 2882 et
1525 2842 1806 2894 Aristophanis

243 2905 284 2942 et
314 2903 593 2943 Demosthenis
625 2904 733 2943 dieta
763 2903 878 2944 avide
909 2903 1172 2954 adripiebant.
