<?xml version="1.0" encoding="UTF-8"?>
<!DOCTYPE html PUBLIC "-//W3C//DTD XHTML 1.0 Transitional//EN"
    "http://www.w3.org/TR/xhtml1/DTD/xhtml1-transitional.dtd">
<html xmlns="http://www.w3.org/1999/xhtml" xml:lang="en" lang="en">
 <head>
  <title>
</title>
<meta http-equiv="Content-Type" content="text/html;charset=utf-8" />
  <meta name='ocr-system' content='tesseract 3.04.00' />
  <meta name='ocr-capabilities' content='ocr_page ocr_carea ocr_par ocr_line ocrx_word'/>
</head>
<body>
  <div class='ocr_page' id='page_1' title='image "./comicorumatticor03kockuoft_0052.png"; bbox 0 0 2014 3334; ppageno 0'>
   <div class='ocr_carea' id='block_1_1' title="bbox 282 227 1212 294">
    <p class='ocr_par' dir='ltr' id='par_1_1' title="bbox 282 227 1212 294">
     <span class='ocr_line' id='line_1_1' title="bbox 282 227 1212 294; baseline -0.001 -10"><span class='ocrx_word' id='word_1_1' title='bbox 282 251 338 294; x_wconf 81' lang='lat'>32</span> <span class='ocrx_word' id='word_1_2' title='bbox 814 227 819 229; x_wconf 39' lang='lat'>¹</span> <span class='ocrx_word' id='word_1_3' title='bbox 915 250 1212 285; x_wconf 71' lang='lat' dir='ltr'><strong>MENANAPOT</strong></span> 
     </span>
    </p>
   </div>
   <div class='ocr_carea' id='block_1_2' title="bbox 1020 360 1104 402">
    <p class='ocr_par' dir='ltr' id='par_1_2' title="bbox 1020 360 1104 402">
     <span class='ocr_line' id='line_1_2' title="bbox 1020 360 1104 402; baseline -0.012 0"><span class='ocrx_word' id='word_1_4' title='bbox 1020 360 1104 402; x_wconf 86' lang='lat'>105</span> 
     </span>
    </p>
   </div>
   <div class='ocr_carea' id='block_1_3' title="bbox 567 417 867 474">
    <p class='ocr_par' dir='ltr' id='par_1_3' title="bbox 567 417 867 474">
     <span class='ocr_line' id='line_1_3' title="bbox 567 417 867 474; baseline -0.007 -12"><span class='ocrx_word' id='word_1_5' title='bbox 567 417 867 474; x_wconf 78' lang='grc' dir='ltr'><strong><em>αὖτολῆκυθοι</em></strong></span> 
     </span>
    </p>
   </div>
   <div class='ocr_carea' id='block_1_4' title="bbox 399 503 1853 561">
    <p class='ocr_par' dir='ltr' id='par_1_4' title="bbox 399 503 1853 561">
     <span class='ocr_line' id='line_1_4' title="bbox 399 503 1853 561; baseline -0.002 -14"><span class='ocrx_word' id='word_1_6' title='bbox 399 507 440 547; x_wconf 91' lang='grc' dir='ltr'>τὸ</span> <span class='ocrx_word' id='word_1_7' title='bbox 479 505 603 558; x_wconf 79' lang='grc' dir='ltr'><strong><em>ὄνομα</em></strong></span> <span class='ocrx_word' id='word_1_8' title='bbox 640 504 747 558; x_wconf 83' lang='grc' dir='ltr'><strong><em>παρὰ</em></strong></span> <span class='ocrx_word' id='word_1_9' title='bbox 785 504 1014 557; x_wconf 77' lang='grc' dir='ltr'><em>Μενάνδρῳ</em></span> <span class='ocrx_word' id='word_1_10' title='bbox 1056 503 1099 543; x_wconf 81' lang='grc' dir='ltr'><strong><em>ἐν</em></strong></span> <span class='ocrx_word' id='word_1_11' title='bbox 1131 534 1140 543; x_wconf 92' lang='grc'><strong><em>.</em></strong></span> <span class='ocrx_word' id='word_1_12' title='bbox 1168 534 1177 543; x_wconf 92' lang='grc'><strong><em>.</em></strong></span> <span class='ocrx_word' id='word_1_13' title='bbox 1204 534 1214 543; x_wconf 92' lang='grc'><strong><em>.</em></strong></span> <span class='ocrx_word' id='word_1_14' title='bbox 1247 505 1464 561; x_wconf 83' lang='grc' dir='ltr'><strong><em>Δακτυλίῳ.</em></strong></span> <span class='ocrx_word' id='word_1_15' title='bbox 1496 506 1732 556; x_wconf 84' lang='lat' dir='ltr'>Harpocrat.</span> <span class='ocrx_word' id='word_1_16' title='bbox 1805 507 1853 544; x_wconf 89' lang='lat' dir='ltr'>cf.</span> 
     </span>
    </p>
   </div>
   <div class='ocr_carea' id='block_1_5' title="bbox 283 568 1199 665">
    <p class='ocr_par' dir='ltr' id='par_1_5' title="bbox 283 568 1199 665">
     <span class='ocr_line' id='line_1_5' title="bbox 283 568 603 618; baseline -0.003 -12"><span class='ocrx_word' id='word_1_17' title='bbox 283 568 501 618; x_wconf 86' lang='lat' dir='ltr'>Antiphan.</span> <span class='ocrx_word' id='word_1_18' title='bbox 538 569 557 605; x_wconf 94' lang='lat'>1</span> <span class='ocrx_word' id='word_1_19' title='bbox 566 569 603 605; x_wconf 87' lang='lat'>6.</span> 
     </span>
     <span class='ocr_line' id='line_1_6' title="bbox 942 632 1199 665; baseline 0.004 -1"><span class='ocrx_word' id='word_1_20' title='bbox 942 632 1199 665; x_wconf 86' lang='grc' dir='ltr'>ΔΑΡΔΑΝΟΣ</span> 
     </span>
    </p>
   </div>
   <div class='ocr_carea' id='block_1_6' title="bbox 280 707 1854 998">
    <p class='ocr_par' dir='ltr' id='par_1_6' title="bbox 280 707 1854 998">
     <span class='ocr_line' id='line_1_7' title="bbox 401 707 1853 758; baseline -0.001 -10"><span class='ocrx_word' id='word_1_21' title='bbox 401 710 460 748; x_wconf 87' lang='lat' dir='ltr'>De</span> <span class='ocrx_word' id='word_1_22' title='bbox 491 710 684 748; x_wconf 71' lang='lat' dir='ltr'>Dardano</span> <span class='ocrx_word' id='word_1_23' title='bbox 715 708 822 747; x_wconf 87' lang='lat' dir='ltr'>Iovis</span> <span class='ocrx_word' id='word_1_24' title='bbox 861 708 944 746; x_wconf 88' lang='lat' dir='ltr'>filio</span> <span class='ocrx_word' id='word_1_25' title='bbox 983 721 1063 747; x_wconf 89' lang='lat' dir='ltr'>non</span> <span class='ocrx_word' id='word_1_26' title='bbox 1094 708 1255 746; x_wconf 87' lang='lat' dir='ltr'>videtur</span> <span class='ocrx_word' id='word_1_27' title='bbox 1287 707 1456 758; x_wconf 85' lang='lat' dir='ltr'>cogitari</span> <span class='ocrx_word' id='word_1_28' title='bbox 1492 721 1625 758; x_wconf 87' lang='lat' dir='ltr'>posse,</span> <span class='ocrx_word' id='word_1_29' title='bbox 1658 708 1853 758; x_wconf 76' lang='lat' dir='ltr'>siquidem</span> 
     </span>
     <span class='ocr_line' id='line_1_8' title="bbox 281 768 1852 819; baseline 0 -12"><span class='ocrx_word' id='word_1_30' title='bbox 281 769 527 819; x_wconf 73' lang='lat' dir='ltr'>argumentis</span> <span class='ocrx_word' id='word_1_31' title='bbox 559 768 748 819; x_wconf 81' lang='lat' dir='ltr'>mythicis</span> <span class='ocrx_word' id='word_1_32' title='bbox 770 768 985 806; x_wconf 81' lang='lat' dir='ltr'>Menander</span> <span class='ocrx_word' id='word_1_33' title='bbox 1016 768 1228 806; x_wconf 84' lang='lat' dir='ltr'>abstinuit:</span> <span class='ocrx_word' id='word_1_34' title='bbox 1261 768 1325 806; x_wconf 90' lang='lat' dir='ltr'>cui</span> <span class='ocrx_word' id='word_1_35' title='bbox 1352 768 1573 807; x_wconf 87' lang='lat' dir='ltr'>sententiae</span> <span class='ocrx_word' id='word_1_36' title='bbox 1598 781 1852 819; x_wconf 84' lang='lat' dir='ltr'>nequaquam</span> 
     </span>
     <span class='ocr_line' id='line_1_9' title="bbox 281 827 1851 878; baseline 0 -12"><span class='ocrx_word' id='word_1_37' title='bbox 281 831 507 878; x_wconf 82' lang='lat' dir='ltr'>repugnant</span> <span class='ocrx_word' id='word_1_38' title='bbox 525 829 737 872; x_wconf 75' lang='lat' dir='ltr'>Leucadia,</span> <span class='ocrx_word' id='word_1_39' title='bbox 758 828 1067 870; x_wconf 70' lang='lat' dir='ltr'>Pseudlacraclcs,</span> <span class='ocrx_word' id='word_1_40' title='bbox 1096 828 1348 875; x_wconf 75' lang='lat' dir='ltr'>Trophonius.</span> <span class='ocrx_word' id='word_1_41' title='bbox 1379 840 1507 877; x_wconf 91' lang='lat' dir='ltr'>neque</span> <span class='ocrx_word' id='word_1_42' title='bbox 1538 840 1633 867; x_wconf 86' lang='lat' dir='ltr'>vero</span> <span class='ocrx_word' id='word_1_43' title='bbox 1666 827 1851 867; x_wconf 84' lang='lat' dir='ltr'>adfirma-</span> 
     </span>
     <span class='ocr_line' id='line_1_10' title="bbox 280 887 1854 940; baseline -0.001 -13"><span class='ocrx_word' id='word_1_44' title='bbox 280 889 405 927; x_wconf 82' lang='lat' dir='ltr'>verim</span> <span class='ocrx_word' id='word_1_45' title='bbox 432 888 482 926; x_wconf 85' lang='lat' dir='ltr'>ad</span> <span class='ocrx_word' id='word_1_46' title='bbox 508 888 711 938; x_wconf 81' lang='lat' dir='ltr'>Illyricam</span> <span class='ocrx_word' id='word_1_47' title='bbox 736 887 846 925; x_wconf 81' lang='lat' dir='ltr'>illam</span> <span class='ocrx_word' id='word_1_48' title='bbox 867 889 1027 937; x_wconf 85' lang='lat' dir='ltr'>gentem</span> <span class='ocrx_word' id='word_1_49' title='bbox 1057 887 1225 925; x_wconf 89' lang='lat' dir='ltr'>titulum</span> <span class='ocrx_word' id='word_1_50' title='bbox 1249 887 1502 926; x_wconf 87' lang='lat' dir='ltr'>referendum</span> <span class='ocrx_word' id='word_1_51' title='bbox 1528 900 1627 938; x_wconf 85' lang='lat' dir='ltr'>esse,</span> <span class='ocrx_word' id='word_1_52' title='bbox 1658 887 1722 926; x_wconf 74' lang='lat' dir='ltr'>cuj</span> <span class='ocrx_word' id='word_1_53' title='bbox 1746 894 1854 940; x_wconf 88' lang='grc' dir='ltr'><strong><em>Δαρ-</em></strong></span> 
     </span>
     <span class='ocr_line' id='line_1_11' title="bbox 286 946 1854 998; baseline 0.001 -13"><span class='ocrx_word' id='word_1_54' title='bbox 286 947 417 993; x_wconf 85' lang='grc' dir='ltr'><strong><em>δανεῖς</em></strong></span> <span class='ocrx_word' id='word_1_55' title='bbox 451 948 512 986; x_wconf 88' lang='lat' dir='ltr'>vel</span> <span class='ocrx_word' id='word_1_56' title='bbox 535 946 755 998; x_wconf 84' lang='grc' dir='ltr'><strong><em>Δαρδάνιοι</em></strong></span> <span class='ocrx_word' id='word_1_57' title='bbox 781 947 887 996; x_wconf 86' lang='lat' dir='ltr'>apud</span> <span class='ocrx_word' id='word_1_58' title='bbox 907 946 1090 996; x_wconf 85' lang='lat' dir='ltr'>Graecos,</span> <span class='ocrx_word' id='word_1_59' title='bbox 1122 947 1310 985; x_wconf 70' lang='lat' dir='ltr'>Dardani</span> <span class='ocrx_word' id='word_1_60' title='bbox 1341 947 1446 996; x_wconf 83' lang='lat' dir='ltr'>apud</span> <span class='ocrx_word' id='word_1_61' title='bbox 1478 947 1678 986; x_wconf 87' lang='lat' dir='ltr'>Romanos</span> <span class='ocrx_word' id='word_1_62' title='bbox 1710 959 1854 986; x_wconf 86' lang='lat' dir='ltr'>nomen</span> 
     </span>
    </p>
   </div>
   <div class='ocr_carea' id='block_1_7' title="bbox 281 1006 1854 1165">
    <p class='ocr_par' dir='ltr' id='par_1_7' title="bbox 281 1006 1854 1165">
     <span class='ocr_line' id='line_1_12' title="bbox 281 1006 1854 1057; baseline 0.001 -13"><span class='ocrx_word' id='word_1_63' title='bbox 281 1007 377 1056; x_wconf 89' lang='lat' dir='ltr'>fuit,</span> <span class='ocrx_word' id='word_1_64' title='bbox 415 1009 454 1045; x_wconf 89' lang='lat' dir='ltr'>et</span> <span class='ocrx_word' id='word_1_65' title='bbox 492 1007 539 1044; x_wconf 87' lang='lat' dir='ltr'>de</span> <span class='ocrx_word' id='word_1_66' title='bbox 578 1020 657 1057; x_wconf 85' lang='lat' dir='ltr'>qua</span> <span class='ocrx_word' id='word_1_67' title='bbox 694 1007 822 1044; x_wconf 86' lang='lat' dir='ltr'>multa</span> <span class='ocrx_word' id='word_1_68' title='bbox 864 1006 995 1044; x_wconf 86' lang='lat' dir='ltr'>iocose</span> <span class='ocrx_word' id='word_1_69' title='bbox 1037 1006 1262 1057; x_wconf 86' lang='lat' dir='ltr'>antiquitus</span> <span class='ocrx_word' id='word_1_70' title='bbox 1301 1007 1580 1045; x_wconf 80' lang='lat' dir='ltr'>narrabantur.</span> <span class='ocrx_word' id='word_1_71' title='bbox 1642 1007 1689 1045; x_wconf 88' lang='lat' dir='ltr'>cf.</span> <span class='ocrx_word' id='word_1_72' title='bbox 1727 1006 1854 1045; x_wconf 86' lang='lat' dir='ltr'>Nicol.</span> 
     </span>
     <span class='ocr_line' id='line_1_13' title="bbox 284 1065 1852 1116; baseline 0 -12"><span class='ocrx_word' id='word_1_73' title='bbox 284 1066 394 1104; x_wconf 77' lang='lat' dir='ltr'>Stob.</span> <span class='ocrx_word' id='word_1_74' title='bbox 416 1067 521 1104; x_wconf 82' lang='lat' dir='ltr'>Flor.</span> <span class='ocrx_word' id='word_1_75' title='bbox 549 1068 586 1113; x_wconf 86' lang='lat'>5,</span> <span class='ocrx_word' id='word_1_76' title='bbox 621 1067 688 1104; x_wconf 89' lang='lat'>51.</span> <span class='ocrx_word' id='word_1_77' title='bbox 739 1065 893 1104; x_wconf 84' lang='lat' dir='ltr'>Aelian.</span> <span class='ocrx_word' id='word_1_78' title='bbox 909 1066 957 1104; x_wconf 87' lang='lat' dir='ltr'>V.</span> <span class='ocrx_word' id='word_1_79' title='bbox 978 1066 1015 1103; x_wconf 91' lang='lat' dir='ltr'>h.</span> <span class='ocrx_word' id='word_1_80' title='bbox 1049 1068 1087 1115; x_wconf 98' lang='lat'>4,</span> <span class='ocrx_word' id='word_1_81' title='bbox 1124 1069 1159 1104; x_wconf 89' lang='lat'>1.</span> <span class='ocrx_word' id='word_1_82' title='bbox 1208 1066 1333 1104; x_wconf 85' lang='lat' dir='ltr'>Mant.</span> <span class='ocrx_word' id='word_1_83' title='bbox 1365 1079 1476 1116; x_wconf 88' lang='lat' dir='ltr'>prov.</span> <span class='ocrx_word' id='word_1_84' title='bbox 1511 1068 1548 1116; x_wconf 89' lang='lat'>3,</span> <span class='ocrx_word' id='word_1_85' title='bbox 1582 1067 1650 1105; x_wconf 83' lang='lat'>27.</span> <span class='ocrx_word' id='word_1_86' title='bbox 1675 1087 1724 1093; x_wconf 89' lang='lat'><em>—</em></span> <span class='ocrx_word' id='word_1_87' title='bbox 1748 1067 1852 1105; x_wconf 82' lang='lat' dir='ltr'>cete-</span> 
     </span>
     <span class='ocr_line' id='line_1_14' title="bbox 282 1120 1852 1165; baseline 0.001 -2"><span class='ocrx_word' id='word_1_88' title='bbox 282 1139 371 1163; x_wconf 83' lang='lat' dir='ltr'>rum</span> <span class='ocrx_word' id='word_1_89' title='bbox 390 1127 609 1164; x_wconf 70' lang='lat' dir='ltr'>Dardanus</span> <span class='ocrx_word' id='word_1_90' title='bbox 633 1125 711 1163; x_wconf 88' lang='lat' dir='ltr'>fuit</span> <span class='ocrx_word' id='word_1_91' title='bbox 737 1126 859 1163; x_wconf 87' lang='lat' dir='ltr'>etiam</span> <span class='ocrx_word' id='word_1_92' title='bbox 880 1124 1041 1163; x_wconf 81' lang='lat' dir='ltr'>Caecilii</span> <span class='ocrx_word' id='word_1_93' title='bbox 1063 1125 1195 1164; x_wconf 84' lang='lat' dir='ltr'>Statii.</span> <span class='ocrx_word' id='word_1_94' title='bbox 1228 1124 1273 1164; x_wconf 94' lang='grc' dir='ltr'><strong><em>Ο.</em></strong></span> <span class='ocrx_word' id='word_1_95' title='bbox 1290 1125 1481 1164; x_wconf 84' lang='lat' dir='ltr'>Ribbeck.</span> <span class='ocrx_word' id='word_1_96' title='bbox 1509 1125 1618 1165; x_wconf 90' lang='lat' dir='ltr'>Com.</span> <span class='ocrx_word' id='word_1_97' title='bbox 1633 1126 1678 1164; x_wconf 82' lang='lat' dir='ltr'>R.</span> <span class='ocrx_word' id='word_1_98' title='bbox 1697 1120 1764 1164; x_wconf 77' lang='lat' dir='ltr'>fr.2</span> <span class='ocrx_word' id='word_1_99' title='bbox 1785 1127 1852 1165; x_wconf 87' lang='lat'>39.</span> 
     </span>
    </p>
   </div>
   <div class='ocr_carea' id='block_1_8' title="bbox 495 1241 1476 1368">
    <p class='ocr_par' dir='ltr' id='par_1_8' title="bbox 495 1241 1466 1368">
     <span class='ocr_line' id='line_1_15' title="bbox 1024 1241 1105 1283; baseline 0.012 -1"><span class='ocrx_word' id='word_1_100' title='bbox 1024 1241 1105 1283; x_wconf 85' lang='lat'>106</span> 
     </span>
     <span class='ocr_line' id='line_1_16' title="bbox 495 1310 1476 1368; baseline 0 -14"><span class='ocrx_word' id='word_1_101' title='bbox 495 1310 568 1354; x_wconf 86' lang='grc' dir='ltr'>καὶ</span> <span class='ocrx_word' id='word_1_102' title='bbox 600 1313 734 1368; x_wconf 81' lang='grc' dir='ltr'><strong><em>λαιμὰ</em></strong></span> <span class='ocrx_word' id='word_1_103' title='bbox 767 1312 969 1367; x_wconf 79' lang='grc' dir='ltr'><em>βακχεύει</em></span> <span class='ocrx_word' id='word_1_104' title='bbox 1002 1312 1151 1366; x_wconf 83' lang='grc' dir='ltr'><strong><em>λαβὼν</em></strong></span> <span class='ocrx_word' id='word_1_105' title='bbox 1182 1313 1235 1354; x_wconf 82' lang='grc' dir='ltr'>τὰ</span> <span class='ocrx_word' id='word_1_106' title='bbox 1266 1314 1476 1368; x_wconf 85' lang='grc' dir='ltr'><strong><em>χρήματα.</em></strong></span> 
     </span>
    </p>
   </div>
   <div class='ocr_carea' id='block_1_9' title="bbox 281 1393 1852 1688">
    <p class='ocr_par' dir='ltr' id='par_1_9' title="bbox 281 1393 1852 1688">
     <span class='ocr_line' id='line_1_17' title="bbox 402 1393 1852 1454; baseline 0.001 -18"><span class='ocrx_word' id='word_1_107' title='bbox 402 1399 530 1437; x_wconf 85' lang='lat' dir='ltr'>Schol.</span> <span class='ocrx_word' id='word_1_108' title='bbox 550 1399 755 1449; x_wconf 88' lang='lat' dir='ltr'>Aristoph.</span> <span class='ocrx_word' id='word_1_109' title='bbox 775 1399 849 1437; x_wconf 88' lang='lat' dir='ltr'>Av.</span> <span class='ocrx_word' id='word_1_110' title='bbox 874 1400 984 1437; x_wconf 87' lang='lat'>1563</span> <span class='ocrx_word' id='word_1_111' title='bbox 1019 1393 1117 1452; x_wconf 85' lang='lat' dir='ltr'>(non</span> <span class='ocrx_word' id='word_1_112' title='bbox 1149 1401 1211 1437; x_wconf 85' lang='lat' dir='ltr'>est</span> <span class='ocrx_word' id='word_1_113' title='bbox 1241 1399 1283 1437; x_wconf 92' lang='lat' dir='ltr'>in</span> <span class='ocrx_word' id='word_1_114' title='bbox 1311 1394 1429 1452; x_wconf 84' lang='lat' dir='ltr'>Ven.)</span> <span class='ocrx_word' id='word_1_115' title='bbox 1461 1399 1758 1451; x_wconf 83' lang='grc' dir='ltr'><strong><em>παραπεποίηκε</em></strong></span> <span class='ocrx_word' id='word_1_116' title='bbox 1791 1394 1852 1454; x_wconf 86' lang='grc' dir='ltr'>(τὸ</span> 
     </span>
     <span class='ocr_line' id='line_1_18' title="bbox 281 1452 1828 1531; baseline 0.001 -35"><span class='ocrx_word' id='word_1_117' title='bbox 281 1452 418 1511; x_wconf 79' lang='grc' dir='ltr'><strong><em>λαῖμα)</em></strong></span> <span class='ocrx_word' id='word_1_118' title='bbox 450 1457 557 1510; x_wconf 79' lang='grc' dir='ltr'><strong><em>παρὰ</em></strong></span> <span class='ocrx_word' id='word_1_119' title='bbox 588 1457 630 1497; x_wconf 86' lang='grc' dir='ltr'>τὸ</span> <span class='ocrx_word' id='word_1_120' title='bbox 661 1457 813 1509; x_wconf 90' lang='grc' dir='ltr'><strong><em>λαιμόν.</em></strong></span> <span class='ocrx_word' id='word_1_121' title='bbox 852 1456 929 1496; x_wconf 75' lang='grc' dir='ltr'><strong><em>ἔστι</em></strong></span> <span class='ocrx_word' id='word_1_122' title='bbox 960 1456 1026 1496; x_wconf 83' lang='grc' dir='ltr'>καὶ</span> <span class='ocrx_word' id='word_1_123' title='bbox 1056 1457 1163 1509; x_wconf 86' lang='grc' dir='ltr'><strong><em>παρὰ</em></strong></span> <span class='ocrx_word' id='word_1_124' title='bbox 1185 1458 1414 1531; x_wconf 78' lang='grc' dir='ltr'><strong><em>Μενάνδρῳ</em></strong></span> <span class='ocrx_word' id='word_1_125' title='bbox 1446 1458 1489 1498; x_wconf 81' lang='grc' dir='ltr'><strong><em>ἐν</em></strong></span> <span class='ocrx_word' id='word_1_126' title='bbox 1509 1458 1708 1515; x_wconf 77' lang='grc' dir='ltr'><em>Δαρδάνῳ</em></span> <span class='ocrx_word' id='word_1_127' title='bbox 1727 1461 1828 1498; x_wconf 84' lang='grc' dir='ltr'><strong><em>κτλ..</em></strong></span> 
     </span>
     <span class='ocr_line' id='line_1_19' title="bbox 281 1514 1852 1570; baseline 0.001 -14"><span class='ocrx_word' id='word_1_128' title='bbox 281 1516 335 1556; x_wconf 77' lang='grc' dir='ltr'>ἔτι</span> <span class='ocrx_word' id='word_1_129' title='bbox 366 1516 497 1568; x_wconf 86' lang='grc' dir='ltr'><strong><em>μέντοι</em></strong></span> <span class='ocrx_word' id='word_1_130' title='bbox 527 1523 604 1556; x_wconf 86' lang='grc' dir='ltr'><strong><em>τῶν</em></strong></span> <span class='ocrx_word' id='word_1_131' title='bbox 635 1516 724 1569; x_wconf 83' lang='grc' dir='ltr'><strong><em>περὶ</em></strong></span> <span class='ocrx_word' id='word_1_132' title='bbox 754 1515 826 1568; x_wconf 83' lang='grc' dir='ltr'><strong><em>τὴν</em></strong></span> <span class='ocrx_word' id='word_1_133' title='bbox 846 1514 981 1556; x_wconf 84' lang='grc' dir='ltr'><strong><em>Ἀσίαν</em></strong></span> <span class='ocrx_word' id='word_1_134' title='bbox 1013 1515 1113 1564; x_wconf 83' lang='grc' dir='ltr'><strong><em>τινὲς</em></strong></span> <span class='ocrx_word' id='word_1_135' title='bbox 1145 1516 1209 1556; x_wconf 81' lang='grc' dir='ltr'>ἐπὶ</span> <span class='ocrx_word' id='word_1_136' title='bbox 1239 1523 1317 1557; x_wconf 85' lang='grc' dir='ltr'><strong><em>τῶν</em></strong></span> <span class='ocrx_word' id='word_1_137' title='bbox 1349 1517 1526 1558; x_wconf 79' lang='grc' dir='ltr'><strong><em>ἀναιδῶν</em></strong></span> <span class='ocrx_word' id='word_1_138' title='bbox 1557 1517 1623 1557; x_wconf 79' lang='grc' dir='ltr'>καὶ</span> <span class='ocrx_word' id='word_1_139' title='bbox 1653 1517 1852 1570; x_wconf 83' lang='grc' dir='ltr'><strong><em>εὐτόλμων</em></strong></span> 
     </span>
     <span class='ocr_line' id='line_1_20' title="bbox 283 1575 1852 1634; baseline 0.002 -19"><span class='ocrx_word' id='word_1_140' title='bbox 283 1576 384 1616; x_wconf 72' lang='grc' dir='ltr'><strong><em>οὕτω</em></strong></span> <span class='ocrx_word' id='word_1_141' title='bbox 416 1575 608 1629; x_wconf 75' lang='grc' dir='ltr'><strong><em>λέγουσιν.</em></strong></span> <span class='ocrx_word' id='word_1_142' title='bbox 658 1576 751 1628; x_wconf 81' lang='grc' dir='ltr'><strong><em>ὅπερ</em></strong></span> <span class='ocrx_word' id='word_1_143' title='bbox 784 1576 1091 1629; x_wconf 79' lang='grc' dir='ltr'><strong><em>συμφωνότερόν</em></strong></span> <span class='ocrx_word' id='word_1_144' title='bbox 1123 1575 1201 1616; x_wconf 81' lang='grc' dir='ltr'><strong><em>ἐστι</em></strong></span> <span class='ocrx_word' id='word_1_145' title='bbox 1231 1580 1283 1633; x_wconf 79' lang='grc' dir='ltr'>τῷ</span> <span class='ocrx_word' id='word_1_146' title='bbox 1314 1577 1422 1630; x_wconf 82' lang='grc' dir='ltr'><strong><em>παρὰ</em></strong></span> <span class='ocrx_word' id='word_1_147' title='bbox 1448 1578 1690 1634; x_wconf 78' lang='grc' dir='ltr'><strong><em>Μενάνδρῳ.</em></strong></span> <span class='ocrx_word' id='word_1_148' title='bbox 1734 1576 1852 1630; x_wconf 77' lang='grc' dir='ltr'><strong><em>λαιμὰ</em></strong></span> 
     </span>
     <span class='ocr_line' id='line_1_21' title="bbox 281 1635 981 1688; baseline 0 -13"><span class='ocrx_word' id='word_1_149' title='bbox 281 1635 429 1687; x_wconf 77' lang='lat' dir='ltr'>Bent1.]</span> <span class='ocrx_word' id='word_1_150' title='bbox 462 1639 566 1688; x_wconf 80' lang='grc' dir='ltr'><strong><em>λῆμα</em></strong></span> <span class='ocrx_word' id='word_1_151' title='bbox 597 1638 644 1687; x_wconf 84' lang='lat' dir='ltr'>R,</span> <span class='ocrx_word' id='word_1_152' title='bbox 675 1638 794 1687; x_wconf 84' lang='grc' dir='ltr'><em>λαῖμα</em></span> <span class='ocrx_word' id='word_1_153' title='bbox 825 1637 981 1687; x_wconf 88' lang='lat' dir='ltr'>reliqui.</span> 
     </span>
    </p>
   </div>
   <div class='ocr_carea' id='block_1_10' title="bbox 568 1730 1427 1856">
    <p class='ocr_par' dir='ltr' id='par_1_10' title="bbox 568 1730 1427 1856">
     <span class='ocr_line' id='line_1_22' title="bbox 1026 1730 1105 1771; baseline 0.013 -1"><span class='ocrx_word' id='word_1_154' title='bbox 1026 1730 1105 1771; x_wconf 88' lang='lat'>107</span> 
     </span>
     <span class='ocr_line' id='line_1_23' title="bbox 568 1801 1427 1856; baseline 0.001 -15"><span class='ocrx_word' id='word_1_155' title='bbox 568 1802 687 1856; x_wconf 84' lang='grc' dir='ltr'><strong><em>Λρία</em></strong></span> <span class='ocrx_word' id='word_1_156' title='bbox 719 1807 817 1854; x_wconf 77' lang='grc' dir='ltr'>παῖ,</span> <span class='ocrx_word' id='word_1_157' title='bbox 851 1801 1235 1842; x_wconf 81' lang='grc' dir='ltr'><strong><em>δειπνοποιεῖσθαι</em></strong></span> <span class='ocrx_word' id='word_1_158' title='bbox 1266 1803 1313 1843; x_wconf 86' lang='grc' dir='ltr'>τί</span> <span class='ocrx_word' id='word_1_159' title='bbox 1341 1801 1427 1852; x_wconf 84' lang='grc' dir='ltr'><strong><em>δεῖ;</em></strong></span> 
     </span>
    </p>
   </div>
   <div class='ocr_carea' id='block_1_11' title="bbox 280 1886 1851 2117">
    <p class='ocr_par' dir='ltr' id='par_1_11' title="bbox 280 1886 1851 2117">
     <span class='ocr_line' id='line_1_24' title="bbox 401 1886 1851 1940; baseline 0.002 -16"><span class='ocrx_word' id='word_1_160' title='bbox 401 1886 622 1925; x_wconf 73' lang='lat' dir='ltr'>Menander</span> <span class='ocrx_word' id='word_1_161' title='bbox 652 1889 694 1925; x_wconf 74' lang='lat' dir='ltr'>in</span> <span class='ocrx_word' id='word_1_162' title='bbox 724 1888 920 1926; x_wconf 75' lang='lat' dir='ltr'>Dardano</span> <span class='ocrx_word' id='word_1_163' title='bbox 950 1890 1029 1925; x_wconf 84' lang='grc' dir='ltr'><em>παῖ</em></span> <span class='ocrx_word' id='word_1_164' title='bbox 1054 1887 1158 1938; x_wconf 87' lang='grc' dir='ltr'><strong><em>Λρία</em></strong></span> <span class='ocrx_word' id='word_1_165' title='bbox 1195 1889 1292 1926; x_wconf 72' lang='lat' dir='ltr'>dixit</span> <span class='ocrx_word' id='word_1_166' title='bbox 1320 1899 1397 1935; x_wconf 72' lang='lat' dir='ltr'>pro</span> <span class='ocrx_word' id='word_1_167' title='bbox 1430 1887 1557 1939; x_wconf 86' lang='grc' dir='ltr'><strong><em>Δρίαν</em></strong></span> <span class='ocrx_word' id='word_1_168' title='bbox 1589 1888 1780 1927; x_wconf 88' lang='lat' dir='ltr'>Priscian.</span> <span class='ocrx_word' id='word_1_169' title='bbox 1814 1890 1851 1940; x_wconf 85' lang='lat'>6,</span> 
     </span>
     <span class='ocr_line' id='line_1_25' title="bbox 285 1920 1851 1997; baseline 0.002 -14"><span class='ocrx_word' id='word_1_170' title='bbox 285 1946 323 1994; x_wconf 92' lang='lat'>5,</span> <span class='ocrx_word' id='word_1_171' title='bbox 357 1947 394 1983; x_wconf 88' lang='lat'>4.</span> <span class='ocrx_word' id='word_1_172' title='bbox 427 1946 609 1984; x_wconf 88' lang='lat' dir='ltr'>codicum</span> <span class='ocrx_word' id='word_1_173' title='bbox 639 1947 814 1985; x_wconf 87' lang='lat' dir='ltr'>varietas</span> <span class='ocrx_word' id='word_1_174' title='bbox 841 1946 1023 1997; x_wconf 85' lang='lat' dir='ltr'>quamvis</span> <span class='ocrx_word' id='word_1_175' title='bbox 1055 1946 1216 1997; x_wconf 82' lang='lat' dir='ltr'>copiosa</span> <span class='ocrx_word' id='word_1_176' title='bbox 1247 1959 1310 1996; x_wconf 82' lang='lat' dir='ltr'>ap.</span> <span class='ocrx_word' id='word_1_177' title='bbox 1335 1946 1559 1996; x_wconf 86' lang='lat' dir='ltr'>Hertzium,</span> <span class='ocrx_word' id='word_1_178' title='bbox 1592 1948 1643 1986; x_wconf 89' lang='lat' dir='ltr'>ad</span> <span class='ocrx_word' id='word_1_179' title='bbox 1667 1920 1851 1987; x_wconf 78' lang='lat' dir='ltr'>nostmni</span> 
     </span>
     <span class='ocr_line' id='line_1_26' title="bbox 283 2000 1851 2075; baseline 0.003 -33"><span class='ocrx_word' id='word_1_180' title='bbox 283 2000 492 2055; x_wconf 50' lang='lat' dir='ltr'>consil‘n</span> <span class='ocrx_word' id='word_1_181' title='bbox 529 2005 696 2045; x_wconf 90' lang='lat' dir='ltr'>inutilis.</span> <span class='ocrx_word' id='word_1_182' title='bbox 758 2005 880 2057; x_wconf 88' lang='grc' dir='ltr'>Δρία,</span> <span class='ocrx_word' id='word_1_183' title='bbox 913 2006 1016 2058; x_wconf 72' lang='grc' dir='ltr'><strong><em>,Δρία</em></strong></span> <span class='ocrx_word' id='word_1_184' title='bbox 1041 2008 1119 2075; x_wconf 82' lang='grc' dir='ltr'><strong><em>κτλ.</em></strong></span> <span class='ocrx_word' id='word_1_185' title='bbox 1165 2006 1350 2056; x_wconf 86' lang='lat' dir='ltr'>Spengel.</span> <span class='ocrx_word' id='word_1_186' title='bbox 1383 2006 1526 2045; x_wconf 83' lang='lat' dir='ltr'>Caecil.</span> <span class='ocrx_word' id='word_1_187' title='bbox 1559 2006 1659 2046; x_wconf 82' lang='lat' dir='ltr'>Stat.</span> <span class='ocrx_word' id='word_1_188' title='bbox 1693 2008 1717 2047; x_wconf 92' lang='lat'>5</span> <span class='ocrx_word' id='word_1_189' title='bbox 1750 2008 1851 2047; x_wconf 87' lang='lat' dir='ltr'>conl.</span> 
     </span>
     <span class='ocr_line' id='line_1_27' title="bbox 280 2063 899 2117; baseline 0.003 -16"><span class='ocrx_word' id='word_1_190' title='bbox 280 2063 734 2117; x_wconf 70' lang='lat' dir='ltr'>Philem.125.A915a</span> <span class='ocrx_word' id='word_1_191' title='bbox 765 2065 899 2104; x_wconf 84' lang='lat' dir='ltr'>Hertz.</span> 
     </span>
    </p>
   </div>
   <div class='ocr_carea' id='block_1_12' title="bbox 281 2216 1852 2437">
    <p class='ocr_par' dir='ltr' id='par_1_12' title="bbox 281 2216 1852 2387">
     <span class='ocr_line' id='line_1_28' title="bbox 401 2216 1852 2272; baseline 0.002 -16"><span class='ocrx_word' id='word_1_192' title='bbox 401 2219 618 2258; x_wconf 82' lang='lat' dir='ltr'>Erotianus</span> <span class='ocrx_word' id='word_1_193' title='bbox 653 2222 724 2270; x_wconf 90' lang='lat'>74,</span> <span class='ocrx_word' id='word_1_194' title='bbox 759 2222 810 2258; x_wconf 92' lang='lat'>11</span> <span class='ocrx_word' id='word_1_195' title='bbox 859 2221 987 2258; x_wconf 84' lang='lat' dir='ltr'>Klein.</span> <span class='ocrx_word' id='word_1_196' title='bbox 1031 2216 1250 2271; x_wconf 81' lang='grc' dir='ltr'><strong><em>ἡδύσμασι·</em></strong></span> <span class='ocrx_word' id='word_1_197' title='bbox 1293 2223 1374 2267; x_wconf 87' lang='grc' dir='ltr'><strong><em>τοῖς</em></strong></span> <span class='ocrx_word' id='word_1_198' title='bbox 1411 2222 1574 2272; x_wconf 83' lang='grc' dir='ltr'><strong><em>χλωροῖς</em></strong></span> <span class='ocrx_word' id='word_1_199' title='bbox 1616 2218 1682 2258; x_wconf 83' lang='grc' dir='ltr'>καὶ</span> <span class='ocrx_word' id='word_1_200' title='bbox 1719 2220 1852 2272; x_wconf 82' lang='grc' dir='ltr'><strong><em>ξηροῖς</em></strong></span> 
     </span>
     <span class='ocr_line' id='line_1_29' title="bbox 281 2275 1850 2336; baseline 0.002 -20"><span class='ocrx_word' id='word_1_201' title='bbox 281 2276 510 2329; x_wconf 81' lang='grc' dir='ltr'><strong><em>ἀρτύμασιν.</em></strong></span> <span class='ocrx_word' id='word_1_202' title='bbox 567 2275 717 2329; x_wconf 80' lang='grc' dir='ltr'><strong><em>Ἀττικὴ</em></strong></span> <span class='ocrx_word' id='word_1_203' title='bbox 760 2276 801 2317; x_wconf 82' lang='grc' dir='ltr'>δὲ</span> <span class='ocrx_word' id='word_1_204' title='bbox 843 2276 867 2329; x_wconf 78' lang='grc' dir='ltr'>ἡ</span> <span class='ocrx_word' id='word_1_205' title='bbox 909 2277 1007 2326; x_wconf 75' lang='grc' dir='ltr'><strong><em>λέξις</em></strong></span> <span class='ocrx_word' id='word_1_206' title='bbox 1039 2308 1048 2317; x_wconf 93' lang='grc'><strong><em>.</em></strong></span> <span class='ocrx_word' id='word_1_207' title='bbox 1081 2309 1090 2317; x_wconf 92' lang='grc'><strong><em>.</em></strong></span> <span class='ocrx_word' id='word_1_208' title='bbox 1123 2309 1132 2318; x_wconf 95' lang='grc'><strong><em>.</em></strong></span> <span class='ocrx_word' id='word_1_209' title='bbox 1165 2277 1407 2332; x_wconf 85' lang='grc' dir='ltr'><strong><em>Μένανδρος</em></strong></span> <span class='ocrx_word' id='word_1_210' title='bbox 1446 2278 1489 2319; x_wconf 81' lang='grc' dir='ltr'><strong><em>ἐν</em></strong></span> <span class='ocrx_word' id='word_1_211' title='bbox 1530 2279 1740 2336; x_wconf 81' lang='grc' dir='ltr'><strong><em>Δαρδάνῳ.</em></strong></span> <span class='ocrx_word' id='word_1_212' title='bbox 1802 2280 1850 2319; x_wconf 86' lang='lat' dir='ltr'>cf.</span> 
     </span>
     <span class='ocr_line' id='line_1_30' title="bbox 282 2337 555 2387; baseline 0.008 -13"><span class='ocrx_word' id='word_1_213' title='bbox 282 2337 424 2387; x_wconf 87' lang='lat' dir='ltr'>Eupol.</span> <span class='ocrx_word' id='word_1_214' title='bbox 459 2339 555 2376; x_wconf 85' lang='lat'>145.</span> 
     </span>
    </p>

    <p class='ocr_par' dir='ltr' id='par_1_13' title="bbox 399 2397 903 2437">
     <span class='ocr_line' id='line_1_31' title="bbox 399 2397 903 2437; baseline 0.006 -3"><span class='ocrx_word' id='word_1_215' title='bbox 399 2397 613 2435; x_wconf 84' lang='lat' dir='ltr'>Praeterea</span> <span class='ocrx_word' id='word_1_216' title='bbox 644 2399 693 2436; x_wconf 89' lang='lat' dir='ltr'>cf.</span> <span class='ocrx_word' id='word_1_217' title='bbox 724 2398 772 2436; x_wconf 84' lang='lat' dir='ltr'>fr.</span> <span class='ocrx_word' id='word_1_218' title='bbox 807 2399 903 2437; x_wconf 87' lang='lat'>354.</span> 
     </span>
    </p>
   </div>
   <div class='ocr_carea' id='block_1_13' title="bbox 903 2501 1223 2535">
    <p class='ocr_par' dir='ltr' id='par_1_14' title="bbox 903 2501 1223 2535">
     <span class='ocr_line' id='line_1_32' title="bbox 903 2501 1223 2535; baseline 0.006 -2"><span class='ocrx_word' id='word_1_219' title='bbox 903 2501 1223 2535; x_wconf 73' lang='grc' dir='ltr'><strong>ΔΕΙΣΙΔΑΙΜῼΝ</strong></span> 
     </span>
    </p>
   </div>
   <div class='ocr_carea' id='block_1_14' title="bbox 281 2573 1851 2864">
    <p class='ocr_par' dir='ltr' id='par_1_15' title="bbox 281 2573 1851 2864">
     <span class='ocr_line' id='line_1_33' title="bbox 400 2573 1851 2628; baseline 0.001 -16"><span class='ocrx_word' id='word_1_220' title='bbox 400 2575 594 2626; x_wconf 87' lang='lat' dir='ltr'>Porphyr.</span> <span class='ocrx_word' id='word_1_221' title='bbox 627 2576 772 2615; x_wconf 82' lang='lat' dir='ltr'>Euseb.</span> <span class='ocrx_word' id='word_1_222' title='bbox 803 2577 945 2626; x_wconf 89' lang='lat' dir='ltr'>Praep.</span> <span class='ocrx_word' id='word_1_223' title='bbox 977 2589 1036 2616; x_wconf 89' lang='lat' dir='ltr'>ev.</span> <span class='ocrx_word' id='word_1_224' title='bbox 1072 2578 1144 2626; x_wconf 92' lang='lat'>10,</span> <span class='ocrx_word' id='word_1_225' title='bbox 1179 2579 1220 2625; x_wconf 84' lang='lat'>3,</span> <span class='ocrx_word' id='word_1_226' title='bbox 1258 2579 1309 2616; x_wconf 86' lang='lat'>13</span> <span class='ocrx_word' id='word_1_227' title='bbox 1351 2576 1555 2623; x_wconf 83' lang='grc' dir='ltr'><strong><em>Καικίλιος</em></strong></span> <span class='ocrx_word' id='word_1_228' title='bbox 1593 2575 1645 2623; x_wconf 79' lang='grc' dir='ltr'>ὥς</span> <span class='ocrx_word' id='word_1_229' title='bbox 1682 2590 1717 2615; x_wconf 90' lang='grc' dir='ltr'>τι</span> <span class='ocrx_word' id='word_1_230' title='bbox 1753 2573 1851 2628; x_wconf 81' lang='grc' dir='ltr'><strong><em>μέγα</em></strong></span> 
     </span>
     <span class='ocr_line' id='line_1_34' title="bbox 281 2632 1850 2688; baseline 0.001 -17"><span class='ocrx_word' id='word_1_231' title='bbox 281 2632 525 2684; x_wconf 84' lang='grc' dir='ltr'><strong><em>πεφωρακὼς</em></strong></span> <span class='ocrx_word' id='word_1_232' title='bbox 558 2634 649 2673; x_wconf 80' lang='grc' dir='ltr'><strong><em>ὅλον</em></strong></span> <span class='ocrx_word' id='word_1_233' title='bbox 676 2635 804 2687; x_wconf 85' lang='grc' dir='ltr'><strong><em>δρᾶμα</em></strong></span> <span class='ocrx_word' id='word_1_234' title='bbox 830 2634 868 2683; x_wconf 79' lang='grc' dir='ltr'>ἐξ</span> <span class='ocrx_word' id='word_1_235' title='bbox 894 2635 1015 2688; x_wconf 78' lang='grc' dir='ltr'><strong><em>ἀρχῆς</em></strong></span> <span class='ocrx_word' id='word_1_236' title='bbox 1041 2635 1096 2682; x_wconf 83' lang='grc' dir='ltr'>εἰς</span> <span class='ocrx_word' id='word_1_237' title='bbox 1121 2634 1227 2683; x_wconf 86' lang='grc' dir='ltr'><strong><em>τέλος</em></strong></span> <span class='ocrx_word' id='word_1_238' title='bbox 1248 2633 1510 2686; x_wconf 83' lang='grc' dir='ltr'><strong><em>Ἀντιφάνους</em></strong></span> <span class='ocrx_word' id='word_1_239' title='bbox 1534 2634 1603 2674; x_wconf 91' lang='grc' dir='ltr'><strong><em>τὸν</em></strong></span> <span class='ocrx_word' id='word_1_240' title='bbox 1628 2633 1850 2685; x_wconf 81' lang='grc' dir='ltr'><strong><em>Οἰωνιστὴν</em></strong></span> 
     </span>
     <span class='ocr_line' id='line_1_35' title="bbox 283 2693 1849 2747; baseline 0.002 -17"><span class='ocrx_word' id='word_1_241' title='bbox 283 2693 528 2744; x_wconf 80' lang='grc' dir='ltr'><strong><em>μεταγράψαι</em></strong></span> <span class='ocrx_word' id='word_1_242' title='bbox 560 2693 659 2745; x_wconf 80' lang='grc' dir='ltr'><strong><em>φησὶ</em></strong></span> <span class='ocrx_word' id='word_1_243' title='bbox 689 2693 756 2734; x_wconf 92' lang='grc' dir='ltr'><strong><em>τὸν</em></strong></span> <span class='ocrx_word' id='word_1_244' title='bbox 789 2693 1035 2747; x_wconf 85' lang='grc' dir='ltr'><strong><em>Μένανδρον</em></strong></span> <span class='ocrx_word' id='word_1_245' title='bbox 1067 2695 1121 2742; x_wconf 82' lang='grc' dir='ltr'>εἰς</span> <span class='ocrx_word' id='word_1_246' title='bbox 1146 2693 1214 2734; x_wconf 80' lang='grc' dir='ltr'><strong><em>τὸν</em></strong></span> <span class='ocrx_word' id='word_1_247' title='bbox 1246 2695 1541 2746; x_wconf 87' lang='grc' dir='ltr'><strong><em>Δεισιδαίμονα.</em></strong></span> <span class='ocrx_word' id='word_1_248' title='bbox 1602 2708 1682 2746; x_wconf 86' lang='lat' dir='ltr'>qua</span> <span class='ocrx_word' id='word_1_249' title='bbox 1722 2695 1769 2733; x_wconf 85' lang='lat' dir='ltr'>de</span> <span class='ocrx_word' id='word_1_250' title='bbox 1807 2707 1849 2733; x_wconf 83' lang='lat' dir='ltr'>re</span> 
     </span>
     <span class='ocr_line' id='line_1_36' title="bbox 282 2752 1848 2806; baseline 0.001 -17"><span class='ocrx_word' id='word_1_251' title='bbox 282 2752 467 2790; x_wconf 87' lang='lat' dir='ltr'>dixerunt</span> <span class='ocrx_word' id='word_1_252' title='bbox 500 2754 617 2792; x_wconf 91' lang='lat' dir='ltr'>Mein.</span> <span class='ocrx_word' id='word_1_253' title='bbox 649 2755 667 2792; x_wconf 97' lang='lat' dir='ltr'>I</span> <span class='ocrx_word' id='word_1_254' title='bbox 701 2756 768 2794; x_wconf 81' lang='lat'>32.</span> <span class='ocrx_word' id='word_1_255' title='bbox 802 2757 899 2794; x_wconf 86' lang='lat'>338.</span> <span class='ocrx_word' id='word_1_256' title='bbox 944 2755 1079 2794; x_wconf 80' lang='lat' dir='ltr'>Cobet.</span> <span class='ocrx_word' id='word_1_257' title='bbox 1109 2755 1211 2793; x_wconf 83' lang='lat' dir='ltr'>Plat.</span> <span class='ocrx_word' id='word_1_258' title='bbox 1245 2757 1312 2794; x_wconf 90' lang='lat'>77.</span> <span class='ocrx_word' id='word_1_259' title='bbox 1346 2757 1384 2794; x_wconf 87' lang='lat'>8.</span> <span class='ocrx_word' id='word_1_260' title='bbox 1428 2756 1478 2794; x_wconf 85' lang='lat' dir='ltr'>cf.</span> <span class='ocrx_word' id='word_1_261' title='bbox 1509 2767 1610 2806; x_wconf 85' lang='lat' dir='ltr'>quae</span> <span class='ocrx_word' id='word_1_262' title='bbox 1649 2754 1699 2792; x_wconf 87' lang='lat' dir='ltr'>ad</span> <span class='ocrx_word' id='word_1_263' title='bbox 1730 2753 1848 2792; x_wconf 91' lang='lat' dir='ltr'>Anti-</span> 
     </span>
     <span class='ocr_line' id='line_1_37' title="bbox 281 2811 1849 2864; baseline 0.001 -16"><span class='ocrx_word' id='word_1_264' title='bbox 281 2811 422 2860; x_wconf 84' lang='lat' dir='ltr'>phanis</span> <span class='ocrx_word' id='word_1_265' title='bbox 466 2811 685 2864; x_wconf 81' lang='grc' dir='ltr'><strong><em>Οἰωνιστὴν</em></strong></span> <span class='ocrx_word' id='word_1_266' title='bbox 724 2815 1014 2855; x_wconf 77' lang='lat' dir='ltr'>adnotavimus.</span> <span class='ocrx_word' id='word_1_267' title='bbox 1069 2814 1199 2852; x_wconf 87' lang='lat' dir='ltr'>multa</span> <span class='ocrx_word' id='word_1_268' title='bbox 1236 2827 1282 2852; x_wconf 84' lang='lat' dir='ltr'>ex</span> <span class='ocrx_word' id='word_1_269' title='bbox 1313 2814 1556 2853; x_wconf 79' lang='lat' dir='ltr'>Menandrea</span> <span class='ocrx_word' id='word_1_270' title='bbox 1589 2813 1728 2853; x_wconf 84' lang='lat' dir='ltr'>fabula</span> <span class='ocrx_word' id='word_1_271' title='bbox 1758 2813 1849 2850; x_wconf 92' lang='lat' dir='ltr'>Plu-</span> 
     </span>
    </p>
   </div>
   <div class='ocr_carea' id='block_1_15' title="bbox 281 2871 1849 2983">
    <p class='ocr_par' dir='ltr' id='par_1_16' title="bbox 281 2871 1849 2983">
     <span class='ocr_line' id='line_1_38' title="bbox 282 2871 1849 2923; baseline 0.001 -15"><span class='ocrx_word' id='word_1_272' title='bbox 282 2871 465 2909; x_wconf 84' lang='lat' dir='ltr'>tarchum</span> <span class='ocrx_word' id='word_1_273' title='bbox 502 2874 758 2912; x_wconf 83' lang='lat' dir='ltr'>transtulisse</span> <span class='ocrx_word' id='word_1_274' title='bbox 798 2874 840 2912; x_wconf 90' lang='lat' dir='ltr'>in</span> <span class='ocrx_word' id='word_1_275' title='bbox 885 2887 1002 2913; x_wconf 88' lang='lat' dir='ltr'>suum</span> <span class='ocrx_word' id='word_1_276' title='bbox 1039 2873 1097 2911; x_wconf 88' lang='lat' dir='ltr'>De</span> <span class='ocrx_word' id='word_1_277' title='bbox 1143 2873 1426 2923; x_wconf 85' lang='lat' dir='ltr'>superstitione</span> <span class='ocrx_word' id='word_1_278' title='bbox 1469 2873 1650 2911; x_wconf 85' lang='lat' dir='ltr'>libellum</span> <span class='ocrx_word' id='word_1_279' title='bbox 1695 2872 1849 2911; x_wconf 90' lang='lat' dir='ltr'>monuit</span> 
     </span>
     <span class='ocr_line' id='line_1_39' title="bbox 281 2929 1138 2983; baseline 0.005 -16"><span class='ocrx_word' id='word_1_280' title='bbox 281 2929 513 2969; x_wconf 84' lang='lat' dir='ltr'>Meinekius.</span> <span class='ocrx_word' id='word_1_281' title='bbox 557 2933 605 2970; x_wconf 86' lang='lat' dir='ltr'>cf.</span> <span class='ocrx_word' id='word_1_282' title='bbox 640 2932 817 2983; x_wconf 85' lang='lat' dir='ltr'>Alciphr.</span> <span class='ocrx_word' id='word_1_283' title='bbox 850 2934 923 2983; x_wconf 80' lang='lat' dir='ltr'>Ep.</span> <span class='ocrx_word' id='word_1_284' title='bbox 957 2936 993 2981; x_wconf 82' lang='lat'>2,</span> <span class='ocrx_word' id='word_1_285' title='bbox 1028 2934 1066 2981; x_wconf 87' lang='lat'>4,</span> <span class='ocrx_word' id='word_1_286' title='bbox 1102 2934 1138 2970; x_wconf 84' lang='grc'><strong><em>6.</em></strong></span> 
     </span>
    </p>
   </div>
  </div>
 </body>
</html>
