2014 3334
229 241 317 283 442
625 273 628 278 ,
876 240 1135 274 ΑΔΕΣΠΟΤΑ

845 384 939 427 173.
976 384 1070 427 174.
1106 383 1190 426 175

1142 467 1369 523 βακτηρία,

443 541 623 596 τρίβων,
654 541 782 595 κόμη,
813 538 1084 581 τούντεῦθεν
1116 537 1300 593 ἀμαθία,
1331 538 1501 594 θράσος

444 609 516 652 καὶ
549 606 687 653 πάνθ’
723 610 869 661 ἁπλῶς
900 610 954 652 τὰ
985 615 1179 652 τοιαῦτα.

349 698 529 737 Iulianus
564 701 601 748 7,
633 698 751 736 225b
796 694 890 736 οὐδὲ
929 695 1003 749 γὰρ
1044 694 1086 735 ἐν
1126 696 1316 751 παροιμία
1354 693 1663 751 περιφερόμενον
1703 691 1797 732 αὐτὸ

230 756 494 811 γιγνώσκουσι
523 755 565 796 τὸ
591 755 648 796 ὅτι
679 755 820 809 βότρυς
851 755 949 808 πρὸς
980 755 1125 809 βότρυν
1155 755 1393 795 πεπαίνεται.
1441 752 1614 806 ὁρμῶσιν
1644 751 1707 792 ἐπὶ
1731 751 1799 792 τὸν

230 816 435 868 κυνισμόν.
484 817 521 868 β.
552 838 611 843 -
641 814 683 855 τὸ
721 814 794 855 ε’ντ.
826 837 884 843 ——
921 815 1092 867 θράσος,
1133 814 1314 866 ἰταμότης
1350 812 1416 853 καὶ
1451 813 1581 852 πάντα
1610 815 1701 851 κτλ..
1748 812 1798 851 cf.

231 878 364 927 adesp.
398 878 493 916 239.
527 876 649 915 etiam
679 875 934 926 proverbium
975 874 1147 927 βότρυς
1189 869 1323 928 (γὰρ)
1361 871 1475 924 πρὸς
1511 871 1688 924 βότρυν
1718 884 1798 910 πε-

230 936 454 975 παίνεται
485 949 534 974 ex
564 936 769 974 comoedia
793 937 1034 985 excerptum.
1077 947 1207 985 neque
1239 934 1371 972 minus
1396 932 1558 971 Lucian.
1579 931 1650 970 Bis
1670 943 1749 970 acc.
1771 932 1796 969 8

232 994 459 1047 ἁπανταχοῦ
487 990 493 1047 Ι
520 993 666 1047 πώγων
692 993 826 1047 βαθὺς
857 992 923 1032 καὶ
953 993 1120 1045 βυβλίον
1152 992 1194 1032 ἓν
1224 991 1434 1047 τάριστερᾷ.

978 1133 1062 1176 176

1014 1217 1093 1259 τὸν
1123 1215 1438 1272 θρυλούμενον

517 1289 637 1331 ἁλῶν
668 1287 882 1344 μέδιμνον
914 1286 1304 1343 συγκατεδηδοκὼς
1334 1287 1479 1344 χρόνῳ

517 1363 626 1403 ἔστω
659 1362 790 1415 φίλος
822 1371 904 1403 σοι.

353 1449 592 1487 Plubarchus
623 1447 721 1487 Mor.
757 1449 843 1487 94a
885 1445 952 1486 τὸν
989 1450 1056 1499 θρ.
1092 1444 1245 1486 ἐκεῖνον
1283 1459 1337 1497 χρ.
1369 1448 1448 1483 τῶν
1484 1441 1541 1482 ἆλ.
1575 1453 1682 1495 συγκ.
1716 1439 1799 1493 μέδ.

233 1503 367 1561 (φίλος
398 1503 526 1560 ἔστω).

981 1586 1062 1628 177

1046 1667 1127 1710 οὐκ
1159 1669 1250 1710 ἔστι
1280 1668 1364 1723 γὰρ

519 1742 576 1797 μὴ
609 1741 948 1784 συναδικεῖσθαι
979 1737 1089 1795 μηδὲ
1121 1737 1383 1790 συναδοξεῖν
1415 1739 1549 1793 φίλον

520 1810 630 1868 μηδὲ
661 1808 1062 1867 συναπεχθάνεσθ’.

353 1900 593 1939 Plubarchus
630 1900 729 1938 Mor.
764 1901 818 1938 96
829 1900 884 1938 ab
929 1897 1085 1950 ἐπείπερ
1129 1896 1203 1937 οὐκ
1245 1895 1325 1936 ἔστι
1367 1897 1484 1948 φίλον
1527 1895 1580 1948 μὴ
1623 1895 1800 1939 συναδικ.

236 1957 333 2011 μηδὲ
366 1959 550 2007 συναδοξ.
582 1956 682 2011 μηδὲ
713 1957 1100 2010 συναπεχθάνεσθαι.

975 2087 1058 2129 178

667 2204 675 2212 .
737 2169 940 2226 ἁρμόττει
970 2169 1054 2224 γὰρ
1085 2167 1112 2222 ἡ
1145 2168 1374 2224 μαγειρικὴ

522 2240 615 2284 ἀλλ’
654 2238 759 2284 οὐδὲ
790 2247 882 2291 τοῖς
911 2245 1096 2296 τυχοῦσι
1125 2246 1214 2282 τῶν
1246 2237 1508 2295 ἐλευθέρων.

357 2329 586 2368 Athenaeus
622 2330 688 2379 14,
721 2330 802 2367 661
814 2328 867 2367 dc
900 2326 942 2366 οἵ
967 2325 1014 2366 τὰ
1050 2323 1310 2378 Ὀψαρτυτικὰ
1354 2323 1649 2378 συγγράψαντες
1683 2319 1801 2375 (Ηρα-

237 2389 392 2439 κλείδης
422 2403 461 2428 τε
492 2386 556 2427 καὶ
575 2389 756 2434 Γλαῦκος
787 2385 808 2426 ὃ
827 2385 986 2439 Λοκρὸς
1017 2384 1089 2438 οὐχ
1119 2383 1322 2438 ἁρμόττειν
1343 2383 1442 2436 φασὶ
1469 2382 1541 2435 τὴν
1571 2381 1803 2436 μαγειρικὴν
1855 2402 1862 2406 ·

238 2451 316 2487 κτλ.
379 2449 609 2487 trimetrum
639 2447 870 2486 Dindorfius
902 2446 1079 2498 agnovit.
1128 2445 1280 2484 scilicet)
1304 2444 1534 2483 Heraclides
1566 2445 1607 2482 ct
1626 2443 1801 2482 Glaucus

239 2509 316 2558 ipsi
348 2508 429 2546 iam
454 2508 679 2547 comoediae
704 2520 843 2546 versus
875 2507 1030 2557 aliquot
1061 2505 1292 2544 attulerant.
1342 2516 1488 2555 coquos
1514 2502 1629 2542 inilzio
1654 2503 1801 2541 liberos

238 2567 375 2618 fuisse,
406 2581 484 2606 non
516 2580 651 2606 servos
683 2566 780 2606 satis
811 2567 978 2606 constat.

987 2693 1066 2735 179

847 2775 917 2834 (αἱ
943 2772 1203 2832 παροψίδες)

667 2883 676 2892 .
738 2848 984 2891 ἐντίκτουσι
1013 2836 1212 2896 ποικίλας
1243 2847 1423 2901 βλάβας,

525 2920 758 2976 στομάχων
790 2919 1051 2975 ἀνατροπάς,
1083 2917 1296 2974 σωμάτων
1326 2916 1534 2973 καχεξίας.
