2014 3334
600 267 925 302 ΔΗΜΙΟΤΡΓΟΣ
955 289 996 293 -
1023 269 1105 302 ΔΙΣ
1131 266 1401 306 ΕΞΑῙῙΑΤΩΝ
1733 269 1792 311 35

898 412 1105 451 ΔΙΔΤΜΑΙ

892 487 990 529 117.
1027 488 1109 530 118

424 560 826 616 συμπεριπατήσεις
856 559 942 616 γὰρ
973 558 1154 615 τρίβων’
1192 559 1340 617 ἔχουσ’
1378 560 1494 617 ἐμοί,

424 631 572 688 ὥσπερ
604 630 804 687 Κράτητι
834 636 896 690 τῷ
929 637 1096 690 κυνικῷ
1129 627 1238 674 ποθ’
1273 631 1300 687 ἡ
1334 633 1464 688 γυνή.

425 761 499 806 καὶ
530 759 744 820 θυγατέρ’
781 759 957 815 ἐξέδωκ’
994 763 1182 819 ἐκεῖνος,
1215 764 1275 815 ὡς
1306 765 1391 820 ἔφη

423 835 576 890 αὐτός,
610 834 682 878 ἐπὶ
713 837 845 893 πείρᾳ
877 837 987 887 δοὺς
1017 834 1252 893 τριάκονθ’
1288 835 1466 893 ἡμέρας.

327 921 530 973 Diogenes
561 922 696 962 Laert.
719 925 757 974 6,
791 925 844 963 93
879 920 1072 975 μέμνηται
1104 921 1229 963 αὐτοῦ
1262 917 1504 979 (Κράτητος)
1535 923 1603 964 καὶ
1627 923 1790 965 Μέναν-

207 981 302 1035 δρος
328 980 371 1021 έν
397 981 597 1034 Διδύμαις
629 975 864 1030 οὕτως’κτλ.
907 984 963 1023 sic
994 985 1038 1023 in
1057 983 1252 1035 Diogenis
1285 985 1345 1023 ed.
1367 984 1504 1024 Cobet.
1527 980 1596 1039 (cf.
1616 987 1795 1026 eiusdem

207 1042 257 1083 N.
288 1038 431 1097 1212),
463 1042 543 1082 nisi
574 1043 682 1093 quod
714 1043 845 1088 levius
877 1044 1169 1097 intel-pungens
1201 1046 1294 1095 post
1325 1043 1428 1098 γυνή
1461 1045 1503 1083 in
1533 1059 1661 1085 unum
1685 1047 1796 1096 haec,

208 1102 397 1142 Grotium
429 1105 605 1155 secutus,
636 1104 912 1155 fragmentum
944 1105 1164 1144 coniunxit.

890 1234 987 1277 119.
1023 1234 1110 1277 120

496 1318 645 1373 ὄρνεις
677 1315 830 1387 φέρων
863 1316 1075 1373 ἐλήλυθα.

496 1390 687 1446 ὄρνιθας
718 1387 991 1433 ἀποστέλλει.

327 1475 561 1516 Athenaeus
596 1479 633 1527 9,
667 1465 794 1517 3'73d
837 1474 1083 1531 Μένανδρος
1114 1476 1314 1530 Διδύμαις
1350 1472 1419 1533 (fr.
1455 1475 1560 1533 119)
1602 1476 1669 1518 καὶ
1706 1476 1795 1531 ἑξῆς

208 1530 277 1590 (fr.
301 1532 417 1589 120).
472 1538 555 1577 119
590 1534 698 1590 ὄρνις
728 1538 848 1577 Mein.
869 1538 988 1578 Anal.
1009 1538 1106 1578 Ath.
1129 1540 1227 1578 164.
1260 1538 1463 1591 διδνμίαις
1499 1541 1544 1578 A.
1587 1541 1794 1590 postrema

206 1609 255 1637 ex
286 1597 516 1648 anapaestis
548 1600 738 1648 excerpta
770 1610 856 1638 esse
888 1597 1037 1638 donicit
1067 1598 1188 1639 Mein.

359 1775 361 1777 v
959 1717 1038 1757 121

326 1801 596 1852 Harpocratio
630 1803 727 1853 127,
761 1804 784 1842 9
819 1800 1064 1855 Μένανδρος
1096 1800 1139 1842 ἐν
1164 1801 1364 1854 Διδύμαις
1394 1801 1493 1855 πρὸς
1523 1805 1608 1850 ταῖς
1639 1800 1794 1842 δώδεκα

208 1860 400 1914 δραχμαῖς
436 1859 504 1901 καὶ
540 1861 759 1915 τριώβολόν
799 1874 901 1915 φησι
937 1861 1104 1910 τούτους
1136 1857 1250 1918 (τοὺς
1280 1857 1507 1917 μετοίκους)
1545 1864 1681 1904 τελεῖν.
1743 1864 1793 1903 cf.
1871 1900 1873 1904 .

207 1922 255 1961 fr.
289 1923 359 1962 35.

963 2005 1045 2047 122

327 2089 568 2140 Harpocrat.
603 2091 701 2140 156,
736 2091 788 2130 17
835 2088 1024 2142 Ποταμὸς
1056 2090 1183 2143 δῆμος
1219 2095 1289 2143 τῆς
1320 2090 1554 2141 Λεοντίδος,
1586 2085 1635 2130 οὗ
1668 2087 1689 2130 ὁ
1722 2090 1792 2142 δη-

207 2148 328 2201 μότης
359 2149 575 2201 Ποτάμιος.
625 2148 912 2207 έκωμῳδοῦντο
946 2148 988 2190 δὲ
1021 2148 1074 2198 ὡς
1106 2149 1253 2207 ῥᾳδίως
1285 2149 1489 2203 δεχόμενοι
1524 2149 1617 2198 τοὺς
1648 2164 1794 2204 παρεγ-

208 2206 507 2263 γράπτουςγὼς
539 2207 650 2250 ἄλλοι
680 2223 719 2250 τε
751 2210 918 2262 δηλοῦσι
949 2209 1015 2250 καὶ
1046 2209 1292 2265 Μένανδρος
1324 2209 1367 2250 έν
1397 2210 1609 2263 Διδύμαις.

812 2327 893 2360 ΔΙΣ
919 2327 1189 2365 ΕΞΑΠΑΤΩΝ

327 2401 359 2443 Ι.
391 2415 423 2442 e.
457 2414 598 2442 servus
630 2402 837 2442 dominum
874 2403 936 2443 bis
970 2403 1111 2443 eodem
1143 2404 1206 2443 die
1240 2403 1455 2454 decipiens.
1516 2402 1692 2442 Martial.
1726 2403 1793 2453 14,

209 2464 295 2501 214
328 2462 450 2501 Pueri
481 2464 658 2502 comoedi.
719 2475 799 2502 non
830 2465 904 2503 erit
938 2465 982 2503 in
1013 2466 1129 2504 turba
1160 2466 1366 2514 quisquam
1403 2461 1666 2513 Μισούμενος
1697 2464 1794 2501 ista:

206 2523 274 2562 sed
296 2524 441 2571 poterit
471 2524 598 2571 quivis
629 2535 708 2563 esse
727 2521 802 2570 Δὶς
833 2521 1048 2571 ἐξαπατῶν.
1093 2537 1140 2563 ex
1167 2524 1242 2563 hac
1261 2524 1401 2563 fabula
1420 2524 1637 2562 Bacchides
1657 2522 1793 2561 Plauti

208 2594 438 2633 expressam
476 2595 562 2621 esse
600 2582 896 2623 demonstravit
932 2584 1105 2624 Ritschl.
1142 2585 1305 2636 Parerg.
1345 2584 1445 2622 405.
1511 2583 1561 2622 cf.
1598 2582 1792 2621 Fritzsch.

208 2641 378 2688 Advers.
409 2642 430 2681 Ι
461 2638 594 2696 (Rost.
629 2638 762 2696 1870)
798 2645 866 2683 10.
901 2645 968 2684 11.

963 2760 1047 2802 123

1071 2831 1369 2885 βουληφόρως

423 2901 506 2957 τὴν
535 2901 768 2960 ἡμετέραν,
801 2899 836 2946 ὦ
868 2900 1041 2958 Δημέα,
1072 2900 1397 2959 προκατέλαβες

425 2973 598 3030 ὅρασιν.
