2014 3334
252 267 308 312 36
617 309 620 314 A
885 267 1182 304 MENANAPOT

371 383 609 432 Fulgentius
635 382 803 432 Mythol.
826 383 864 432 3,
894 384 915 420 1
943 396 981 432 p.
1004 383 1087 421 199
1133 381 1352 420 Menander
1382 412 1392 422 .
1412 411 1422 421 .
1453 383 1495 421 in
1519 382 1823 432 Disexapatonte

253 444 443 481 comoedia
474 445 529 481 ita
562 442 620 481 ait
650 444 724 480 κτλ.
769 443 811 480 id
842 445 913 480 est:
951 442 1170 480 consiliarie
1199 444 1391 486 nostram,
1423 442 1588 486 Demea,
1612 455 1822 491 praeoccu-

244 504 392 550 pavistc'
422 503 613 540 vis-ionem.
666 497 886 549 ‘prudentia
918 504 985 540 tua
1017 502 1243 539 antevenis&
1273 502 1399 539 visam
1430 505 1623 540 nostrum:
1654 502 1820 541 oonsilio

251 563 322 600 tuo
354 562 564 612 effugimus
596 561 702 599 mala
739 560 991 608 inminenffia,
1030 560 1267 611 priusquam
1298 557 1546 600 viderimus’.
1606 561 1738 600 Bentl.
1771 562 1820 600 cf.

251 620 416 659 Bitschl.
449 619 521 671 Op.
554 621 595 659 II
629 622 726 660 342.
759 622 797 659 3.

989 712 1074 753 124

536 793 631 850 ἐμοὶ
662 794 880 850 παράστα·
917 794 999 849 τὴν
1029 794 1181 850 θύραν
1212 795 1354 845 κόψας
1385 793 1470 849 ἐγὼ

533 869 651 908 καλῶ
683 864 767 908 τιν’
805 865 964 908 αὐτῶν.

367 954 536 992 Bekker.
557 953 823 1003 Aneed.436,
854 955 906 991 14
934 955 974 991 et
994 953 1137 991 Suidas
1171 950 1332 991 ἀπόστα.
1383 951 1432 991 οὐ
1464 951 1590 1004 μόνον
1621 951 1820 1011 ἄπόστηθι

249 1010 448 1065 λέγουσιν,
487 1011 583 1052 ἀλλὰ
613 1011 680 1051 καὶ
710 1011 860 1051 ἀπόστα
892 1042 901 1051 .
921 1009 1235 1063 ..Μένανδρος
1266 1010 1340 1059 Δὶς
1372 1011 1610 1059 ἐξαπατῶντι
1640 1015 1717 1052 κτλ.
1781 1016 1819 1053 2.

248 1075 375 1120 καλῶς
405 1069 478 1111 τιν’
514 1071 635 1111 αὐτόν
667 1073 751 1111 cod.
782 1072 908 1111 Bekk.
942 1094 996 1099 —-
1031 1073 1079 1111 cf.
1111 1073 1160 1110 fr.
1195 1074 1292 1111 170.

989 1188 1074 1230 125

533 1271 585 1314 ὃν
617 1272 663 1314 οἱ
690 1270 794 1314 θεοὶ
825 1274 1038 1327 φιλοῦσιν
1071 1267 1347 1326 ἀποθνῄσκει
1378 1270 1489 1321 νέος.

374 1359 568 1398 Stobaeus
612 1359 750 1398 Floril.
790 1360 891 1409 120,
944 1359 968 1396 8
1031 1356 1279 1408 Μενάνδρου
1329 1355 1403 1404 Δὶς
1452 1356 1718 1405 ἐξαπατῶντος
1767 1358 1817 1398 Α.

248 1419 487 1458 Plutarchus
518 1419 615 1457 Mor.
652 1420 769 1457 119e
814 1415 1168 1469 προσμαρτυρήσας
1205 1418 1257 1471 τῷ
1295 1418 1422 1463 καλῶς
1457 1415 1536 1456 ὑπὸ
1567 1417 1815 1470 Μενάνδρου

248 1476 409 1530 ῥηθέντι
447 1477 570 1533 τούτῳ
602 1480 679 1516 κτλ.
742 1477 924 1516 Clemens
957 1475 1074 1515 Alex.
1108 1476 1187 1515 Str.
1221 1478 1264 1527 6,
1299 1477 1342 1524 2,
1377 1479 1429 1515 17
1475 1475 1718 1529 Μένανδρος
1748 1491 1816 1517 πε-

247 1537 412 1588 ποίηκεν
431 1540 508 1576 κτλ.
559 1537 687 1576 Schol.
701 1538 816 1576 Hom.
838 1537 979 1587 Odyss.
1003 1538 1069 1585 15,
1092 1538 1188 1575 246.
1238 1535 1425 1574 Eustath.
1447 1539 1574 1586 1781,
1596 1539 1619 1575 2
1647 1535 1814 1576 Μέναν-

248 1597 340 1649 δρος
371 1627 379 1635 .
400 1627 409 1635 .
430 1627 439 1636 .
472 1596 646 1644 δοξάζων
679 1596 878 1648 σύμβολον
903 1598 1122 1646 θεοφιλοῦς
1147 1590 1249 1634 εἶναι
1273 1593 1314 1634 τὸ
1342 1590 1434 1649 (μὴ)
1466 1602 1691 1648 καταγηρᾶν
1717 1608 1816 1648 φησι

246 1659 323 1695 κτλ.
354 1670 458 1696 mon.
491 1658 589 1695 425.
651 1656 819 1695 Plautus
851 1657 994 1695 Bacch.
1027 1657 1072 1707 4,
1107 1658 1143 1706 7,
1179 1656 1232 1694 18
1272 1667 1382 1703 quem
1412 1657 1452 1694 di
1489 1653 1658 1705 diliqant
1685 1653 1690 1708 Ι
1718 1658 1814 1696 acba-

247 1717 387 1756 le'sceozs
417 1718 591 1755 moritur.

993 1796 1074 1837 126

1029 1878 1084 1920 οὐ
1115 1877 1377 1932 Μεγάβυζος
1407 1874 1478 1933 ἧν,

530 1951 650 2000 ὅστις
680 1950 853 2004 γένοιτο
887 1950 1078 2006 ζάκορος.

366 2038 532 2076 Photius
565 2040 605 2076 ei:
637 2037 778 2076 Suidas
810 2036 990 2087 ζάκορος·
1022 2035 1228 2087 νεωκόρος.
1291 2033 1533 2088 Μένανδρος
1563 2034 1637 2083 Δὶς
1668 2034 1811 2083 ἐξαπα-

244 2103 358 2136 τῶντι
389 2100 465 2135 κτλ.
511 2098 558 2136 ef.
578 2097 723 2135 Miller.
742 2097 946 2147 Melanges
973 2097 1068 2135 139.
1126 2096 1257 2134 Plaut.
1279 2096 1425 2134 Bacch.
1446 2097 1482 2146 2,
1511 2097 1549 2146 3,
1578 2098 1631 2134 74
1665 2090 1812 2149 (Theo-

243 2159 366 2195 timus
388 2151 468 2209 est)
488 2157 733 2204 Me'yalobusi
751 2157 873 2204 filias,
893 2157 960 2203 qai
978 2167 1081 2195 nane
1098 2157 1141 2193 in
1152 2155 1343 2203 Ephesost
1360 2155 1542 2204 Ephesiis
1561 2157 1811 2195 carismus.

245 2217 292 2254 de
319 2218 530 2265 Meyabyzo
568 2217 615 2254 cf.
642 2215 790 2254 Cratet.
819 2216 873 2254 33
907 2216 947 2252 et
978 2227 1078 2265 quae
1111 2214 1162 2252 ad
1186 2214 1341 2253 Alexid.
1374 2216 1471 2265 116,
1498 2216 1524 2253 4
1557 2214 1811 2254 adnotanssur.

244 2271 331 2314 aut
363 2276 420 2314 sic
451 2277 581 2314 verto:
625 2276 757 2313 nullas
789 2267 976 2327 (Ephesi)
1009 2274 1247 2322 Meqabyzus
1277 2276 1370 2322 fait,
1411 2276 1477 2323 qui
1507 2275 1686 2313 aedituas
1716 2277 1810 2313 esset

243 2336 412 2378 Dianae,
445 2336 534 2372 aut:
565 2346 644 2372 non
662 2335 899 2382 Meyabyzas
930 2334 1072 2381 aliquis
1096 2334 1183 2381 fait,
1216 2335 1282 2381 qai
1307 2335 1484 2373 aedituas
1501 2334 1660 2372 Dianae
1691 2334 1812 2372 esset?

244 2395 281 2432 h.
302 2406 334 2432 e.
365 2396 413 2432 ut
444 2394 628 2443 arbitror,
660 2395 722 2432 cai
753 2394 968 2431 crederetur
991 2394 1189 2440 pecunia?
1220 2393 1378 2443 quaerit
1410 2393 1517 2443 apud
1546 2393 1811 2431 Menandrum

243 2453 478 2492 Mnesilochi
508 2455 639 2502 pater,
679 2452 783 2502 quod
822 2465 894 2490 sua
926 2454 1066 2501 sponte
1104 2455 1336 2491 narrantem
1368 2451 1609 2502 Chrysalum
1640 2452 1810 2491 Plautus

243 2508 367 2551 fecit'.
411 2512 583 2550 Ritsohl.
615 2512 775 2563 Parerg.
809 2513 906 2559 407,
937 2511 1008 2550 ubi
1040 2511 1088 2550 cf.
1121 2511 1244 2550 etiam
1276 2513 1375 2551 408.

363 2572 576 2610 Praeterea
609 2572 655 2610 ef.
692 2573 789 2610 946.
832 2571 966 2620 adesp.
1000 2571 1095 2610 151.
1130 2573 1166 2609 2.
1403 2585 1405 2587 ·

889 2697 1086 2729 ΔΤΣΚΟΛ
1093 2696 1157 2728 ΟΣ
1177 2691 1183 2695 ’

363 2772 573 2811 Contraria
602 2773 709 2811 inber
740 2785 781 2811 se
801 2772 860 2810 ·de
892 2783 1064 2822 persona
1081 2769 1290 2809 Δυσκόλου
1323 2771 1429 2820 apud
1448 2772 1711 2810 Menandrum
1741 2783 1805 2809 ex-

244 2833 354 2870 sbant
383 2834 563 2871 veterum
594 2832 834 2870 testimonia.
895 2830 1039 2869 Iulian.
1069 2830 1264 2880 Misopog.
1292 2831 1374 2869 349
1392 2843 1411 2868 c
1442 2829 1552 2870 πόλει
1581 2829 1655 2883 γὰρ
1685 2839 1808 2882 προσ-

243 2888 316 2929 ιὼν
353 2888 560 2945 ἐλευθέρᾳ,
602 2889 670 2928 τὸν
708 2889 859 2942 αὐχμὸν
901 2894 979 2928 τῶν
1027 2894 1166 2940 τριχῶν
1210 2886 1284 2927 οὐκ
1321 2887 1556 2944 ἀνεχομένῃ,
1599 2887 1728 2940 ὥσπερ
1767 2888 1810 2928 οἱ

242 2947 420 3002 κουρέων
451 2948 691 3001 ἀποροῦντες
721 2947 887 3001 ἅκαρτος
926 2946 991 2987 καὶ
1023 2945 1283 2999 βαθυγένειος
1319 2946 1561 3000 εἰσέδραμον.
1623 2946 1806 2999 ἐνόμισας
