2014 3334
259 238 315 280 96
812 221 815 223 ’
891 236 1190 271 ΜΕΝΑΝΔΡΟΤ

258 349 466 401 τρίτπυχον
499 344 574 401 (sic
595 348 714 387 Salm.
738 360 810 397 pro
830 343 1049 399 τρίπυλον).
1099 347 1148 385 ef.
1180 346 1314 398 adesp.
1349 349 1445 386 778.
1476 369 1534 374 ·-—
1567 347 1666 387 Poll.
1700 349 1739 399 8,
1771 349 1826 388 39

258 405 283 459 ἡ
317 406 358 447 δὲ
389 407 683 459 παράστασις
714 405 865 458 δραχμη
899 407 965 457 ἡν,
995 403 1048 456 ἣν
1080 403 1101 445 ὁ
1133 404 1291 445 διώκων
1321 405 1428 459 παρὰ
1466 406 1640 461 διαιτητῇ
1671 417 1829 459 προεισ-

260 466 410 518 έφερεν.
469 468 517 506 cf
550 468 725 516 8,127.
790 461 1284 516 Schoemann.Ant.g1-.2
1315 466 1334 504 Ι
1366 468 1462 506 489.
1497 468 1594 506 502.
1650 467 1831 516 loquitur

258 540 358 566 uxor
387 531 458 565 τοῦ
489 525 720 579 μισογύνου.
753 538 798 564 ac
830 526 885 564 sic
917 526 966 563 fr.
1001 526 1098 564 328.

1006 615 1092 657 328

949 700 1118 754 ὄμνυμί
1145 709 1217 741 σοι
1247 699 1326 741 τὸν
1356 698 1498 753 ἥλιον,

545 768 572 826 ἦ
604 772 691 827 μὴν
724 770 924 813 ἀποίσειν
957 780 1027 812 σοι
1058 769 1238 827 γραφὴν
1268 770 1510 820 κακώσεως.

379 859 609 898 Priscianus
640 860 704 906 18,
736 859 817 896 ‘247
851 856 972 896 Attici
1004 853 1151 907 ὄμνυμι
1183 854 1340 903 θεούς.
1403 857 1658 895 ,Μεκακᾶθν
1684 885 1693 894 .
1722 888 1729 896 .
1756 858 1833 896 ,ιη
1897 843 1900 845 Α

261 920 464 968 Misoyyno
488 920 566 957 κτλ.
629 915 807 956 ἀποίσειν
833 916 948 954 VRM
974 910 1199 969 (cf.Cobet.
1228 911 1619 970 Mnem.V11186)]
1651 914 1832 967 ποιήσειν

261 974 382 1032 Ο(Ο).
434 976 604 1016 ἐποίσειν
624 976 845 1015 Markland.
863 976 958 1014 Eur.
976 976 1113 1025 Suppl
1137 977 1263 1014 1192.
1313 973 1520 1026 ἐπιθήσειν
1545 975 1710 1015 Porson.
1728 975 1832 1016 Adv.

263 1040 360 1077 293.
400 1037 558 1076 conficit
595 1049 680 1074 rem
719 1036 1020 1086 Demosth.27,
1055 1037 1106 1073 12
1148 1033 1241 1074 ὅταν
1277 1030 1363 1073 κατ’
1406 1033 1538 1074 αὐτῶν
1578 1033 1646 1082 τὰς
1675 1033 1833 1088 γραφὰς

260 1094 595 1149 ἀπενέγκωμεν
629 1091 745 1146 (πρὸς
763 1093 831 1134 τὸν
851 1066 1052 1148 άρχοντά).
1098 1094 1145 1132 de
1176 1099 1309 1149 γραφῇ
1342 1093 1551 1141 κακώσεως
1571 1094 1829 1134 Schoemann.

263 1156 357 1196 Ant.
387 1151 464 1206 gr.2
496 1156 515 1192 I
548 1157 646 1195 533.
679 1157 718 1193 4.

1006 1246 1091 1288 329

439 1326 572 1386 χαῖρ’,
600 1327 632 1371 ὦ
662 1328 915 1385 Γλυκέριον.
980 1330 1069 1370 ΓΛ.
1100 1326 1173 1370 καὶ
1206 1329 1273 1370 σύ.
1324 1332 1377 1371 A.
1403 1331 1631 1387 πολλοστῷ
1663 1321 1823 1386 χρόνῳ

438 1401 526 1458 ὁρῶ
559 1412 619 1443 σε.

379 1489 607 1527 Priscianus
631 1489 697 1538 18,
719 1489 800 1526 251
835 1486 954 1526 Attica·
977 1485 1055 1542 όσῳ
1081 1485 1219 1547 χρόνῳ.
1252 1483 1494 1537 Μένανδρος
1515 1486 1733 1542 Μισογύνῃ
1753 1489 1831 1526 κτλ.

246 1546 477 1598 ΥΓλυκέριον
502 1546 651 1597 BentL]
683 1544 851 1600 γλυκέρα
883 1546 1048 1586 codices.
1111 1547 1140 1584 ὠ
1167 1549 1273 1597 χαῖρε
1305 1543 1484 1598 Γλυκέρα
1515 1546 1679 1586 Porson.
1729 1542 1829 1598 χαῖρ’

261 1608 291 1645 ὠ
329 1605 507 1659 Γλυκέρα
544 1622 611 1658 μοι
643 1607 829 1658 Spengel.
868 1600 898 1644 ὦ
925 1621 957 1658 χ.
983 1603 1176 1657 Γλυκέρα.
1227 1607 1298 1644 Γλ.
1335 1603 1402 1675 καὶ
1433 1604 1482 1644 σὺ
1513 1602 1638 1644 πόλλ’.
1669 1607 1719 1644 A.
1753 1605 1831 1661 ὅσῳ

260 1666 386 1722 χρόνῳ
425 1667 466 1706 C.
498 1667 542 1707 F.
575 1667 790 1705 Hermann.
822 1666 923 1705 Mus.
955 1666 1029 1704 Rh.
1061 1665 1097 1702 V
1131 1667 1228 1705 614.
1289 1661 1388 1716 χαῖρ’
1431 1659 1462 1703 ὦ
1493 1663 1726 1717 Γλυκέριον.
1759 1667 1832 1705 Γλ.

259 1724 326 1765 καὶ
370 1725 417 1765 σύ
455 1741 509 1779 γε.
541 1728 590 1764 A.
658 1727 858 1780 πολλοστῷ
896 1724 1033 1764 Cobet.
1071 1725 1119 1764 N.
1151 1725 1175 1763 l.
1210 1726 1277 1764 88.
1313 1727 1335 1763 9
1378 1725 1477 1764 conl.
1508 1724 1635 1764 Arist.
1666 1725 1759 1776 Lys.
1794 1727 1832 1766 6.

262 1782 430 1835 lon-qum
455 1790 544 1834 post
569 1781 732 1834 tempus’
736 1815 744 1824 .
795 1766 984 1824 philostr.
1005 1785 1130 1835 Epist.
1154 1786 1222 1835 38,
1245 1785 1328 1823 357
1354 1782 1554 1837 Τιμαγόρα
1577 1782 1644 1824 καὶ
1666 1783 1772 1831 Λαῒς
1792 1813 1801 1823 .
1821 1816 1832 1826 .

262 1844 329 1884 καὶ
360 1844 400 1884 τὸ
433 1845 680 1897 Μενάνδρου
713 1842 944 1897 Γλυκέριον.

1006 1961 1093 2003 330

474 2042 567 2086 ἀλλ’
606 2044 659 2086 οὐ
690 2045 742 2086 τὰ
775 2045 877 2098 βίου
908 2049 1002 2102 νῷν
1037 2047 1142 2093 ἴσως
1174 2043 1245 2085 δεῖ
1273 2043 1521 2099 φροντίσαι.

381 2131 606 2169 Priscianus
643 2133 708 2181 18,
742 2131 824 2169 305
869 2129 990 2169 Attici
1032 2126 1254 2181 “φροντίζει
1298 2125 1433 2168 τῶνδέ
1482 2127 1549 2168 καὶ
1591 2124 1718 2174 ‘tows'
1765 2126 1832 2167 καὶ

255 2186 366 2240 ‘mol
403 2186 553 2228 τῶνδέ.
616 2188 858 2241 Μένανδρος
896 2188 1114 2244 Μισογύνῃ
1150 2192 1228 2228 κτλ.
1268 2185 1344 2228 ἀλλ’
1386 2187 1434 2228 οὐ
1461 2186 1640 2237 Ριιίῑεοίι.]
1674 2188 1838 2226 ΑΛΟΥ

264 2249 388 2287 VML.
426 2246 520 2287 οὐδὲ
547 2250 611 2288 vel
644 2247 730 2300 οὐχὶ
748 2250 865 2288 Mein.
899 2247 947 2287 οὐ
973 2247 1018 2287 τὰ
1050 2248 1182 2300 βιότου
1203 2249 1333 2288 Bentl.
1366 2246 1415 2287 οὐ
1445 2246 1491 2286 τὰ
1527 2247 1663 2299 Τιβίου
1683 2248 1828 2298 Bergk.

262 2321 487 2358 perperam:
520 2322 611 2347 nam
643 2310 773 2358 prima
804 2309 960 2359 syllaba
990 2309 1238 2359 producitur.
1289 2308 1461 2347 Leucon.
1495 2309 1531 2347 3.

1006 2436 1089 2478 331

1043 2519 1260 2574 χλαμύδα,
1291 2519 1496 2572 καυσίαν,

547 2591 732 2646 λόγχην,
765 2590 950 2647 ἀόρτην,
985 2590 1144 2645 ἱμάτια.
1396 2585 1399 2588 ’

380 2677 523 2715 Pollux
558 2680 594 2727 7,
624 2679 674 2716 79
721 2676 848 2730 ῥίσκοι
885 2707 894 2715 .
927 2708 935 2716 .
971 2706 979 2715 .
1016 2675 1084 2716 καὶ
1113 2675 1263 2728 ἀόρται,
1295 2675 1542 2728 Μενάνδρου
1575 2674 1754 2722 εἰπόντος
1783 2674 1827 2714 ἐν

264 2735 478 2790 Μισογύνῃ
510 2739 587 2775 κτλ.
632 2737 737 2775 idem
761 2740 826 2787 10,
861 2739 942 2776 139
976 2735 1017 2775 τὸ
1049 2735 1123 2789 γὰρ
1155 2734 1197 2774 ε’ν
1224 2735 1442 2790 Μισογύνῃ
1475 2734 1723 2787 Μενάνδρου
1749 2737 1826 2774 κτλ.

263 2793 500 2846 ἀμφίβολον,
533 2795 589 2834 ὅτι
620 2794 718 2835 ἔνιοι
748 2795 814 2835 καὶ
845 2794 1016 2848 ἀορτῆρα
1049 2791 1248 2849 (Phereer.
1283 2795 1358 2846 37)
1389 2794 1625 2847 γράφουσιν.
1679 2807 1726 2832 ac
1762 2795 1827 2845 10,

266 2856 347 2893 162
380 2851 405 2904 ἡ
439 2852 481 2892 δὲ
512 2855 656 2894 καυσία
686 2858 799 2902 πῖλος
831 2853 1111 2902 Μακεδονικὸς
1147 2853 1254 2906 παρὰ
1292 2853 1534 2907 Μενάνδρῳ.
1596 2854 1644 2892 cf.
1677 2853 1826 2902 Diphil.

264 2915 331 2953 40.
382 2914 580 2964 Posidipp.
615 2917 682 2954 10.
