2014 3334
883 229 982 262 ΤΗΣ
1007 227 1136 263 ΝΕΑΣ
1714 224 1802 267 463

223 337 442 396 Τιμάρχου)
475 347 553 382 τῶν
585 340 772 394 αἰσχρῶν,
804 339 899 381 ὥστε
932 335 1073 397 πρώην
1105 338 1149 380 ἕν
1180 342 1261 387 τοῖς
1287 335 1371 378 κατ’
1407 337 1555 393 ἀγροὺς
1577 338 1808 386 Διονυσίοις

218 403 424 459 κωμῳδῶν
456 399 583 442 όντων
610 399 653 441 ἐν
675 402 861 457 Κολυττῷ
893 399 960 440 καὶ
980 382 1262 472 Παρμένοντος
1288 405 1359 439 τοῦ
1385 404 1563 451 κωμικοῦ
1588 397 1807 451 ὑποκριτοῦ

139 492 142 495 Δ
220 461 400 511 εἰπόντος
431 476 466 502 τι
496 460 596 514 πρὸς
627 460 696 501 τὸν
722 459 842 515 χορὸν
875 459 1135 510 ἀνάπαιστον,
1168 451 1260 506 ἐν
1231 475 1262 516 ῳ
1287 453 1339 511 ἦν
1364 454 1470 500 εἶναί
1491 474 1600 507 τινας
1631 458 1808 510 πόρνους

217 521 416 577 μεγάλους
441 520 722 574 Τιμαρχώδεις,
757 519 890 568 οὐδεὶς
921 519 1202 573 ὑπελάμβανεν
1234 519 1289 567 εἰς
1320 518 1362 559 τὸ
1389 519 1608 572 μειράκιον,
1639 515 1717 558 ἀλλ’
1753 518 1808 566 εἰς

217 580 259 623 σὲ
290 582 447 630 πάντες.
498 582 611 633 Hesy
615 582 675 621 ch.
709 580 1037 632 Δημοκλεῐδαι..
1059 579 1128 620 .οἱ
1155 579 1348 632 μοιχοί..
1374 579 1587 632 ,καθάπερ
1618 577 1684 618 καὶ
1715 577 1808 626 τοὺς

215 639 479 695 ἡταιρηκότας
516 641 738 695 Τιμάρχους
770 639 917 694 ἔλεγον.

837 758 936 800 299.
966 757 1068 800 300.
1102 757 1186 800 301

338 858 585 909 Hephaestio
606 858 723 896 Phot.
743 857 848 904 Bibl.
873 858 990 897 147a
1024 857 1077 896 14
1109 856 1237 895 Bekk.
1278 855 1549 908 Περιτάνος
1580 869 1649 903 τις
1680 852 1808 907 ὄνομα

212 915 355 972 Ἀρκὰς
377 914 578 969 Ἑλένην
611 921 860 956 συνοῦσαν
887 912 1179 972 Ἀλεξάνδρῳ
1212 914 1255 955 ἐν
1282 912 1470 971 Ἀρκαδίᾳ
1503 914 1806 967 ἐμοίχευσεν,

214 974 524 1027 Ἀλέξανδρος
570 973 607 1016 δ’
652 975 802 1016 αὐτὸν
845 974 994 1026 ποινὴν
1038 981 1107 1028 τῆς
1151 976 1325 1028 μοιχείας
1369 974 1697 1032 ἐξευνούχισε,
1740 973 1808 1014 καὶ

220 1036 259 1086 ἐξ
285 1036 439 1077 ἐκείνου
467 1034 652 1091 Ἀρκάδες
678 1035 771 1084 τοὺς
802 1034 1023 1089 εὐνούχους
1053 1035 1287 1089 περιτάνους
1319 1033 1512 1088 λέγουσιν.
1551 1036 1655 1075 idem
1691 1036 1809 1074 1493,

222 1099 276 1138 23
315 1102 631 1151 κυνηγοῦσαν
667 1093 868 1148 Ἑλένην
908 1095 1011 1136 ἔνιοί
1038 1107 1162 1146 φασιν
1207 1094 1255 1135 ἐν
1298 1097 1358 1152 τῷ
1402 1095 1662 1151 Παρθενίῳ
1707 1092 1807 1146 ὄρει

221 1155 532 1209 ἁρπασθῆναι
564 1153 637 1196 ὑπ’
670 1153 986 1208 Ἀλεξάνδρου
1026 1154 1093 1195 καὶ
1117 1154 1377 1209 έκπλαγεΐσαν
1404 1154 1446 1195 τὸ
1472 1155 1614 1203 κάλλος
1639 1153 1807 1195 ἀκολου-

219 1221 347 1270 θῆσαι
378 1215 431 1265 ὥς
462 1219 558 1272 θεῷ.
615 1217 714 1256 haec
735 1230 783 1255 ex
804 1217 1009 1256 comoedia
1029 1217 1166 1267 aliqua
1187 1216 1369 1257 derivata
1396 1228 1482 1255 esse
1501 1215 1648 1255 ‘statuit
1667 1215 1807 1254 Lehrs.

222 1278 317 1329 Pop.
338 1279 452 1317 Aufs.
474 1279 542 1316 26.
565 1279 632 1316 27.
665 1289 714 1316 ac
730 1278 818 1315 tum
845 1277 1017 1316 fortasse
1050 1276 1170 1315 etiam
1197 1290 1297 1327 quae
1330 1278 1554 1327 sequuntur
1579 1276 1807 1315 comoediae

221 1337 418 1376 debentur
449 1338 564 1376 haec:
597 1334 688 1388 περὶ
718 1341 789 1376 τοῦ
821 1340 994 1376 κεστοῦ
1026 1334 1240 1386 ἱμάντος,
1279 1333 1332 1383 ὡς
1363 1335 1507 1387 λάβοι
1538 1332 1623 1386 μὲν
1660 1333 1807 1374 αὐτὸν

208 1394 328 1448 Ἵτῖρα
372 1395 501 1449 παρὰ
537 1392 841 1448 Ἀφροδίτης,
886 1395 975 1447 δοίη
1018 1391 1055 1434 δ’
1090 1391 1252 1451 Ἑλένῃ,
1294 1393 1469 1446 κλέψαι
1506 1391 1543 1434 δ’
1591 1393 1737 1434 αὐτὸν
1780 1392 1807 1446 ἡ

213 1452 413 1508 Ἑλένης
451 1455 729 1510 θεράπαινα
757 1451 1042 1506 Ἀστυάνασσα,
1074 1453 1216 1506 ἀφέλοι
1248 1451 1285 1494 δ’
1317 1453 1439 1495 αὐτὸν
1471 1453 1510 1503 ἐξ
1536 1453 1660 1508 αὐτῆς
1689 1454 1807 1495 πάλιν

216 1513 442 1570 Ἀφροδίτη.
500 1529 746 1568 quamquam
778 1515 1091 1567 Hephaestionis
1123 1515 1222 1555 fides
1254 1516 1470 1556 admodum
1503 1516 1659 1566 exigua.

970 1632 1058 1676 302

342 1720 581 1760 Aristoteles
620 1720 737 1759 Rhet.
772 1722 809 1769 2,
846 1721 900 1759 23
933 1733 971 1770 p.
1009 1721 1157 1759 1398a
1190 1721 1244 1759 32
1291 1714 1430 1774 (τόπος
1466 1724 1545 1759 τῶν
1584 1715 1807 1772 δεικτικῶν)

222 1778 262 1828 ἐξ
294 1778 523 1833 ἐπαγωγῆς,
567 1775 655 1820 οἷον
687 1778 735 1818 ἐκ
775 1784 858 1831 τῆς
890 1779 1232 1831 Πεπαρηθίας,
1277 1778 1335 1818 ὅτι
1365 1777 1474 1833 περὶ
1506 1784 1595 1818 τῶν
1631 1777 1809 1818 τέκνων

223 1839 274 1879 αἱ
299 1843 528 1893 γυναῖκες
558 1843 803 1891 πανταχοῦ
836 1838 1098 1886 δοξάζουσι
1130 1836 1346 1891 τάληθές.
1413 1839 1652 1878 Eustathius
1682 1841 1809 1889 1412,

226 1901 279 1939 18
313 1895 609 1953 (Ἀριστοτέλης)
650 1898 794 1950 φησίν,
834 1896 888 1946 ὡς
928 1896 1067 1950 ἄριστα
1097 1897 1186 1951 περὶ
1223 1904 1302 1938 τῶν
1333 1895 1482 1938 τέκνων
1520 1898 1727 1952 κρίνουσιν
1767 1898 1814 1938 αἱ

222 1962 418 2013 γυναῖκες.
470 1958 531 1999 διό
557 1970 656 2010 φησι
682 1958 975 2010 Πεπαρηθία
1007 1973 1061 2006 τις
1092 1956 1219 2012 γυνὴ
1253 1958 1593 2011 μαρτυρήσασα
1625 1957 1808 1998 οἰκεῖόν

223 2034 329 2058 τινα
360 2014 486 2059 εἶναι
515 2019 663 2058 παῖδα
701 2017 836 2058 ἔλυσε
875 2017 958 2069 τὴν
989 2016 1079 2070 περὶ
1116 2017 1270 2058 ἐκείνου
1309 2017 1620 2070 ἀμφιβολίαν.
1684 2019 1809 2059 orati-

223 2092 338 2118 onem
377 2080 502 2119 fuisse
546 2077 618 2130 τὴν
655 2078 926 2132 Πεπαρηθίαν
964 2079 1154 2129 opinatur
1192 2078 1442 2130 Spengelius.
1513 2078 1618 2130 quod
1660 2079 1809 2118 falsum

223 2151 321 2191 esse,
354 2139 387 2178 si
419 2139 600 2179 conferas
620 2135 924 2189 Ὀλυνθιακούς,
943 2137 1186 2178 Πλαταιικόν
1212 2139 1275 2190 al.,
1301 2138 1417 2178 facile
1445 2139 1624 2189 adparet.
1670 2141 1810 2179 contra

155 2241 165 2254 Ι
224 2213 314 2238 cum
333 2199 629 2239 comoediarum
648 2199 791 2238 titulos
818 2199 1025 2238 considero
1046 2199 1186 2250 quales
1208 2200 1302 2238 sunt
1317 2194 1494 2251 Ἀνδρία,
1513 2198 1716 2250 Περινθία
1735 2201 1808 2238 cet.

225 2262 265 2297 et
292 2259 554 2298 Aristotelem
586 2259 627 2298 in
655 2258 878 2298 Rhetoricis
911 2259 1143 2310 saepissime
1175 2272 1222 2297 ex
1249 2259 1464 2298 comoediis
1497 2259 1678 2309 exempla
1708 2259 1810 2309 peti-

224 2319 329 2358 visse
367 2319 572 2370 recordor,
609 2319 834 2358 necessario
874 2332 919 2358 eo
959 2319 1137 2358 adducor
1173 2322 1221 2358 ut
1254 2320 1527 2368 Peparethiam
1564 2319 1810 2358 comoediam

224 2378 348 2418 fuisse
379 2378 565 2430 arbitrer,
596 2379 768 2419 fortasse
799 2378 1055 2430 Antiphanis.

972 2483 1060 2527 303

346 2570 588 2610 Plutarchus
620 2570 796 2609 Demetr.
832 2572 884 2609 27
931 2567 957 2621 ἡ
996 2569 1138 2622 Λάμια
1176 2572 1228 2626 τῷ
1266 2570 1425 2622 βασιλεῖ
1454 2568 1812 2622 παρασκευάζουσα

227 2629 390 2669 δεῖπνον
427 2627 719 2683 ἠργυρολόγησε
756 2629 939 2677 πολλούς.
1001 2628 1066 2669 καὶ
1106 2629 1148 2669 τὸ
1193 2630 1357 2670 δεῖπνον
1402 2628 1528 2677 οὕτως
1565 2626 1723 2680 ἤνθησε
1764 2634 1810 2684 τῇ

226 2689 322 2745 δόξῃ
355 2688 420 2729 διὰ
451 2687 524 2739 τὴν
554 2687 821 2740 πολυτέλειαν,
852 2688 948 2729 ὥστε
983 2688 1062 2729 ὑπὸ
1089 2687 1282 2742 Λυγκέως
1314 2694 1385 2729 τοῦ
1411 2689 1570 2741 Σαμίου
1597 2689 1811 2742 συγγεγρά-

227 2753 346 2800 φθαι.
397 2747 458 2788 διὸ
489 2747 557 2788 καὶ
587 2754 664 2788 τῶν
695 2755 882 2800 κωμικῶν
908 2764 965 2797 τις
991 2748 1040 2789 οὐ
1070 2749 1234 2800 φαύλως
1265 2748 1338 2800 τὴν
1363 2749 1559 2800 Λάμιαν
1591 2747 1811 2788 ἑλέπολιν

227 2807 419 2860 ἀληθῶς
450 2812 648 2862 προσεῖπε.
712 2810 763 2849 cf.
794 2809 942 2848 Athen.
976 2811 1014 2860 3,
1051 2811 1130 2849 101
1143 2823 1175 2848 a.
1222 2811 1260 2858 4,
1286 2811 1413 2849 128a.
1446 2810 1640 2860 Droysen.
1672 2809 1808 2848 Helle—

227 2869 341 2909 nism.
379 2869 399 2908 I
436 2870 534 2908 455.
573 2870 672 2908 465.
715 2869 812 2908 513.
875 2866 1048 2916 ἑλέπολις
1093 2870 1200 2920 apud
1244 2869 1421 2921 tragicos
1467 2871 1529 2908 est
1572 2869 1727 2907 Helena
1771 2871 1812 2907 et

228 2928 456 2980 Iphigenia3
489 2929 627 2968 eodem
658 2928 818 2967 nomine
853 2929 1047 2968 Demetrii
1079 2929 1266 2968 maehina
1297 2929 1443 2968 bellica
1473 2929 1708 2970 vocabatur.
