2014 3334
0 802 15 938 ’,φτ-..γ
0 726 7 791 -—-

653 257 1092 292 ΕΠΙΔΙΚΑΖΟΜΕΝΟΣ
1142 258 1302 292 IEPEIA
1675 257 1760 299 287

298 367 514 408 Praeterea
543 367 816 419 Apollodorus
850 382 874 408 a
903 370 1064 410 Donato
1102 372 1438 410 commemoratur
1478 370 1528 410 ad
1562 372 1600 422 2,
1636 373 1672 422 1,
1705 372 1755 410 51

179 430 221 468 et
253 429 291 479 2,
325 430 364 479 2,
396 430 466 468 25.
498 450 554 456 -
586 429 636 468 cf.
669 429 791 468 etiam
823 429 959 480 adesp.
992 431 1091 470 891.

884 533 1046 567 IEPEIA

301 595 426 637 Geloo
456 596 674 647 adsignant
706 595 849 635 Suidas
882 599 923 635 et
949 597 1138 637 Eudocia.
1187 597 1305 638 Mein.
1325 598 1345 636 I
1370 599 1469 638 460.
1495 621 1551 627 —
1577 602 1760 652 Σφαττο-

171 653 306 709 ·μένην
336 656 561 696 Meinekius
593 656 613 695 Ι
645 658 729 696 466
763 656 966 707 prioribus
1004 659 1146 708 poetae
1182 658 1331 697 fabulis
1363 659 1621 710 adnumerat,
1653 661 1760 712 quod

181 715 445 767 Chaerephon
480 716 685 767 parasitus
724 715 883 768 Olymp.
918 718 1003 756 120
1044 718 1107 757 vix
1125 718 1350 770 superarit.
1402 720 1509 770 quod
1547 720 1579 758 si
1621 734 1760 760 verum

180 778 243 815 est
281 778 322 816 et
359 776 401 815 in
432 777 480 816 fr.
515 777 571 815 24
609 774 750 816 καινὸν
787 778 1053 830 Χαιρεφῶντα
1090 779 1196 817 recte
1235 778 1556 828 interpretantur
1595 781 1761 819 alterum

179 837 372 885 quendam
404 836 742 886 Chaerephontem,
773 836 921 888 prioris
940 837 1057 888 quasi
1088 850 1371 889 successorem,
1406 839 1574 889 adparet
1598 836 1760 892 Ἱέρειαν

175 897 271 947 post
301 894 363 936 Ol.
399 897 485 936 120
517 896 711 947 scriptam
743 909 840 936 esse.
903 899 1043 936 contra
1080 898 1115 937 si
1147 897 1374 937 Casauboni
1411 899 1637 939 emendatio
1669 914 1759 951 pro·

177 955 313 1007 batur,
335 956 458 995 etiam
483 953 610 1008 Ιέρεια
634 956 740 996 inter
764 956 916 1008 primas
936 956 1173 1008 Apollodori
1199 958 1424 997 comoedias
1448 960 1660 998 referenda
1686 963 1758 1000 est.

941 1074 999 1116 24

392 1146 550 1188 καινόν
582 1144 636 1200 γε’
664 1155 775 1200 φασι
808 1144 1087 1202 Χαιρεφῶντ’
1125 1145 1174 1189 ἐν
1204 1153 1298 1198 τοῖς
1329 1146 1487 1203 γάμοις

393 1216 453 1267 ὡς
483 1217 563 1260 τὸν
589 1215 781 1272 Ὀφέλαν
812 1217 1005 1273 ἄκλητον
1037 1218 1356 1262 εἰσδεδυκέναι.

394 1289 590 1344 σπυρίδα
621 1289 774 1344 λαβὼν
805 1290 890 1345 γὰρ
921 1288 995 1332 καὶ
1027 1289 1265 1346 στέφανον,
1299 1291 1358 1342 ὡς
1387 1287 1446 1346 ἦν
1477 1293 1647 1345 σκότος,

393 1360 581 1415 φάσκων
611 1361 729 1418 παρὰ
759 1366 837 1416 τῆς
867 1361 1048 1417 νύμφης
1079 1361 1103 1405 ὁ
1134 1363 1212 1414 τὰς
1243 1363 1390 1418 ὄρνεις
1421 1362 1574 1420 φέρων

354 1444 374 1474 5
394 1431 533 1487 ἥκειν,
567 1430 838 1489 δεδείπνηχ’,
871 1432 931 1484 ὡς
961 1434 1120 1490 ἔοικεν,
1153 1435 1380 1478 εἰσπεσών.

299 1518 532 1559 Athenaeus
567 1521 604 1569 6,
639 1519 763 1559 243d
802 1515 1099 1574 Ἀπολλόδωρος
1130 1518 1151 1561 ὁ
1182 1521 1407 1575 Καρύστιος
1445 1520 1488 1561 ἐν
1512 1518 1650 1578 Ἱερείᾳ
1680 1525 1759 1563 κτλ.

181 1580 218 1618 1.
249 1577 408 1630 καινόν]
428 1577 496 1618 καὶ
514 1583 592 1619 νῦν
612 1579 782 1619 Oasaub.
844 1582 885 1620 4.
903 1585 980 1620 νῦν
999 1592 1177 1632 φησοτας
1195 1582 1244 1622 Α.
1283 1580 1392 1635 ὅρνις
1410 1580 1531 1621 Mein.
1550 1583 1594 1622 in
1611 1583 1759 1622 Athen.

178 1638 574 1679 cf.Menandr.167.
595 1642 634 1680 8.
697 1641 736 1679 5.
769 1637 992 1693 δεδείπνηχ’
1027 1639 1080 1689 ὡς
1112 1640 1299 1692 Casaub.]
1334 1640 1601 1694 δεδειπνηκὼς
1632 1644 1681 1682 Α.

300 1699 335 1738 si
365 1698 507 1739 καινόν
539 1699 702 1750 scripsit
731 1702 869 1751 poeta,
907 1697 1069 1741 ‘nomen
1105 1702 1278 1742 hominis
1316 1703 1359 1742 in
1391 1703 1664 1754 superioribus
1697 1703 1758 1742 in-

179 1756 358 1798 dicatum
387 1759 512 1799 fuisse
531 1759 740 1810 probabile
772 1756 862 1800 est'.
886 1760 1006 1800 Mein.
1058 1761 1224 1811 Ophelas
1247 1763 1419 1802 fortasse
1446 1765 1507 1802 est
1533 1763 1758 1813 praefectus

178 1818 400 1858 Alexandri
430 1833 482 1858 m.
513 1821 658 1870 postea
677 1819 832 1870 Cyrene
864 1822 1030 1872 potitus,
1056 1835 1177 1873 quem
1195 1822 1397 1862 Diodorus
1430 1822 1590 1862 Siculus
1620 1825 1759 1862 narrat

178 1890 269 1917 cum
311 1877 538 1931 Agathocle
590 1879 991 1931 Carthaginiensibus
1043 1881 1196 1921 bellum
1248 1882 1452 1934 intulisse,
1509 1882 1579 1922 sed
1633 1896 1757 1933 prope

179 1938 321 1978 urbem
352 1939 606 1978 contentione
639 1940 730 1979 orta
760 1940 811 1979 ab
842 1939 1069 1992 Agathocle
1101 1942 1369 1993 inpugnatum
1401 1942 1603 1982 occidisse.
1642 1943 1758 1982 Diod.

184 1999 252 2047 20,
273 1999 341 2037 41.
364 2000 402 2038 2.
433 1998 539 2038 idem
573 2000 641 2050 20,
661 2000 719 2040 40
750 1997 849 2052 πρὸς
875 1996 1121 2068 Ἀθηναίους
1152 1999 1242 2053 περὶ
1272 2001 1494 2054 συμμαχίας
1526 1999 1757 2053 διεπέμπετο

179 2052 418 2112 (Ὀφέλλας),
448 2056 678 2112 γεγαμηκὼς
709 2057 954 2111 Εὐθυδίκην
988 2058 1061 2111 τὴν
1092 2061 1319 2101 Μιλτιάδου
1351 2058 1552 2114 θυγατέρα
1582 2067 1653 2101 τοῦ
1684 2060 1757 2113 τὴν

178 2117 449 2170 προσηγορίαν
487 2113 818 2173 (ἄνα)φέροντος
859 2118 914 2167 εἰς
950 2118 1019 2160 τὸν
1063 2120 1381 2175 στρατηγήσαντα
1417 2127 1496 2160 τῶν
1534 2119 1576 2160 ἕν
1607 2123 1756 2175 Μαρα-

179 2179 298 2216 θῶνι.
342 2176 409 2217 διὰ
441 2175 490 2229 δὴ
523 2177 670 2230 ταύτην
689 2177 763 2231 τὴν
795 2177 1008 2232 ἐπιγαμίαν
1038 2179 1104 2220 καὶ
1122 2179 1195 2232 τὴν
1221 2179 1345 2233 ἄλλην
1372 2179 1555 2232 σπουδὴν
1581 2180 1757 2234 ὑπῆρχεν

178 2234 493 2290 ἀποδεδεγμένος
524 2237 579 2286 εἰς
609 2236 683 2290 τὴν
713 2237 841 2279 πόλιν.
904 2253 971 2280 eas
1003 2241 1112 2292 ipsas
1150 2242 1313 2293 nuptias
1352 2242 1524 2281 fortasse
1557 2242 1756 2292 significat

178 2297 466 2348 Apollodorus:
500 2311 744 2351 quamquam
775 2302 1000 2350 temporum
1026 2301 1204 2341 rationes
1235 2303 1271 2341 ei
1303 2301 1556 2341 coniecturae
1582 2315 1661 2341 non
1686 2302 1754 2340 ad-

178 2357 343 2396 modum
374 2358 565 2398 videntur
596 2359 744 2399 favere.

569 2463 946 2498 HPOIKIZOMENH
969 2465 1006 2498 H
1030 2465 1363 2499 ΙΜΑΤΙΟΠῼΛΙΣ

300 2520 505 2576 Philoxen.
536 2538 656 2589 gloss.
687 2539 873 2593 προικίζω
912 2541 998 2580 doto
1031 2536 1166 2595 (Diod.
1199 2541 1274 2580 Sic.
1309 2543 1376 2593 16,
1411 2536 1501 2594 55).
1555 2542 1754 2592 προικιζο-

179 2593 278 2647 μὲνη
310 2597 491 2636 dotanda.
541 2597 660 2637 Mein.
690 2598 709 2636 Ι
740 2601 840 2639 466.

939 2681 996 2724 25

751 2739 867 2795 πλὴν
896 2741 947 2782 τό
978 2739 1020 2796 γ’
1058 2741 1260 2798 οἰνάριον
1291 2741 1412 2784 πάνυ

394 2803 452 2862 ἦν
483 2807 562 2859 ὀξὺ
593 2807 668 2852 καὶ
698 2813 912 2868 πονηρόν,
945 2811 1047 2855 ὥστ’
1083 2811 1351 2870 ᾐσχυνόμην.

393 2879 447 2921 τὰ
478 2880 610 2922 λοιπὰ
640 2878 722 2936 μὲν
752 2883 838 2939 γὰρ
869 2883 1096 2935 ὀξαλείους
1125 2886 1263 2941 χωρία

394 2956 532 3001 συκᾶς
563 2949 709 3009 φέρει,
740 2953 909 3010 τούμὸν
941 2954 990 2998 δὲ
1021 2955 1095 2999 καὶ
1125 2957 1203 3007 τὰς
1234 2955 1464 3013 ἀμπέλους.
