2014 3334
888 287 989 321 ΤΗΣ
1013 286 1144 323 ΝΕΑΣ
1722 283 1811 326 449

975 421 1060 463 211

511 503 669 562 ἐρημία
695 505 862 561 μεγάλη
891 500 1006 548 ’στὶν
1036 504 1064 560 ἡ
1097 505 1284 560 Μεγάλη
1316 506 1454 555 πόλις.

345 593 491 633 Strabo
512 593 553 644 8,
571 594 657 632 388
690 589 784 631 νυνὶ
808 589 834 643 ἡ
856 590 1138 645 Μεγαλόπολις
1167 590 1210 631 τὸ
1236 596 1307 631 τοῦ
1333 595 1512 642 κωμικοῦ
1536 589 1717 630 πέπονθε
1742 589 1810 630 καὶ

224 657 302 694 κτλ.
334 656 376 693 et
410 655 476 703 16,
511 653 595 692 738
640 648 684 704 (ἡ
717 650 934 704 Βαβυλὼν)
973 650 1118 704 ἕρημος
1148 648 1175 702 ἡ
1207 650 1347 703 πολλή,
1378 648 1468 690 ὥστ’
1505 648 1564 691 ἐπ’
1600 650 1724 703 αὐτῆς
1755 649 1808 703 μὴ

225 711 277 753 ἂν
308 711 478 766 ὀκνῆσαί
505 727 594 752 τινα
631 711 756 752 εἰπεῖν
794 710 890 764 ὅπερ
928 710 1006 763 ἔφη
1038 726 1095 759 τις
1131 717 1209 751 τῶν
1248 717 1434 763 κωμικῶν
1466 709 1530 751 ἐπὶ
1559 717 1638 751 τῶν
1669 713 1810 765 Μεγα-

225 775 447 814 λοπολιτῶν
477 778 556 813 τῶν
587 770 631 812 ἐν
657 768 846 827 Ἀρκαδίᾳ
878 774 955 811 κτλ.
1012 772 1253 811 Eustathius
1285 786 1322 822 p.
1350 773 1450 822 302,
1486 773 1537 811 13
1572 767 1809 826 (Στράβων)

223 833 373 887 ἱστορεῖ
404 832 462 873 ὅτι
498 831 578 872 ὑπὸ
617 837 775 884 συχνῶν
813 829 997 883 πολέμων
1034 830 1177 871 πολλαὶ
1206 830 1340 879 πόλεις
1370 837 1450 871 τῶν
1476 827 1683 885 Ἀρκάδων
1715 861 1724 870 .
1756 861 1766 871 .

222 891 527 946 ἠφανίσθησαν,
559 887 616 932 ὧν
647 890 714 932 καὶ
743 889 770 943 ἡ
801 891 974 945 Μεγάλη
1005 890 1119 939 πόλις
1150 923 1160 933 .
1191 921 1202 932 .
1233 890 1323 944 περὶ
1353 886 1403 942 ἧς
1427 890 1599 943 κωμικός
1630 906 1687 939 τις
1718 890 1812 943 ἔφη,

224 952 283 994 ὅτι
319 956 399 994 κτλ.
460 953 623 993 condita
667 954 756 992 erat
797 952 1065 1005 Megalopolis
1105 951 1166 991 Ol.
1202 953 1305 1004 103,
1341 954 1377 991 1.
1433 952 1597 992 Diodor.
1634 953 1707 1003 15,
1742 954 1809 992 72.

223 1014 360 1054 diruta
391 1015 453 1053 est
485 1027 509 1052 a
539 1012 751 1053 Cleomene
780 1012 842 1052 III
876 1012 937 1052 Ol.
962 1013 1056 1052 138.
1108 1012 1247 1063 Polyb.
1270 1015 1307 1062 2,
1329 1013 1384 1052 55
1418 1010 1596 1064 ἐκβαλὼν
1623 1006 1665 1066 (ὅ
1684 1013 1810 1052 Κλεο-

223 1069 365 1128 μένης)
389 1072 482 1121 τοὺς
502 1072 834 1126 Μεγαλοπολίτας
865 1069 1022 1125 κατέσχε
1048 1069 1121 1123 τὴν
1140 1071 1268 1112 πόλιν.
1317 1070 1529 1126 γενόμενος
1555 1067 1592 1111 δ’
1621 1070 1810 1125 ἐγκρατὴς

222 1133 348 1182 οὕτως
392 1131 519 1185 αὐτὴν
561 1138 711 1186 πικρῶς
755 1129 959 1185 διέφθειρε
1003 1130 1070 1171 καὶ
1107 1131 1334 1184 δυσμενῶς,
1379 1130 1475 1172 ὥστε
1514 1127 1608 1183 μηδ’
1657 1130 1811 1172 ἐλπίσαι

222 1191 375 1246 μηδένα
407 1192 508 1233 διότι
540 1189 692 1232 δύναιτ’
729 1190 780 1232 ἂν
813 1195 1124 1244 συνοικισθῆναι
1153 1191 1284 1232 πάλιν.
1347 1192 1454 1231 unde
1477 1192 1702 1232 Meinekius
1734 1193 1810 1232 hoo

222 1255 494 1306 ftagmentum
531 1255 625 1305 post
656 1252 717 1293 01.
753 1254 836 1292 138
877 1253 1074 1303 seriptum
1119 1265 1205 1292 esse
1247 1252 1430 1292 coniecit.
1494 1252 1563 1292 sed
1603 1254 1692 1292 erat
1727 1253 1810 1292 iam

222 1317 316 1354 ante
342 1313 597 1354 Cleomenem
628 1314 787 1354 deserta
818 1315 922 1353 teste
947 1312 1088 1352 eodem
1114 1313 1297 1364 Polybio,
1330 1312 1400 1364 qui
1431 1325 1520 1352 eam
1553 1312 1652 1352 dicit
1684 1313 1809 1352 fuisse

223 1373 504 1424 δυσφύλακτον
536 1372 603 1413 διὰ
633 1371 676 1413 τὸ
707 1370 877 1426 μέγεθος
909 1370 977 1412 καὶ
1015 1370 1102 1424 τὴν
1140 1371 1354 1425 ἐρημίαν.
1417 1375 1596 1412 ceterum
1629 1373 1679 1412 cf.
1710 1373 1809 1413 Lob.

221 1434 374 1486 Phryn.
408 1435 506 1474 604.
556 1434 714 1474 Pathol.
747 1434 795 1474 el.
827 1433 847 1472 I
879 1434 978 1473 562.

967 1550 1056 1593 212

436 1635 479 1678 εί
506 1634 565 1691 μὴ
597 1641 786 1692 κρατεῖς,
816 1633 1083 1691 θυγάτριον,
1115 1633 1366 1677 ἀδικεῖσθαι
1399 1634 1566 1686 δοκεῖς;

342 1721 559 1761 Suetonius
579 1722 665 1762 Tib.
687 1723 743 1762 53
769 1720 1036 1772 Ayrippinam
1053 1725 1146 1771 post
1169 1725 1329 1762 mortem
1351 1723 1487 1761 mariti
1512 1722 1671 1762 liberius
1695 1723 1806 1771 quid-

222 1783 316 1821 dam
345 1786 518 1831 questam
547 1795 671 1822 manu
701 1783 966 1832 adprehendit,
994 1794 1207 1832 yraeeoque
1235 1794 1352 1822 versu
1384 1777 1435 1822 ‘si
1464 1794 1543 1821 non
1575 1779 1806 1822 dominari-3⁹

221 1843 363 1892 inquit,
397 1838 555 1894 ‘filiola,
586 1844 778 1882 iniuriam
809 1845 843 1882 te
873 1844 1047 1892 accipere
1078 1838 1318 1883 ewistimas?
1357 1854 1500 1894 graece
1533 1842 1657 1882 vertit
1687 1843 1807 1883 Mein.

223 1901 258 1940 V
291 1914 465 1942 cccnxx.

972 1983 1060 2027 213

508 2073 602 2119 τοῖς
632 2066 870 2124 εὐτυχοῦσι
901 2065 976 2110 καὶ
1006 2068 1198 2124 τρίμηνα
1229 2067 1385 2110 παιδία

341 2152 559 2194 Suetonius
579 2153 718 2194 Claud.
742 2158 763 2195 1
799 2156 922 2195 Livia
953 2167 1039 2194 eum
1057 2153 1236 2204 Augusto
1259 2155 1429 2205 yravida
1459 2156 1666 2204 nupsisset,
1696 2158 1803 2196 intra

220 2225 388 2253 mensem
419 2216 573 2259 tertium
596 2217 751 2264 peperit
781 2246 790 2255 .
811 2244 849 2256 ..
881 2217 1086 2265 statimque
1115 2216 1298 2265 vulyatus
1329 2218 1384 2255 est
1413 2226 1549 2255 versus
1579 2218 1658 2255 κτλ.
1714 2229 1802 2256 sen-

220 2274 351 2313 tentia
384 2286 465 2314 non
502 2274 681 2329 integra:
726 2288 820 2315 nam
856 2288 937 2326 non
974 2276 1123 2315 habere
1154 2275 1294 2315 felices
1326 2274 1495 2327 τρίμηνα
1532 2275 1693 2326 παιδία,
1734 2277 1805 2316 sed

221 2332 426 2373 interdum
450 2334 575 2374 etiam
599 2335 700 2374 talia
726 2335 784 2375 eis
809 2335 922 2388 gigni
948 2335 1160 2375 dicendum
1192 2337 1290 2375 erat.
1347 2335 1502 2375 seilicet
1521 2335 1692 2375 Romani
1723 2349 1804 2375 non

221 2393 426 2433 finxerunt
455 2394 558 2433 illud
584 2395 747 2445 dictum,
780 2396 850 2435 sed
882 2409 930 2435 ex
961 2396 1167 2435 comoedia
1193 2396 1414 2446 acceptum,
1446 2397 1494 2434 ut
1519 2395 1606 2434 fieri
1633 2397 1736 2435 solet
1762 2397 1804 2435 in

221 2454 458 2503 proverbiiS,
490 2454 533 2493 in
552 2455 713 2495 brevius
745 2457 1042 2496 contraxerunt.
1093 2457 1215 2506 poeta
1245 2455 1460 2494 addiderat
1484 2456 1591 2494 unde
1612 2456 1805 2506 penderet

221 2512 401 2564 dativus,
436 2514 566 2554 veluti
605 2513 701 2563 θεὸς
739 2511 890 2569 (Τύχη)
930 2515 1093 2555 δίδωσιν
1131 2516 1196 2556 vel
1233 2512 1313 2566 ἤδη
1353 2513 1564 2568 γεγόνασιν
1603 2512 1803 2569 (γέγονεν)

222 2572 286 2611 vel
306 2573 461 2623 aliquid
492 2574 633 2614 simile.
658 2597 707 2602 —
732 2576 817 2615 seni
849 2575 969 2614 alicui
1001 2576 1126 2626 fatuo,
1159 2575 1222 2614 cui
1248 2588 1350 2614 uxor
1374 2575 1455 2614 iam
1480 2578 1574 2626 post
1598 2575 1804 2615 trimestre

221 2633 468 2672 matrimonii
501 2634 678 2685 spatium
708 2635 880 2675 filiolum
913 2648 961 2675 ex
986 2635 1067 2675 alio
1093 2635 1180 2675 viro
1213 2635 1356 2686 opinor
1389 2637 1481 2674 ante
1514 2635 1678 2686 nuptias
1709 2648 1802 2675 oon‘

222 2693 384 2742 ceptum
415 2696 640 2747 pepererat,
672 2707 812 2735 servus
843 2695 909 2735 vel
941 2707 1079 2735 socrus
1111 2696 1248 2734 fucum
1280 2695 1388 2734 facit.

964 2825 1053 2867 214

507 2906 560 2949 τὰ
590 2907 767 2964 μυσαρὰ
796 2913 935 2951 ταῦτα
965 2904 1183 2964 θρέμματ’
1221 2904 1494 2949 ἐκδιωκτέον.

341 2990 582 3033 Plutarchus
614 2994 713 3035 Mor.
748 2996 832 3034 132
864 2993 943 3034 ἕκδ.
975 2993 1021 3034 τὰ
1052 2996 1129 3033 κτλ.
1165 3015 1215 3020 -—
1252 2993 1481 3033 adulatores
1513 2994 1618 3034 dicit.

294 3064 412 3092 Comici
431 3067 543 3101 graeci,
564 3067 610 3095 ed.
630 3067 683 3095 Th.
703 3068 799 3095 Koek.
819 3069 877 3095 111.
1466 3064 1512 3096 29
