2014 3334
656 269 951 304 ΜΙΣΟΓΤΝΗΣ
1001 270 1331 305 ΜῙΣΟΤΜΕΝΟΣ
1730 270 1785 312 97

951 379 1039 422 332

318 467 557 507 Athenaeus
592 469 659 517 15,
694 468 814 506 6910
859 463 1118 519 ἐπιπράσκετο
1141 463 1364 519 Ἀθήνησιν
1396 464 1421 518 ἡ
1455 474 1525 508 τοῦ
1558 467 1687 520 μύρου
1719 484 1786 509 κο-

198 526 294 579 τύλη
326 525 380 576 ὡς
411 525 483 580 μὲν
503 524 720 579 Ἵππαρχός
751 537 876 578 φησιν
910 522 977 580 (fr.
998 522 1047 579 4)
1080 523 1195 566 πέντε
1227 533 1353 578 μνῶν,
1386 526 1439 575 ὡς
1472 526 1513 567 δὲ
1545 527 1788 582 Μένανδρος

198 586 241 627 έν
256 587 491 644 Μισογύνῃ,
511 585 619 627 δέκα.
657 584 789 637 πέντε]
816 589 840 626 ἒ
855 586 902 625 Α.
935 583 1049 636 δέκα]
1072 597 1087 624 ῖ
1104 587 1152 625 Α.
1204 589 1251 627 cf.
1273 588 1490 638 Antiphan.
1508 591 1605 629 223.
1627 590 1788 629 videtur

198 645 219 687 ὅ
251 647 470 702 μισογύνης
501 648 615 699 queri
648 648 695 686 de
728 647 864 686 uxoris
896 647 1069 686 luxuria.

948 777 1035 819 333

486 860 754 918 ἐπιχρύσους
786 861 1130 915 σανδαλοθήκας

318 948 463 988 Pollux
498 950 534 996 7,
568 950 623 988 87
658 945 913 999 Μένανδρος·
934 946 978 987 ἐν
1011 947 1230 1004 Μισογύνῃ
1261 946 1329 987 καὶ
1361 947 1419 988 ἐπ.
1453 960 1486 987 σ.
1519 946 1631 1002 λέγει.
1681 950 1785 988 idem

201 1009 275 1060 10,
313 1009 371 1048 50
415 1006 659 1059 Μένανδρος
702 1006 746 1047 ἐν
786 1007 1007 1063 Μισογύνῃ
1051 1006 1120 1047 καὶ
1158 1007 1467 1060 σανδαλοθήκας
1511 1006 1708 1063 (εἴρηκεν)
1747 1013 1788 1049 et

201 1070 268 1120 10,
303 1070 385 1107 127
419 1067 528 1121 παρὰ
560 1067 792 1124 Μενάνδρῳ
825 1067 868 1108 ἕν
902 1068 1122 1124 Μισογύνῃ
1157 1068 1472 1121 σανδαλοθῆκαι.
1534 1070 1706 1109 fortasse
1739 1083 1786 1108 ex

196 1129 335 1168 eadem
366 1129 504 1168 mariti
536 1129 717 1168 oratione
750 1141 797 1167 ac
829 1129 876 1167 fr.
912 1131 1010 1168 332.

949 1258 1038 1300 334

317 1344 572 1395 Phrynichus
597 1345 706 1395 Epi‘c.
734 1346 820 1384 417
862 1349 979 1397 γῦρο
991 1354 1027 1392 ς·
1070 1342 1138 1384 καὶ
1169 1349 1284 1384 τοῦτο
1311 1342 1557 1398 Μένανδρος
1587 1343 1660 1396 τὴν
1692 1349 1784 1385 καλ-

195 1404 331 1456 λίστην
370 1410 450 1444 τῶν
487 1404 709 1461 κωμῳδιῶν
748 1410 825 1444 τῶν
865 1402 1029 1455 ἑαυτοῦ,
1067 1402 1136 1444 τὸν
1168 1403 1435 1457 Μισογύνην,
1474 1406 1785 1457 κατεκηλίδωσεν

196 1463 320 1503 εἰπών
352 1461 559 1519 (lacunam
589 1465 708 1504 indic.
728 1460 922 1518 Lobeck).
983 1464 1021 1504 τί
1047 1463 1122 1518 γὰρ
1156 1463 1205 1516 δὴ
1237 1463 1359 1518 γῦρός
1392 1463 1494 1504 ε’στιν
1527 1464 1576 1505 οὐ
1610 1466 1784 1518 συνίημι.

195 1522 330 1575 τοῦτο]
367 1524 493 1580 τούτῳ
525 1525 659 1564 Bentl.
698 1525 884 1564 Eustath.
922 1527 1048 1575 1864,
1083 1528 1107 1564 5
1155 1525 1198 1565 οἵ
1224 1525 1389 1565 παλαιοί
1425 1536 1550 1576 φασιν
1582 1525 1639 1565 ὅτι
1670 1525 1786 1579 γυροὶ

196 1582 374 1638 λέγονται
414 1583 482 1624 καὶ
519 1579 568 1625 οὗ
606 1583 652 1624 τὰ
684 1583 792 1636 φυτὰ
824 1583 1064 1637 ἐμβάλλουσι
1097 1585 1296 1634 (scrobes).
1359 1598 1404 1624 ac
1438 1586 1492 1625 sic
1520 1587 1784 1637 Theophrast.

197 1643 314 1685 Caus.
347 1639 400 1696 pl.
436 1647 473 1696 3,
506 1647 545 1696 4,
581 1648 617 1684 1.
651 1647 689 1695 6,
724 1647 761 1685 2.
798 1647 863 1696 12,
894 1647 930 1684 1.
962 1640 1140 1700 (Aelian.
1166 1646 1215 1684 N.
1242 1659 1304 1685 an.
1338 1647 1376 1690 9,
1411 1643 1499 1698 32).
1532 1649 1579 1685 ut
1609 1647 1784 1686 nesciam

196 1705 294 1755 quid
338 1718 483 1745 causae
528 1706 716 1745 habuerit
754 1706 1009 1756 Phrynichus
1048 1707 1152 1745 hanc
1189 1719 1327 1746 vocem
1371 1706 1638 1757 vituperandi.
1706 1707 1784 1745 nisi

196 1766 301 1804 forte
333 1765 442 1816 apud
474 1766 740 1805 Menandrum
770 1770 892 1819 γῦρος
927 1768 1015 1805 erat
1047 1768 1327 1806 ornamentum
1360 1766 1567 1807 muliebre.

317 1825 533 1865 Praeterea
564 1826 612 1865 cf.
645 1827 693 1865 fr.
729 1827 827 1866 601.

825 1942 1157 1976 ΜΙΣΟΤΜΕΝΟΣ

316 2018 510 2058 Libanius
530 2018 613 2057 1111
641 2020 740 2068 512,
776 2021 796 2057 1
826 2018 962 2058 Reisk.
997 2017 1097 2070 ἔχεις
1128 2017 1172 2058 ἐκ
1196 2024 1266 2071 τῆς
1290 2018 1502 2075 κωμῳδίας
1527 2019 1783 2072 παραλαβών,

197 2075 250 2125 ὡς
287 2076 510 2132 ὑπέρογκόν
547 2093 584 2118 τι
618 2076 686 2118 καὶ
724 2076 899 2131 σοβαρὸν
938 2076 1005 2118 καὶ
1043 2078 1169 2130 πολλή
1208 2094 1264 2127 τις
1303 2078 1512 2126 ἀλαζονεία
1547 2079 1783 2131 στρατιώτης

196 2136 312 2190 ἀνήρ.
375 2138 416 2178 εἴ
439 2153 496 2186 τις
534 2137 649 2190 ’ὑμῶν
687 2138 924 2189 φαντάζεται
961 2137 1030 2178 τὸν
1062 2138 1314 2191 Μενάνδρου
1345 2135 1634 2191 Θρασωνίδην,
1673 2135 1782 2179 οἶδεν

196 2194 218 2237 ὃ
249 2196 366 2252 λέγω·
399 2197 679 2251 στρατιωτικὴν
710 2198 786 2253 γάρ
812 2210 937 2250 φησιν
969 2197 1117 2251 ἀηδίαν
1149 2205 1348 2239 νοσοῦντα
1379 2198 1446 2239 τὸν
1479 2196 1701 2253 ἄνθρωπον
1727 2200 1782 2247 εἰς

197 2255 416 2311 ἀπέχθειαν
448 2257 554 2315 αὑτῷ
585 2264 748 2311 κινῆσαι
778 2257 852 2311 τὴν
884 2257 1109 2312 ἐρωμένην·
1149 2258 1215 2299 καὶ
1248 2258 1410 2313 γέγονεν
1442 2257 1574 2311 ἀμέλει
1605 2272 1781 2312 προση-

196 2318 335 2371 γορία
366 2321 425 2375 τῷ
458 2315 663 2372 δράματι
693 2324 777 2359 τοῦ
814 2319 1132 2372 Θρασωνίδου
1165 2318 1212 2359 τὸ
1245 2323 1393 2372 μῖσος.
1457 2320 1608 2358 indicat
1640 2316 1780 2359 ‘notis-

197 2378 340 2418 simam
361 2379 571 2419 Menandri
594 2380 777 2420 fabulam
797 2379 1079 2432 Μισούμενον,
1110 2381 1153 2420 in
1173 2394 1253 2431 qua
1284 2381 1398 2419 miles
1431 2380 1499 2419 ille
1522 2380 1783 2420 Thrasonides

197 2438 346 2489 primas
371 2441 508 2490 partes
534 2435 708 2492 agebat'.
733 2441 866 2480 Bentl.
911 2453 1051 2482 servus
1084 2441 1170 2480 eius
1203 2443 1291 2480 erat.
1319 2438 1453 2486 Γέτας.
1498 2442 1782 2489 argumentum

201 2499 362 2539 fabulae
394 2500 557 2551 exponit
590 2500 748 2541 Arrian.
781 2501 949 2540 Dissert.
977 2501 1107 2551 Epict.
1132 2503 1172 2551 4,
1206 2503 1245 2551 1,
1282 2503 1334 2539 19
1370 2500 1592 2550 Schweigh.
1624 2505 1781 2552 πρῶτον

198 2555 270 2610 μὲν
306 2557 519 2612 ἐξελήλυθε
555 2565 624 2612 τῆς
661 2559 824 2612 νυκτός,
865 2559 926 2600 ὅτε
964 2559 1085 2608 Γέτας
1124 2559 1172 2600 οὐ
1210 2562 1332 2614 τολμᾷ
1370 2558 1543 2607 ἐξελθεῖν
1576 2589 1584 2597 .
1618 2589 1626 2597 .
1659 2589 1667 2598 .
1700 2555 1781 2599 εἶτα

198 2618 313 2670 ξίφος
344 2618 460 2671 αἰτεῖ,
497 2618 565 2659 καὶ
603 2618 701 2672 πρὸς
731 2618 801 2660 τὸν
832 2617 903 2659 ὑπ’
939 2618 1100 2667 εὐνοίας
1140 2618 1193 2671 μὴ
1234 2619 1395 2659 διδόντα
1433 2618 1677 2670 χαλεπαίνει,
1714 2618 1781 2658 καὶ

199 2677 309 2731 δῶρα
351 2684 396 2732 τῇ
441 2679 612 2736 μισούσῃ
656 2678 800 2732 πέμπει
844 2678 912 2720 καὶ
956 2680 1078 2720 δεῖται
1121 2679 1188 2719 καὶ
1232 2679 1352 2718 κλάει.
1414 2677 1533 2717 πάλιν
1578 2676 1620 2717 δὲ
1661 2678 1780 2730 μικρὰ

199 2736 444 2791 εὐημερήσας
463 2738 680 2792 ἐπαίρεται·
710 2738 816 2791 πλὴν
836 2738 904 2780 καὶ
922 2739 1006 2780 τότε
1024 2745 1127 2787 πῶς;
1149 2739 1349 2791 Diogenes
1369 2738 1413 2777 L.
1431 2740 1467 2786 7,
1488 2740 1572 2777 130
1593 2737 1661 2777 τὸν
1680 2745 1781 2792 γοῦν

203 2798 466 2851 Θρασωνίδην
484 2803 625 2852 καίπερ
645 2798 688 2840 ἐν
707 2798 868 2856 ἐξουσία
898 2798 1037 2853 ἔχοντα
1067 2798 1140 2850 τὴν
1172 2796 1375 2851 ἐρωμένην
1403 2796 1469 2837 διὰ
1506 2796 1547 2836 τὸ
1578 2802 1782 2849 μισεῖσθαι

198 2855 415 2910 ἀπέχεσθαι
452 2858 585 2912 αὐτῆς.
637 2855 706 2914 (cf.
740 2862 788 2900 fr.
823 2859 941 2914 336.)
980 2860 1145 2899 tandem
1185 2859 1362 2909 puellam
1399 2858 1437 2896 ci
1474 2861 1655 2907 ereptam
1693 2872 1779 2899 esse

200 2921 513 2959 consentaneum
543 2922 606 2959 est
631 2921 681 2960 ab
708 2922 867 2960 aemulo
901 2920 1169 2959 adulescente.
1218 2918 1409 2957 Irenaeus
1430 2916 1581 2957 Contra
1612 2919 1719 2958 haer.
1741 2922 1780 2971 2,

201 2979 254 3018 27
288 2993 325 3029 p.
356 2981 436 3018 151
473 2974 782 3034 (Thrasonides)
822 2982 888 3029 qui
920 2983 974 3019 est
1005 2980 1113 3030 apud
1143 2980 1328 3017 comicum
1360 2978 1627 3017 Menandrum
1667 2980 1780 3018 valde

271 3051 387 3078 Comici
407 3053 520 3087 graeei,
540 3053 586 3079 ed.
607 3053 663 3081 Th.
682 3054 779 3080 Kook.
799 3054 857 3080 111.
1471 3048 1490 3079 7
