2014 3334
773 247 940 283 AAHAA
966 246 1229 283 οΠοΤΕΡΑΣ
1698 243 1786 290 569

213 359 382 404 ἕλθόντι.
431 359 605 413 Hesyoh.
636 358 680 400 τὸ
711 358 799 400 ἴσον
829 362 935 400 πιεῖν
967 355 1077 413 (add.
1094 354 1245 413 ποιεῖν)
1276 357 1370 407 τοὺς
1399 358 1564 412 ὕστερον
1582 356 1786 406 ἐλθόντας.

212 435 262 464 ex
291 421 443 462 oomioa
472 420 646 462 convivii
671 419 938 471 descriptione
969 419 1131 460 videtur
1161 418 1387 460 derivatum
1419 432 1518 460 esse.

953 536 1040 580 938

500 619 842 673 ἀνταποπαίζειν

334 708 504 748 Bekker.
530 707 679 747 Anecd.
705 709 774 759 25,
801 710 855 748 29
905 706 999 747 ὅταν
1029 721 1086 754 τις
1116 706 1268 754 παίζων
1299 704 1556 760 ἀστραγάλοις
1580 704 1607 759 ἢ
1631 706 1789 758 ψήφοις

212 765 436 868 έῆνίζαξῗὲῳ
467 764 493 820 ἣ
524 766 708 820 κυβεύων
751 763 813 808 ἐπ’
857 764 1031 823 ἀργυρίῳ
1075 764 1240 823 νικήσῃ,
1288 760 1356 806 εἴτ’
1403 760 1527 815 αὖθις
1575 772 1731 807 νικᾶται
1761 765 1788 806 ἃ

300 842 325 880 η
397 858 407 868 .

961 883 1048 927 939

500 943 877 1000 ἀντιπελάργωσις

335 1031 631 1084 Harpocration
655 1045 694 1082 p.
721 1032 775 1070 24
802 1031 927 1071 Bekk.
957 1031 1042 1071 cod.
1067 1030 1104 1070 K
1136 1028 1431 1083 ἀντιπελαργεῖν
1463 1029 1530 1070 καὶ
1560 1029 1791 1083 ἀντιπελᾶρ-

214 1103 334 1146 γωσις
359 1089 423 1131 ἐπὶ
446 1096 525 1131 τῶν
550 1088 818 1141 ἐπισταμένων
843 1089 956 1143 χάριν
983 1087 1055 1142 ὑφ’
1079 1085 1136 1130 ὧν
1162 1084 1206 1130 εὖ
1232 1088 1390 1130 ἔπαθον
1409 1089 1475 1130 καὶ
1494 1089 1791 1141 ἀντιδιδόντων,
1840 1113 1844 1119 -

218 1149 283 1192 διὰ
314 1149 387 1203 τὴν
411 1157 489 1191 τῶν
518 1153 724 1204 πελαργῶν
755 1148 850 1202 πρὸς
883 1149 976 1198 τοὺς
1006 1149 1157 1190 ἑαυτῶν
1188 1147 1356 1200 πατέρας
1389 1149 1652 1204 γεγηρακότας
1683 1148 1790 1190 ἀντί-

216 1212 329 1252 δοσιν
359 1216 429 1264 τῆς
458 1209 680 1264 γεννήσεως
710 1208 776 1249 καὶ
801 1208 1041 1262 ἀνατροφῆς.
1091 1208 1386 1263 ἀντιπελαργεῖν
1412 1213 1475 1250 est
1499 1211 1634 1261 adesp.
1665 1212 1791 1251 1570.

961 1326 1049 1369 940

502 1385 721 1441 ἀπάτητος

336 1462 509 1502 Bekker.
530 1461 679 1501 Anecd.
699 1462 768 1511 29,
789 1463 812 1500 2
841 1459 909 1503 ἀπ,
935 1459 1052 1514 ἀρχή·
1079 1456 1167 1501 οἷον
1191 1460 1323 1514 καινή.
1371 1459 1439 1501 καὶ
1461 1459 1658 1513 ἀπάτητος
1677 1460 1792 1515 λόγος

217 1520 284 1562 καὶ
315 1521 485 1562 διάνοια.
540 1519 606 1560 καὶ
637 1519 838 1573 ἀπάτητον
869 1526 1041 1574 πρᾶγμα.
1090 1535 1216 1561 unum
1248 1522 1501 1574 altorumque
1533 1523 1677 1561 horum
1706 1522 1790 1561 sine

143 1603 146 1605 ‡
218 1582 340 1622 dubio
372 1581 600 1622 comoediae
632 1583 706 1621 θεὲ.
756 1582 804 1621 cf.
830 1581 955 1622 Arist.
982 1580 1058 1621 Av.
1084 1583 1183 1624 471.

963 1698 1048 1741 941

505 1756 703 1808 ἀπιαλεῖς

338 1830 600 1884 ἀποπέμψεις.
648 1831 885 1883 Hesychius.
930 1834 1105 1883 corrupt.
1130 1833 1302 1873 Bekker,
1326 1832 1475 1872 Anecd.
1503 1834 1602 1883 414,
1628 1834 1682 1872 29
1716 1830 1791 1872 ἀπ-

218 1893 345 1941 άλλεις
371 1888 475 1946 (eod.
500 1886 685 1943 ἀπάλλις)
711 1890 969 1943 ἀποπέμπεις,
1000 1905 1072 1942 pro
1099 1890 1308 1940 ἆπιάλλεις.
1352 1891 1578 1932 comoediae
1605 1904 1791 1932 accenseo

218 1954 319 1993 conl.
345 1952 467 1992 Arist.
493 1952 596 1992 Nub.
626 1954 752 1992 1299.
801 1952 951 2003 Phryn.
978 1965 1076 1992 com.
1106 1954 1142 1992 1.

958 2057 1045 2099 942

505 2115 802 2172 ἀπικρόχολον

339 2191 564 2243 Hesychius
583 2189 625 2231 τὸ
645 2190 720 2231 οὐκ
739 2190 830 2243 ἕχον
850 2189 1007 2242 ξανθὴν
1027 2190 1158 2243 χολήν.
1190 2191 1396 2242 epitheton
1412 2190 1607 2230 comicum
1622 2190 1791 2230 videtur.

959 2307 1046 2350 943

507 2366 721 2414 ἀπίνθιον

342 2442 608 2494 Etymologic.
635 2457 686 2481 m.
715 2443 818 2493 183,
845 2444 899 2481 25
939 2439 1158 2493 ἀψίνθιον,
1197 2437 1302 2489 εἶδος
1339 2441 1509 2494 βοτάνης
1540 2447 1703 2494 πικρᾶς,
1740 2439 1794 2489 ὡς

223 2500 290 2541 καὶ
319 2500 361 2542 τὸ
393 2500 624 2554 ἀβρότονον.
679 2499 778 2541 ἔνιοι
810 2499 851 2541 δὲ
882 2507 960 2541 τῶν
992 2507 1178 2553 κωμικῶν
1210 2500 1404 2542 ἀπίνθιον
1435 2504 1610 2542 καλοῦσι.
1660 2502 1793 2552 Etym.

225 2562 327 2601 Gud.
362 2563 465 2613 102,
498 2564 520 2601 7
563 2557 777 2612 (ἀψίντιον
814 2564 855 2601 et
892 2557 1107 2615 ἀπίντιον).
1175 2560 1393 2601 ἀσπίνθιον
1430 2562 1547 2600 Mein.
1581 2559 1663 2600 1111
1695 2562 1794 2602 382.

227 2622 396 2672 Hesyoh.
428 2618 664 2661 ἀσπίνθιον·
696 2618 907 2672 ἀψίνθιον.
958 2622 1006 2661 cf.
1038 2621 1187 2673 Diphil.
1219 2624 1290 2672 17,
1320 2623 1385 2661 12.
1435 2621 1606 2660 Lobeck.
1636 2620 1794 2662 Pathol.

225 2682 274 2722 el.
299 2681 319 2719 I
344 2682 443 2721 491.

967 2749 1055 2791 944

510 2805 746 2851 ἀποδέκται

346 2882 636 2933 Harpocration
668 2879 766 2934 ἀρχή
791 2897 849 2930 τις
873 2879 967 2934 παρ’
991 2878 1243 2934 Ἀθηναίοις.
1263 2877 1333 2934 ,ἧς
1356 2882 1543 2931 πολλάκις
1568 2859 1795 2934 μνημονεύ-

227 2954 343 2983 ουσιν
368 2941 410 2983 οἱ
437 2940 597 2995 ῥήτορες
621 2939 688 2981 καὶ
713 2940 756 2982 οἱ
775 2942 952 2994 κωμικοί.
1003 2942 1146 2982 Pollux
1172 2945 1212 2993 8,
1238 2944 1292 2982 97
1320 2940 1533 2983 ἀποδέκται
1558 2937 1659 2995 ἦσαν
1686 2940 1794 2993 δέκα,
