2014 3334
243 233 330 276 524
635 214 639 218 ’
885 236 1148 270 ΑΔΕΣΠΟΤΑ

362 346 536 385 Cramer.
561 346 709 386 Anecd.
730 346 800 386 Ox.
823 347 843 385 I
871 349 967 398 191,
987 348 1041 386 27
1075 345 1140 386 καὶ
1172 347 1214 387 οἱ
1236 344 1400 388 Ἀττικοὶ
1431 347 1498 388 διὰ
1527 353 1598 388 τοῦ
1629 351 1657 388 ἆ
1687 354 1810 402 χρῶν-

242 419 303 444 ται
341 401 387 457 (3
419 418 521 456 pers.
555 401 693 460 daal).
744 405 935 457 φοιτάτην
978 428 1037 434 --
1083 406 1334 447 διδασκάλου.
1402 406 1466 447 καὶ
1503 407 1622 447 πάλιν
1664 404 1719 460 (v.
1752 404 1810 463 2).

242 463 393 515 ἔσπων,
433 463 571 512 ἔσπας·
609 463 780 516 ἐσπάτην
816 465 973 518 γνάθον
1011 464 1235 517 εὔχρηστον.
1316 470 1357 506 1.’
1385 466 1506 518 ἔφοιτ.
1537 466 1674 518 Mein]
1707 482 1812 520 φοιτ.

244 526 280 564 3.
315 527 351 563 4.
383 524 555 577 γνάθοιν
590 520 714 579 (wag)
747 522 936 578 εὔκρατον
967 526 1031 565 vel
1063 523 1234 577 ἄκρατον
1264 527 1383 566 Mein.

979 652 1067 696 650

1167 713 1299 763 ἄλλος
1329 715 1438 768 βίος,

527 772 636 826 ἄλλη
671 772 827 814 δίαιτα.
1498 771 1502 774 ’

362 858 558 897 Zenobius
593 861 629 909 1,
664 860 716 897 22
757 857 819 898 ἐπὶ
850 863 927 898 τῶν
966 855 1025 898 ἐπ’
1061 857 1253 910 ἀμείνονα
1283 858 1373 911 βίον
1405 858 1714 911 μεταβαλόντων.
1762 861 1810 900 cf.

243 917 474 967 Diogenian.
510 920 546 970 1,
579 920 635 958 20
668 920 708 957 ein
740 918 848 957 Suid.

969 1011 1087 1053 650a

527 1093 697 1150 εὐρῶτα
728 1095 874 1150 γήρως
905 1092 977 1136 καὶ
1008 1093 1195 1149 πάχνην,

361 1179 603 1220 Aristoteles
636 1180 776 1219 Gener.
810 1181 929 1220 anim.
965 1182 1002 1231 5,
1035 1182 1059 1220 5
1105 1178 1171 1219 καὶ
1213 1174 1257 1220 εὖ
1299 1178 1348 1231 δὴ
1382 1180 1424 1220 οἰ
1455 1179 1613 1232 ποιηταὶ
1649 1179 1692 1221 ἐν
1728 1183 1812 1229 ταῖς

241 1239 465 1295 κωμῳδίαις
486 1237 747 1292 μεταφέρουσι
768 1239 1010 1288 σκώπτοντες
1028 1238 1096 1288 τὰς
1114 1238 1253 1287 πολιὰς
1279 1242 1489 1287 καλοῦντες
1514 1239 1644 1293 γήρως
1663 1238 1812 1292 εὐρῶτα

242 1296 309 1338 καὶ
338 1298 506 1351 πάχνην.

982 1379 1065 1423 651

527 1459 656 1519 εὗρεν
687 1462 714 1517 ἡ
746 1464 883 1513 λοπὰς
913 1464 963 1505 τὸ
996 1469 1136 1518 πῶμα.

361 1548 490 1588 Varro
522 1549 603 1588 Sat.
635 1549 807 1600 Menipp.
841 1551 895 1589 32
929 1564 965 1599 p.
994 1551 1077 1589 128
1111 1548 1267 1588 Oehler.
1319 1549 1487 1587 titulum
1518 1549 1602 1588 sine
1634 1550 1755 1589 dubio
1788 1562 1812 1588 a

241 1608 446 1648 comoedia
483 1610 691 1647 mutuatus
730 1611 803 1649 est.
853 1609 1111 1658 proverbium
1147 1608 1417 1658 aptissimum,
1463 1604 1664 1660 ‘quotiens
1702 1609 1810 1648 vitae

242 1668 433 1707 societate
465 1668 688 1719 iunguntur
719 1669 789 1719 qui
828 1669 1005 1708 moribus
1049 1669 1114 1708 vel
1158 1667 1450 1707 adfectionibus
1493 1668 1645 1707 similes
1689 1664 1810 1707 sunh'.

242 1727 398 1767 Oehler.
448 1728 618 1767 fortasse
649 1728 891 1778 principium
922 1730 983 1767 est
1013 1730 1106 1768 tetr.
1137 1728 1263 1767 ssroeh.

979 1842 1064 1886 652

525 1932 621 1977 ταῖς
651 1925 843 1983 γραυσὶν
876 1925 1056 1981 ἐξούλης
1087 1925 1244 1981 ὀφλεῖν

360 2013 559 2052 Aristides
579 2013 620 2051 II
644 2015 725 2052 133
750 2013 867 2052 Dind.
899 2013 935 2052 εἰ
965 2013 1030 2052 δεῖ
1048 2011 1114 2052 καὶ
1145 2016 1305 2063 μῦθον
1337 2009 1515 2065 λέγειν,
1548 2009 1706 2051 δέδοικα
1737 2010 1811 2065 ἐγὼ

242 2071 296 2124 μὴ
334 2070 401 2111 καὶ
436 2075 520 2119 ταῖς
557 2087 615 2125 γρ.
647 2068 751 2123 ἡμᾶς
783 2071 834 2120 ἐξ.
866 2070 954 2123 ὀφλ.
994 2071 1248 2111 ἐπισκώπτων
1293 2076 1350 2126 φῇ
1394 2086 1451 2118 τις
1491 2069 1593 2124 ἀνὴρ
1630 2070 1812 2122 κωμικός.
1880 2071 1888 2075 ”

243 2132 362 2172 indie.
380 2132 534 2171 Nauck.
555 2154 603 2159 —
627 2132 819 2182 Harpoer.
869 2130 1030 2183 ἐξούλης
1049 2129 1175 2183 ὄνομα
1195 2131 1320 2182 δίκης,
1339 2127 1392 2181 ἣν
1411 2129 1626 2183 ἐπάγουσιν
1653 2130 1701 2170 οἱ
1721 2130 1812 2181 φά-

241 2202 323 2231 σκο
336 2206 438 2238 ντες
470 2189 771 2244 ἐξείργεσθαι
801 2196 890 2231 τῶν
923 2191 1059 2230 ἰδίων
1083 2189 1182 2230 κατὰ
1200 2195 1278 2230 τῶν
1297 2188 1558 2242 ἐξειργόντων.
1609 2191 1656 2229 ef.
1676 2190 1812 2230 Meier.

242 2251 418 2291 Sehoem.
451 2252 536 2290 Art.
570 2251 681 2290 Proe.
718 2252 814 2290 748.
859 2251 1075 2302 Phrynieh.
1109 2263 1205 2290 com.
1239 2251 1307 2289 42.

989 2377 1075 2420 653

740 2495 748 2502 .
811 2462 954 2503 ἔοικεν
980 2460 1177 2515 Εὐρίπου
1209 2466 1434 2515 στροφαῖς.

360 2549 554 2587 Libanius
584 2547 646 2587 III
680 2549 777 2595 327,
810 2549 834 2587 5
869 2541 981 2602 ἐῴκει
1012 2544 1061 2596 δὴ
1094 2544 1135 2585 τὸ
1160 2544 1369 2599 γινόμενον
1400 2549 1477 2585 κτλ.
1524 2546 1656 2585 Strab.
1686 2546 1808 2596 1‚‹55

243 2606 263 2647 ὁ
296 2606 532 2654 Χαλκιδικὸς
565 2603 785 2660 (πορθμός,
818 2607 842 2646 i.
869 2620 901 2646 e.
933 2603 954 2645 ὅ
992 2602 1195 2658 Εὔριπος)
1234 2603 1390 2652 ἑπτάκις
1434 2600 1623 2659 (ἑκάστης
1665 2601 1812 2656 ἡμέρας

243 2662 500 2720 μεταβάλλει).
551 2668 599 2707 cf.
634 2669 671 2715 9,
705 2668 802 2706 403.
1787 2666 1799 2669 ’

984 2744 1071 2787 654

743 2862 751 2870 .
813 2835 1017 2882 γενναῖος
1049 2827 1097 2870 ἐκ
1127 2829 1396 2882 βαλλαντίου

363 2916 560 2955 Zenobius
595 2918 632 2963 2,
666 2918 719 2954 88
765 2912 828 2954 ε’πὶ
866 2920 943 2953 τῶν
982 2912 1047 2953 διὰ
1083 2912 1162 2952 τὸν·
1187 2916 1359 2953 πλοῦτον
1398 2912 1569 2966 εὐγενῶν
1605 2906 1706 2951 εἶναι
1744 2911 1811 2951 δο-
