2014 3334
276 237 298 275 'l
308 236 364 276 24
918 237 1020 271 ΜΕΝ
1022 236 1217 271 ΑΝΔΡΟΤ

1021 344 1110 386 425

491 414 513 457 ὁ
547 416 604 470 μὴ
640 416 875 470 δεχόμενος
906 422 995 457 τῶν
1026 419 1148 457 θεῶν
1179 416 1228 458 τὸ
1262 415 1497 470 σύμφορον

490 486 608 544 αὐτῷ
643 487 862 528 διδόντων
894 484 1021 528 ἕνεκα
1052 491 1133 528 τοῦ
1167 488 1258 541 ζῆν,
1291 486 1344 528 οὐ
1377 486 1583 540 βούλεται

636 592 643 600 .
706 558 755 600 τὸ
789 554 830 599 δ’
868 556 1044 612 ἀτυχεῖν
1076 556 1103 612 ἢ
1134 557 1184 599 τὸ
1216 557 1275 613 μὴ

489 630 596 680 θεὸς
628 629 830 683 δίδωσιν,
863 628 918 671 οὐ
949 629 1116 685 τρόπου
1149 624 1191 670 δ’
1227 625 1325 672 ἔσθ’
1361 628 1561 685 ἁμαρτία.

396 715 592 755 Stobaeus
623 716 707 755 Eol.
742 719 779 766 2,
813 711 928 769 SU),
963 717 999 755 9.
1034 718 1098 755 9a
1130 714 1331 754 Wachsm.
1377 710 1484 768 (περὶ
1515 719 1594 754 τῶν
1631 710 1696 765 ἐφ’
1730 709 1846 768 ἡμῖν)

277 774 523 827 Μενάνδρου
547 771 802 831 Ῥαπιζομένῃ
830 775 859 812 F
893 788 992 825 mrg.
1057 777 1094 814 1.
1127 773 1331 826 σύμφερον
1358 769 1450 827 (sio)
1477 775 1647 814 Heeren.
1676 795 1677 798 =
1709 777 1746 813 2.
1779 772 1848 812 αὐ-

275 840 352 874 τῶν
390 835 524 874 Pauw.
564 834 611 874 οὔ
652 836 727 874 del.
760 834 871 874 (ἑνοῖ.
933 833 1132 886 βούλεται;
1176 834 1370 873 Badham.
1397 835 1537 873 Philol.
1569 834 1605 872 X
1631 835 1728 873 340.
1809 835 1846 874 4.

276 890 312 933 δ’
348 891 455 944 ἔσθ’]
486 891 576 933 ’σθ’
612 895 731 933 Mein.
782 891 817 933 δ’
853 894 1023 933 Hem-en.
1073 891 1241 945 ἁμαρτία
1271 892 1323 944 F]
1357 891 1566 945 ἁμάρτημα
1598 894 1639 932 Ρ.
1670 896 1847 940 τοιοῦτος

275 952 447 1004 ἀτυχεῖν·
479 951 531 1005 ἢν
564 951 606 993 δὲ
637 952 691 1004 μὴ
723 952 818 1001 θεὸς
850 953 969 1009 διδῷ,
997 952 1003 1003 Ι
1030 958 1100 993 τοῦ
1120 951 1173 1004 μὴ
1196 952 1389 1004 διδόντος,
1421 951 1469 992 οὐ
1489 967 1543 1004 τρ.
1562 955 1639 992 κτλ.
1671 952 1847 992 Grotius.

276 1007 391 1060 οὗτος
422 1011 596 1065 ἀτυχεῖν·
628 1011 698 1052 ἐὰν
730 1011 772 1052 δὲ
804 1016 898 1064 κτλ.,
931 1015 980 1051 ut
1012 1012 1137 1064 Gro'c„
1168 1013 1286 1053 Mein.
1322 1034 1372 1041 —
1406 1027 1442 1052 v.
1471 1015 1507 1052 3.
1534 1015 1560 1051 4
1594 1026 1617 1051 a
1646 1012 1848 1063 prioribus

277 1075 446 1123 separat,
480 1074 537 1112 sic
570 1073 745 1112 scribens
771 1084 939 1108 υ-υ-ῦ
963 1071 1005 1111 τὸ
1038 1068 1075 1111 δ’
1110 1070 1266 1124 ἀτυχεῖν
1298 1069 1371 1111 τιν’
1407 1069 1432 1124 ἢ
1464 1071 1506 1111 τὸ
1533 1069 1586 1124 μὴ
1615 1068 1622 1126 Ι
1648 1075 1691 1111 θ.
1717 1071 1766 1123 δ.,
1798 1069 1847 1111 οὐ

274 1130 420 1184 τρόπου
442 1128 536 1171 ’σθ’
566 1130 631 1184 ἄμ.
665 1133 857 1171 Badham.
889 1129 915 1184 ἢ
947 1130 988 1171 τὸ
1021 1130 1074 1183 μὴ
1107 1132 1182 1171 del.
1216 1132 1261 1171 O.
1286 1133 1432 1171 Hense.
1494 1145 1596 1182 quae
1628 1132 1707 1171 duo
1739 1132 1845 1183 frag-

275 1194 411 1231 menta
449 1192 594 1231 statuit
630 1191 896 1243 Badhamius‚
934 1205 1072 1232 eorum
1108 1194 1298 1231 neutrum
1337 1197 1444 1232 stare
1482 1194 1632 1242 potest,
1674 1192 1845 1230 alterum

277 1253 412 1290 autem
444 1264 468 1291 a
499 1252 631 1302 priore
664 1253 895 1302 separafium
925 1252 1047 1291 titulo
1081 1252 1174 1291 libri
1206 1252 1291 1291 Ecl.
1325 1254 1348 1291 2
1382 1265 1462 1291 non
1494 1251 1690 1291 convenit.
1747 1250 1846 1289 mihi

275 1311 526 1350 scribendum
558 1312 735 1351 videtur:
785 1309 806 1350 ὁ
838 1309 890 1362 μὴ
930 1309 1138 1362 δεχόμενος
1177 1316 1256 1350 τῶν
1287 1315 1396 1350 θεῶν
1427 1309 1469 1350 τὸ
1502 1309 1712 1362 σύμφορον
1740 1306 1746 1362 Ι
1774 1309 1846 1349 αὐ-

274 1376 350 1409 τῶν
377 1370 568 1410 διδόντων
588 1369 701 1410 ἕνεκα
720 1375 789 1410 τοῦ
811 1371 882 1422 ζῆν
913 1369 1136 1422 εὐτυχῶς,
1165 1374 1170 1419 Ι
1199 1369 1248 1410 οὐ
1268 1367 1433 1422 βούλεθ’
1465 1365 1580 1417 οὗτος
1611 1368 1847 1422 εὐτυχεῖν·

275 1428 344 1468 ἐὰν
377 1427 418 1469 δὲ
450 1428 502 1481 μὴ
532 1431 537 1479 Ι
566 1429 674 1469 θεοὶ
707 1430 928 1478 διδῶσιν,
962 1428 1009 1469 οὐ
1041 1429 1189 1481 τρόπου
1217 1426 1308 1469 ’σθ’
1345 1428 1410 1481 ἅμ.

1023 1546 1109 1587 426

560 1628 759 1685 ἀτύχημα
790 1628 1010 1684 κάδίκημα
1045 1629 1268 1685 διαφορὰν
1301 1629 1406 1684 ἔχει·

561 1701 610 1742 τὸ
643 1697 724 1756 μὲν
757 1700 831 1742 διὰ
861 1699 1001 1755 τύχην
1031 1701 1216 1755 γίνεται,
1248 1701 1297 1742 τὸ
1331 1697 1371 1742 δ’
1407 1698 1583 1756 αἱρέσει.

393 1786 592 1826 Stobaeus
612 1787 696 1826 Ecl.
718 1789 756 1837 2,
779 1782 896 1839 8(7),
931 1789 954 1826 7
988 1786 1190 1826 Wachsm.
1223 1785 1470 1838 Μενάνδρου
1491 1787 1569 1826 FP.
1601 1767 1846 1838 ραπιζομένὲ)

274 1847 363 1885 add.
402 1846 594 1897 August„
630 1859 712 1886 non
752 1847 877 1886 Vatia.
914 1847 1076 1885 fabulae
1117 1859 1262 1885 nomen
1304 1859 1376 1897 per
1418 1859 1594 1886 errorem
1632 1859 1680 1885 ex
1717 1847 1787 1886 ecl.
1822 1849 1846 1887 9

275 1902 340 1960 (fr.
363 1901 468 1959 425)
500 1906 718 1956 repetitum
749 1908 884 1945 censet
905 1906 1105 1945 Wachsm.
1138 1906 1245 1957 quod
1277 1906 1310 1945 si
1335 1919 1474 1946 verum
1507 1908 1579 1956 est,
1613 1907 1662 1945 ad
1693 1907 1846 1945 incerta

273 1966 408 2015 potius
430 1967 700 2017 fragmentum
720 1966 909 2017 pertines).
975 1968 1010 2004 1.
1043 1963 1109 2004 καὶ
1129 1963 1231 2005 ἀδίκ.
1253 1966 1329 2004 FP.
1392 1968 1430 2004 2.
1461 1963 1503 2005 τὸ
1523 1963 1594 2017 μὲν
1614 1963 1841 2018 Wyttenb]

273 2023 315 2064 τὸ
347 2022 418 2076 μὲν
449 2023 523 2078 γὰρ
555 2025 597 2064 Ρ.
647 2024 688 2064 τὸ
721 2022 792 2076 μὲν
825 2023 891 2064 διὰ
922 2023 1044 2077 τύχην
1076 2023 1150 2078 γὰρ
1182 2026 1224 2064 F.
1277 2022 1319 2064 τὸ
1352 2022 1423 2076 μὲν
1454 2024 1549 2081 τύχῃ
1581 2023 1655 2078 γὰρ
1687 2025 1804 2083 Mein.

1022 2141 1107 2184 427

560 2220 628 2280 ἆρ’
666 2222 786 2267 ἐστὶν
818 2224 1006 2280 ἀγαθῶν
1037 2229 1144 2267 πᾶσι
1175 2225 1393 2267 πλείστων
1424 2223 1522 2276 ἀξία

559 2295 585 2350 ἡ
619 2296 810 2350 σύνεσις,
842 2295 898 2338 ἂν
929 2290 957 2353 ᾗ
988 2297 1099 2352 πρὸς
1129 2298 1179 2338 τὰ
1209 2297 1366 2351 βελτίω
1399 2296 1530 2351 σοφή.

394 2382 518 2421 Orion
548 2382 793 2433 Anthologn.
816 2385 854 2433 1,
887 2384 940 2422 15
975 2381 1018 2422 ἐκ
1041 2378 1320 2434 Ῥαπιζομένης
1351 2381 1611 2434 Μενάνδρου.
1650 2381 1845 2422 Stobaeus

275 2442 383 2480 Flor.
417 2444 455 2492 3,
491 2444 513 2480 7
549 2441 795 2493 Μενάνδρου
829 2442 864 2480 Α
898 2437 1235 2496 (πα-νταπλείστων
1267 2437 1400 2496 αἰτία).
1463 2444 1582 2493 abque
1624 2441 1727 2481 αἰτία
1758 2442 1845 2492 qui-

276 2502 364 2540 dem
396 2502 482 2540 iure
515 2502 710 2552 probatur
743 2501 891 2540 Oobeto
924 2502 971 2540 N.
1004 2502 1030 2540 1.
1064 2504 1131 2541 80.

1013 2617 1100 2659 428

560 2699 727 2755 τούμὸν
757 2700 1024 2757 θυγάτριον·
1056 2675 1184 2743 πάνυ
1205 2700 1290 2757 γάρ
1322 2699 1414 2744 ἐστι
1444 2705 1496 2757 τῇ
1530 2700 1663 2756 φύσει

634 2807 642 2815 .
705 2771 1031 2828 φιλάνθρωπον
1062 2772 1111 2814 τὸ
1143 2771 1381 2827 παιδάριον
1413 2772 1600 2828 σφόδρα.

398 2857 579 2896 Clemens
613 2854 724 2897 Alex.
756 2858 873 2897 Paed.
909 2861 945 2909 1,
978 2860 1017 2910 4,
1051 2861 1102 2898 11
1150 2857 1337 2897 δοκοῦσιν
1369 2857 1411 2897 οἱ
1432 2854 1596 2897 Ἀττικοὶ
1632 2856 1844 2908 παιδάριον

281 2915 487 2963 ἔπικοίνως
526 2915 574 2955 οὐ
612 2916 737 2968 μόνον
767 2916 809 2956 τὸ
850 2914 968 2970 ἄρρεν
1005 2915 1102 2957 ἀλλὰ
1133 2915 1199 2956 καὶ
1229 2915 1270 2956 τὸ
1302 2919 1409 2969 θῆλυ
1441 2913 1690 2968 κεκληκέναι,
1727 2915 1769 2956 εἴ
1790 2930 1842 2973 τῳ
