2014 3334
524 235 889 271 ΚΑΤΑΛΟΓΑΔΠΝ
915 234 1437 268 ΜΕΤΕΣΧΗΜΑΤΙΣΜΕΝΛ
1679 230 1733 272 67
1741 230 1765 271 7

190 349 234 392 οἰ
249 348 339 391 θεολ
366 348 373 399 Ι
400 344 564 397 αὐτοὺς)
590 346 814 400 ἔτρεψαν·
847 348 872 386 4
893 344 1018 399 κάγὼ
1045 345 1231 400 σπουδῇ
1253 340 1339 397 (καὶ
1358 342 1425 383 διὰ
1441 343 1620 396 σπουδῆς
1646 339 1740 397 ἐγὼ)

189 408 577 463 καταβροχθίσας
607 403 754 447 πάνθ’
789 405 869 447 ὅσα
900 403 1072 446 ἐνέκειτο
1093 400 1226 460 (ὁπόσ’
1250 399 1366 457 ἐνῆν)
1392 407 1492 452 τοῖς
1519 403 1740 444 σκεύεσιν

189 470 309 527 φίλῳ
347 469 587 510 πανδοκεῖ
616 466 702 519 τὴν
743 466 920 520 χύτραν
963 464 1043 506 καὶ
1078 464 1127 505 τὸ
1170 464 1427 515 λοπάδιον,
1464 462 1518 503 τὰ
1562 463 1767 515 λείψανα

188 536 279 570 τῶν
311 528 607 582 κλεμμάτων,
638 527 844 580 χάρισμα
875 525 972 574 δοὺς
997 524 1098 578 ἔχειν
1122 523 1357 577 ἀπεχώρησα
1389 519 1581 579 (fortasse
1605 522 1648 564 τὸ
1680 526 1767 564 λοπ.

187 588 254 630 καὶ
278 604 307 630 τ,
334 605 382 642 χ.,
411 587 458 628 τὰ
483 591 514 628 λ.
543 585 550 640 Ι
577 593 655 627 τῶν
686 590 759 638 κλ.,
790 586 893 642 φίλῳ
918 601 949 638 χ.
975 585 1095 626 πανδ.
1123 581 1130 638 Ι
1159 583 1439 637 δωρησάμενος
1469 580 1688 637 ἀπῆλθον).

306 649 484 689 narratio
517 648 621 688 servi
654 648 703 686 de
735 647 844 686 furto
884 648 975 697 posi:
1011 646 1142 685 multa
1172 645 1353 696 pericula
1385 645 1559 683 felicisser
1590 646 1764 695 peracto.

187 711 237 751 cf.
267 709 404 749 Herm.
435 709 530 747 XXI
562 710 647 747 404
661 720 718 758 sq.
778 707 878 746 Mus.
914 707 1038 746 Rhen.
1070 706 1206 745 XLIII
1238 706 1306 744 37.
1341 706 1379 743 8.
1432 704 1512 743 fuit
1555 705 1623 755 qui
1667 705 1767 743 haec

186 782 345 822 quoque
374 770 541 820 propter
572 767 756 807 Οανίοηὶε
791 779 936 806 nomen
967 768 1009 806 et
1045 778 1183 806 vocem
1221 762 1369 817 φρέαρ,
1418 764 1564 814 quibus
1602 764 1768 803 cuilibet

186 829 324 869 Attico
350 829 410 868 uti
436 828 595 880 licebat,
621 841 669 867 ex
693 827 966 877 Aristophane
993 822 1120 880 (Plut,
1152 823 1284 874 1168)
1313 825 1444 875 petita.
1469 836 1556 863 esse
1584 824 1766 875 opinare-

187 892 266 939 tur,
297 901 543 941 quamquam
573 900 739 938 prorsus
770 887 953 927 diversae
986 888 1081 925 sunt
1112 898 1290 925 scaenae.

306 947 527 1002 μεμβράδες
558 943 641 1002 (vel
667 942 824 1000 βεμβρ.)
855 948 898 986 et
927 944 1057 996 ἀφύαι
1088 946 1266 985 eiusdem
1300 947 1393 984 sunt
1422 944 1592 996 generis.
1618 943 1766 983 Athen.

189 1012 226 1060 7,
259 1011 343 1050 285
360 1009 428 1049 ab.
491 1021 538 1048 ex
581 1007 763 1059 utrisque
806 1008 975 1058 paratur
1018 1004 1274 1059 μεμβραφύη.
1334 1004 1482 1044 Athen.
1523 1005 1567 1054 7,
1607 1004 1766 1044 28706.

186 1069 433 1120 Aristonym.
462 1071 499 1108 2.
550 1069 778 1117 Mcyaricae
809 1079 937 1117 apuae
968 1067 1010 1105 in
1042 1067 1194 1106 minore
1225 1065 1355 1116 pretio
1388 1066 1505 1104 erant
1532 1064 1767 1103 Phaleriois.

307 1129 348 1168 in
379 1128 513 1169 verbis
544 1132 623 1167 τῶν
653 1125 732 1167 ἀπὸ
763 1126 897 1178 τηλίας
929 1127 1046 1167 omisi
1078 1126 1291 1166 articulum
1319 1127 1478 1164 secutus
1504 1124 1650 1174 Eupol.
1679 1125 1764 1164 346

95 1202 104 1206 ·
185 1194 264 1230 τῶν
299 1187 389 1242 περὶ
424 1187 599 1242 τάγηνον
631 1185 699 1227 καὶ
736 1183 815 1239 μετ’
850 1183 1012 1239 ἄριστον
1049 1186 1189 1238 φίλων.
1246 1185 1410 1224 Lucian.
1448 1184 1529 1224 Iov.
1570 1186 1675 1235 trag.
1710 1186 1763 1223 15

186 1250 457 1301 λιβανωτοῦ
501 1246 736 1300 χόνδρουνς
772 1244 1016 1299 τέτταρας,
1054 1240 1104 1287 εὖ
1149 1245 1271 1299 μάλα
1318 1243 1669 1297 εὐρωτιῶντας,
1707 1241 1767 1292 ὡς

188 1308 359 1350 αὐτίκα
391 1307 743 1361 ἐπισβεσθῆναι
772 1308 826 1364 τῷ
856 1304 1045 1359 ἄνθρακι.

920 1411 1032 1454 1561

304 1502 527 1553 Aleiphron
553 1503 592 1551 3,
613 1502 723 1551 62‚2
758 1498 812 1539 οὐ
843 1497 919 1552 γὰρ
951 1497 1190 1551 βούλομαι
1222 1497 1391 1550 χείρων
1423 1501 1643 1548 φανῆναι
1675 1503 1767 1536 τῶν

186 1567 346 1603 κυνῶν
377 1558 429 1615 (χ.
450 1577 492 1612 φ.
511 1575 542 1600 τ.
563 1558 668 1599 κ.οὐ
693 1556 764 1614 β.),
797 1555 804 1612 Ι
832 1559 881 1598 αἳ
916 1564 1006 1598 τῶν
1038 1557 1312 1610 τρεφόντων
1343 1558 1670 1609 προφυλακτοῦσι
1700 1555 1767 1596 καὶ

186 1622 386 1674 κήδονται.
413 1618 420 1673 Ι
449 1619 615 1674 μοιχὸς
646 1622 900 1671 πολιορκεῖ
926 1613 1118 1673 (fortasse
1151 1618 1240 1657 add.
1263 1612 1529 1667 Λυσικλέους,
1561 1618 1610 1655 cf.
1641 1615 1766 1668 infra)

186 1681 271 1734 τὴν
304 1681 462 1722 οἰκίαν
577 1678 644 1719 καὶ
673 1678 772 1733 πρὸς
802 1683 943 1718 τοῦτον
974 1677 1323 1731 γραμματείδια
1355 1674 1590 1728 ὁσημέραι
1621 1679 1765 1732 φοιτᾷ

187 1742 367 1794 δίθυρα
411 1737 494 1795 (ὅσ.
531 1738 537 1790 Ι
573 1755 616 1790 φ.
647 1738 746 1791 πρὸς
777 1737 899 1778 αὐτὸν
932 1738 966 1778 δ.
998 1733 1078 1792 γρ.)
1106 1736 1112 1790 Ι
1140 1735 1268 1790 παρὰ
1299 1742 1382 1788 τῆς
1418 1734 1651 1789 γυναικὸς
1690 1731 1767 1790 (sic

186 1799 371 1853 Lucian.)
408 1806 488 1853 τῆς
525 1804 730 1853 γαμετῆς
767 1794 850 1851 (sie
881 1798 979 1847 Alc„
1011 1798 1182 1838 fortasse
1215 1798 1303 1836 add.
1341 1801 1412 1836 τοῦ
1448 1795 1670 1848 προστάτου
1702 1798 1766 1836 vel

187 1856 399 1915 δεσπότου)
433 1861 438 1908 Ι
471 1858 538 1899 καὶ
575 1856 804 1910 στέφανοι
836 1854 909 1907 (στ.
935 1872 974 1897 τε
1000 1858 1089 1898 add.
1116 1853 1302 1910 φοιτῶσίγ)
1333 1853 1658 1908 ἡμιμάραντοι
1689 1856 1771 1895 καί

186 1938 292 1962 τινα
318 1918 427 1976 (add.
447 1914 562 1974 Luc.)
583 1914 588 1974 Ι
611 1915 712 1972 μῆλ’
742 1914 1105 1971 ἀποδεδηγμένῖ
1158 1919 1183 1957 3
1211 1916 1262 1956 αἱ
1290 1913 1326 1955 δ’
1356 1910 1767 1970 ἀλάστορεςΙαῦται

186 1980 534 2034 θεραπαινίδες
572 1979 795 2028 ξυνίσασι
826 1976 1145 2030 χῆπιτύμβιος
1175 1972 1179 2031 Ι
1206 1981 1375 2030 γραῦς,
1399 1973 1459 2027 ἣν
1486 1972 1766 2029 ’Ἐμπουσαν

186 2041 395 2088 ἅπαντες
426 2040 474 2080 οἷ
495 2038 611 2079 κατὰ
641 2037 727 2091 τὴν
753 2038 912 2079 οἰκίαν
934 2040 1067 2077 καλεῖν
1088 2035 1280 2077 εἰώθασιν
1307 2032 1378 2089 (ἣν
1402 2032 1565 2075 καλοῦσ’
1595 2035 1765 2084 ἅπαντες

188 2102 231 2143 οἴ
250 2097 332 2141 κατ’
364 2100 438 2141 οἰκ.
461 2095 620 2155 Ι”Εμπ.)
647 2098 689 2140 ἐκ
713 2103 783 2140 τοῦ
809 2097 938 2138 πάντα
963 2100 1093 2138 ποιεῖν
1119 2095 1187 2137 καὶ
1212 2095 1421 2149 βιάζεσθαι
1440 2091 1668 2150 (Demosth.
1699 2098 1766 2147 18,

191 2164 276 2202 130
301 2159 367 2201 καὶ
391 2155 585 2214 πάσχειν).
629 2157 704 2214 ἐγὼ
731 2155 767 2199 δ’
793 2155 920 2213 (ἀλλ’)
941 2157 1027 2198 οὐκ
1052 2153 1151 2197 ἔσθ’
1182 2155 1306 2204 ὅπως
1333 2155 1602 2209 σιγήσομαι.
1624 2150 1629 2210 Ι
1651 2155 1765 2208 βού-

187 2225 330 2275 λομαι
359 2219 434 2274 γὰρ
466 2218 672 2272 ἐμαυτὸν
697 2218 752 2260 οὗ
778 2218 1062 2271 παράσιτον,
1087 2215 1186 2256 ἀλλὰ
1212 2217 1355 2268 φίλον
1383 2211 1521 2270 (φίλον
1548 2212 1584 2254 δ’
1615 2214 1688 2268 έμ.,
1717 2215 1766 2255 οὐ

188 2296 228 2322 π.
254 2276 312 2335 β.)
337 2276 340 2334 Ι
364 2279 553 2328 ἐπιδεῖξαι
585 2311 593 2320 .
622 2311 629 2319 .
657 2311 665 2320 .
698 2281 724 2319 4
758 2277 779 2319 ὁ
806 2277 940 2331 μοιχὸς
966 2276 1008 2318 δὲ
1026 2272 1031 2333 Ι
1052 2276 1299 2318 ἀπολεῖται
1324 2275 1564 2329 ῥαφάνοις
1591 2271 1650 2329 (ρ’.
1677 2271 1766 2328 ἀπ.)

188 2339 273 2393 τὴν
297 2339 442 2393 ἕδραν
467 2338 782 2392 βεβυσμένος,
804 2335 809 2393 Ι
831 2336 856 2390 ἡ
879 2335 927 2378 δὲ
954 2336 1099 2391 μιαρὰ
1123 2335 1226 2391 γυνὴ
1250 2331 1255 2390 Ι
1277 2336 1421 2376 τείσει
1445 2334 1519 2387 τὴν
1545 2333 1660 2383 ἀξίαν
1685 2341 1767 2387 τῆς

188 2400 449 2448 ἀκολασίας
481 2399 639 2451 δίκην,
661 2394 666 2453 Ι
688 2399 730 2439 εἰ
759 2397 820 2452 μὴ
846 2397 1126 2451 Πολιάγρου
1151 2401 1222 2437 τοῦ
1242 2401 1389 2449 κυρτοῦ
1415 2394 1766 2448 βλακικώτερος

190 2456 265 2516 (sic
279 2461 417 2500 Cobet.
429 2473 502 2511 pro
522 2458 808 2513 μαλακώτερος,
823 2459 909 2498 add.
923 2452 1044 2512 πολὺ)
1061 2452 1067 2512 Ι
1084 2455 1210 2497 ἔστιν
1229 2455 1281 2496 τὰ
1294 2461 1491 2496 τοιαῦτα
1505 2458 1767 2507 Λυσικλῆς.

308 2520 470 2559 Lucian.
503 2520 646 2559 Toxar.
682 2521 733 2559 13
771 2517 836 2558 καὶ
867 2517 1091 2571 γραμμάτιά
1122 2531 1161 2556 τε
1193 2515 1391 2567 εἰσεφοίτα
1422 2514 1528 2570 αὐτῷ
1559 2513 1668 2567 παρὰ
1698 2520 1767 2566 τῆς

188 2578 377 2634 γυναικὸς
407 2577 474 2618 καὶ
499 2577 686 2630 στέφανοι
714 2575 980 2631 ἡμιμάραντοι
1010 2575 1076 2616 καὶ
1108 2576 1212 2630 μῆλά
1248 2591 1336 2616 τινα
1367 2573 1670 2628 ἀποδεδηγμένα
1701 2573 1767 2614 καὶ

189 2638 306 2680 ἅλλα
331 2637 481 2679 ὁπόσα
507 2639 558 2678 αἵ
579 2637 843 2692 μαστροποὶ
861 2641 948 2686 τοῖς
967 2635 1095 2685 νέοις
1115 2635 1513 2690 ἐπιμηχανῶνται.
1547 2638 1588 2674 et
1601 2635 1766 2674 Lucian.

189 2702 350 2752 Peregr.
376 2702 400 2739 9
435 2697 597 2752 διέφυγε
629 2698 821 2752 ῥαφανῖδι
852 2697 925 2749 τὴν
955 2695 1090 2750 πυγὴν
1121 2698 1147 2749 β
1156 2694 1429 2749 εβυσμένος.
1476 2692 1633 2735 ‘versus
1664 2696 1767 2735 latet

191 2755 360 2801 comici'.
415 2758 606 2798 Valcken.
639 2759 800 2810 Hippol.
834 2759 932 2798 415.
986 2753 1137 2808 ‘potuit
1168 2757 1254 2796 fieri
1285 2759 1332 2796 ut
1362 2757 1404 2795 in
1434 2755 1640 2795 comoedia.
1670 2755 1765 2794 talis

191 2832 331 2861 versus
369 2820 546 2858 exstaret
582 2817 720 2872 φεύγει
759 2817 952 2870 ῥαφανῖδι
981 2815 1055 2868 τὴν
1085 2815 1219 2870 πυγὴν
1250 2812 1350 2869 βεβ.’
1404 2815 1594 2855 Fritzsch.
1627 2817 1671 2854 ab
1701 2816 1765 2855 vel

190 2881 356 2931 propter
381 2880 553 2917 metrum
581 2893 627 2917 ex
650 2879 888 2929 Alciphrone
915 2877 1187 2928 recipiendum
1213 2879 1301 2916 erat
1319 2874 1391 2927 τὴν
1411 2873 1542 2929 ἕδραν.
1592 2875 1639 2916 cf.
1662 2875 1763 2915 Mus.

193 2941 317 2980 Rhen·
348 2938 483 2978 XLIII
514 2940 582 2979 38.
616 2940 653 2979 9.
