2014 3334
212 213 215 216 ‚
273 233 361 274 234
593 250 596 255 ,
917 237 1214 271 MENANAPOT

1014 369 1098 411 887

703 484 712 493 .
775 450 1004 508 ἐξάραντες
1035 451 1357 509 ε’πικροτήσατε.

392 537 520 577 Sehol.
562 538 769 590 Aristoph.
806 540 912 579 Plut.
954 541 1037 579 689
1084 537 1327 593 Μένανδρος
1357 542 1434 579 κτλ.
1509 538 1734 593 ἐξάραντες,
1777 538 1846 588 τὰς

272 599 424 650 χεῖρας,
467 598 574 649 quod
617 598 731 638 initio
775 600 936 650 supplet
978 599 1161 639 Dindorf.
1234 600 1282 638 cf.
1327 599 1461 650 adesp.
1503 601 1599 639 771.
1668 595 1846 640 ‘sublatis

271 659 452 697 manibus
476 654 682 706 plaudite&
743 659 971 698 Hemsterh.

1015 764 1100 806 888

701 880 710 889 .
772 845 1043 903 ἀπεκήρυξεν
1074 846 1214 901 αὐτὴν
1247 845 1437 902 ἀγαγών.

389 932 627 972 Ammonius
660 935 712 972 81
755 932 1004 986 ἀποκηρῦξαι
1041 931 1223 986 λέγουσιν
1262 931 1326 972 ἐπὶ
1355 938 1426 972 τοῦ
1457 931 1536 972 ὑπὸ
1571 932 1715 987 κήρυκι
1745 931 1845 974 ἀπο-

271 991 463 1031 δίδοσθαί
495 1007 542 1031 τι.
604 990 847 1047 Μένανδρος
878 996 956 1032 κτλ.
1018 988 1106 1033 οἷον
1148 991 1227 1032 ’ὑπὸ
1272 991 1416 1046 κήρυκι
1458 991 1646 1044 ἕπώλησε.
1707 994 1845 1034 eadem

272 1054 354 1091 fere
386 1052 629 1092 Bachmann.
661 1053 809 1092 Anecd.
842 1053 884 1092 II
911 1055 1007 1102 378,
1042 1055 1111 1104 23,
1141 1053 1220 1092 nisi
1252 1053 1359 1103 quod
1395 1051 1643 1107 ὑπεκήρυξεν
1679 1054 1846 1104 praebet

271 1114 311 1150 et
341 1109 602 1166 ὑποκηρύξαι.
664 1116 784 1164 atque
816 1111 1102 1167 ἀποκηρύττειν
1134 1113 1190 1152 sic
1215 1113 1423 1152 Demosth.
1445 1114 1512 1164 23,
1548 1115 1631 1154 201
1666 1115 1707 1152 eb
1737 1114 1846 1153 haud

269 1184 360 1210 raro
392 1172 612 1224 Lucianus,
648 1171 935 1227 ὑποκηρύττειν
968 1168 1149 1227 (-εσθαι)
1188 1185 1268 1212 non
1305 1173 1466 1212 videtur
1505 1173 1729 1224 significare
1765 1173 1845 1213 nisi

264 1244 338 1280 per
361 1244 595 1281 praeconem
622 1236 889 1282 pronuntiare.
927 1255 975 1261 ——
1012 1231 1231 1286 ἀπαγαγών
1261 1233 1380 1272 Mein.

1020 1361 1105 1404 889

555 1445 637 1500 τὴν
669 1444 940 1502 ἀλεκτρυόνα
971 1461 1047 1501 μοι
1079 1446 1187 1495 δοὺς
1219 1443 1367 1502 ᾤχετο.

390 1532 626 1582 Harpocrat.
663 1534 715 1571 13
757 1533 839 1571 cod.
873 1534 994 1572 Marc.
1025 1527 1256 1585 ’ἀλεκτρυὼν
1293 1529 1358 1570 ἐπὶ
1395 1530 1540 1582 θήλεος
1577 1529 1643 1570 καὶ
1679 1528 1844 1584 ἄρρενος

271 1588 434 1644 λέγεται·
471 1590 538 1631 καὶ
570 1589 814 1645 Μένανδρος
844 1595 922 1631 κτλ.
985 1588 1092 1631 Ἶρι-13.
1125 1606 1193 1643 μοι
1225 1587 1463 1630 delendum?
1502 1591 1621 1629 Mein.

1012 1696 1099 1739 890

556 1781 757 1837 κρίσιμος
787 1781 872 1836 γὰρ
905 1779 1015 1835 αὕτη
1048 1781 1228 1834 γίνεται.

391 1867 535 1905 Pollux
559 1868 597 1916 4,
629 1869 709 1906 178
742 1867 838 1919 τάχα
871 1863 906 1906 δ’
942 1865 992 1906 ἂν
1025 1866 1143 1922 ἰατρῷ
1175 1865 1368 1920 προσήκοι
1399 1863 1466 1905 καὶ
1496 1865 1674 1919 κρίσιμος
1706 1863 1842 1919 ἡμέρα.

271 1923 514 1979 Μένανδρος
543 1925 618 1980 γὰρ
649 1925 737 1980 περὶ
767 1933 836 1979 τῆς
867 1925 1039 1978 ἑβδόμης
1070 1924 1194 1979 λέγων
1226 1926 1328 1977 φησί
1355 1928 1431 1965 κτλ.

557 2135 684 2181 εἷπον
716 2135 764 2180 δὲ
796 2140 842 2180 τί
868 2146 1015 2181 ποιεῖν
1045 2136 1234 2193 μέλλετε.

389 2226 620 2277 Etymolog.
639 2239 690 2264 m.
713 2226 811 2276 302,
833 2227 885 2264 26
919 2223 961 2264 τὸ
987 2223 1268 2277 προστακτικὸν
1299 2219 1412 2264 εἶπον
1440 2222 1584 2263 εἰπάτω
1611 2221 1842 2262 εἰπάτωσαν.

272 2282 516 2337 Μένανδρος
545 2287 623 2324 κτλ.
686 2284 858 2323 Cramer.
880 2285 1027 2324 Anecd.
1049 2283 1119 2323 Ox.
1152 2284 1234 2323 IIII
1265 2286 1363 2334 202,
1397 2286 1420 2322 2
1455 2280 1508 2330 ὡς
1538 2281 1644 2334 παρὰ
1675 2282 1842 2321 Μενάν-

273 2345 370 2400 δρῳ·
413 2344 452 2383 τί
493 2342 535 2383 δὲ
577 2347 707 2384 ποιεῖν
751 2342 962 2395 μέλλετεαις
1007 2341 1094 2382 ἀντὶ
1136 2349 1207 2383 τοῦ
1238 2341 1341 2394 εἰπέ,
1378 2343 1448 2382 ubi
1480 2343 1648 2393 adparet
1684 2344 1777 2382 ante
1808 2341 1847 2381 τί

271 2405 463 2444 excidisse
494 2399 619 2444 εἶπον.

1018 2484 1103 2527 892

556 2569 721 2625 κρόκην
754 2565 802 2610 δὲ
832 2569 981 2622 νήσεις
1013 2602 1021 2610 .
1055 2601 1064 2610 .
1096 2600 1105 2608 .
1138 2565 1210 2633 καὶ
1242 2568 1449 2622 στήμονα.

392 2655 622 2695 Schol.Ven.
643 2654 759 2695 Hom.
780 2656 847 2706 21,
869 2656 921 2693 31
954 2652 1108 2705 νήθειν.
1151 2651 1396 2706 Μένανδρος
1413 2655 1491 2692 κτλ.
1529 2654 1698 2703 possunt
1717 2652 1839 2691 etiam

271 2716 600 2755 tetramebrorum
618 2715 737 2754 iamb.
752 2727 837 2754 esse
855 2714 1062 2766 reliquiae.
1101 2712 1213 2765 νήσει
1232 2715 1294 2753 esf,
1313 2713 1420 2763 apud
1432 2713 1567 2751 Dindf.
1580 2712 1661 2750 IIII
1683 2713 1780 2763 254,
1799 2712 1837 2751 5.

1018 2841 1103 2884 893

559 2924 654 2968 ἀλλ’
691 2925 971 2982 Ἡρακλεῖδαι
1001 2923 1075 2967 καὶ
1105 2926 1217 2976 θεοί.

2010 521 2014 570 Ξ

2004 571 2014 634 ’Ξ

2007 643 2014 686 ῑ
