2014 3334
897 253 997 286 ΤΗΣ
1023 253 1152 287 ΝΕΑΣ
1728 251 1818 294 429

236 365 430 416 πολυτελῆ
462 364 657 404 Fritzseh.
708 360 821 403 ὅντα
852 361 1002 415 μηδὲν
1033 361 1059 416 ἢ
1091 364 1140 403 Κ.
1215 366 1254 403 6.
1285 362 1407 403 καλόν
1437 378 1476 404 τε
1507 362 1691 418 κάγαθόν
1723 364 1818 404 Cob.

235 421 304 463 καὶ
342 422 411 464 τὸν
449 423 618 475 πλησίον
650 423 854 474 Gomperz.
904 422 982 463 καὶ
1018 422 1098 463 τὸν
1136 421 1312 463 ἄθλιον
1339 424 1387 462 Κ.
1470 427 1507 464 7.
1538 421 1638 476 ὑπὲρ
1670 423 1818 464 σαυτὸν

235 482 345 524 πάνυ
377 483 484 535 Cob.,
514 480 614 536 ὑπὲρ
639 480 874 536 ἄνθρωπόν
892 497 986 524 ποτε
1007 484 1212 535 Fritzseb.,
1243 480 1343 536 ὑπὲρ
1369 487 1526 535 θνητοῦ
1552 483 1678 535 φύσιν
1698 484 1818 524 Gom·

237 556 352 595 perz..
382 540 500 598 ὑπὲρ
523 541 577 583 τὰ
608 539 758 583 δέοντ’
793 540 916 596 ἄγαν
947 544 996 583 Κ.

357 599 514 644 ‘incerti
544 599 702 654 poetae'
736 603 783 643 de
810 603 1099 643 Tischendorfii
1132 604 1332 643 sententia.
1351 603 1489 643 Cobet.
1509 604 1653 643 Mnem.
1672 617 1709 644 n.
1731 604 1816 643 1111

241 664 338 704 285.
389 662 566 703 Oobetus
597 663 684 714 ipse
716 676 806 703 eum
836 663 1021 703 Menand.
1055 665 1142 703 530
1175 663 1401 713 coniunxit,
1442 664 1542 703 haec
1572 664 1817 703 Menandrea

237 735 324 763 esse
351 735 393 763 se
418 723 787 763 demonstraturum
807 723 1060 774 promittens.
1110 736 1188 775 quo
1208 724 1405 775 promisso
1431 736 1523 763 eum
1544 736 1625 763 non
1645 724 1816 774 steterit,

236 782 366 822 tutius
390 782 567 822 iudicavi
591 783 698 822 inter
722 783 916 834 adespota
939 783 1131 834 recipere.
1180 796 1269 822 cum
1295 783 1480 822 Menand.
1509 785 1596 823 530
1628 783 1816 835 coniungi

234 842 346 882 nullo
378 843 495 882 modo
526 845 716 893 possunt:
748 856 840 882 nam
873 844 922 882 ad
956 843 1128 883 divitum
1159 856 1462 894 pauperumque
1494 843 1630 882 studia
1659 844 1818 883 diversa

235 903 333 941 baec
375 903 595 955 pertinent,
638 916 718 943 non
759 903 807 943 ad
857 903 1153 955 aegritudinem
1195 903 1384 954 aliquam.
1446 905 1587 943 eontra
1631 916 1816 955 magnam

235 961 539 1002 similitudinem
570 963 720 1002 habent
751 976 842 1002 cum
873 963 1058 1003 Menand.
1093 965 1190 1003 128.

978 1080 1063 1123 115

449 1162 473 1206 ὁ
504 1170 677 1220 πρῶτος
709 1163 846 1206 εἰπών
878 1163 1113 1220 “μεταβολὴ
1145 1164 1326 1207 πάντων
1358 1163 1531 1219 γλυκύ’,

449 1234 530 1290 οὐχ
561 1234 750 1290 ὑγίαινε,
783 1235 980 1278 δέσποτ’.
1044 1235 1091 1278 ἐκ
1122 1233 1204 1291 μὲν
1234 1236 1320 1291 γὰρ
1351 1237 1494 1278 κόπου

448 1303 615 1360 γλυκεῖ’
651 1306 912 1362 ἀνάπαυσις,
945 1306 989 1360 ἐξ
1021 1306 1234 1358 ἀλουσίας
1266 1303 1307 1349 δ’
1342 1306 1482 1364 ὕδωρ,

447 1376 522 1420 καὶ
553 1378 690 1421 τᾶλλα
719 1376 910 1421 τοιαῦτ’·
955 1377 1011 1422 ἂν
1043 1378 1122 1436 δέῃ
1155 1374 1196 1422 δ’
1233 1377 1281 1421 ἐκ
1310 1379 1530 1422 πλουσίου

408 1461 429 1491 5
448 1450 630 1506 πτωχὸν
660 1449 887 1506 γενέσθαι,
920 1451 1139 1506 μεταβολὴ
1172 1449 1270 1506 μέν,
1301 1449 1389 1505 ἡδὺ
1422 1447 1462 1492 δ’
1500 1449 1566 1493 οὔ.

449 1517 552 1564 ὥστ’
589 1520 689 1578 οὐχὶ
719 1522 906 1565 πάντων.
931 1520 1023 1565 ἐστὶ
1054 1522 1273 1578 μεταβολὴ
1306 1522 1460 1576 γλυκύ.

353 1592 482 1648 Sehol.
503 1609 642 1660 Eurip.
663 1609 792 1650 Orest.
815 1611 900 1649 234
927 1607 1122 1662 μεταβολὴ
1143 1608 1305 1649 πάντων
1323 1608 1468 1662 γλυκύ·
1492 1605 1813 1661 προσακουστέον

233 1673 311 1707 τῶν
353 1673 500 1708 κακῶν.
561 1664 846 1725 κεκωμῴδηται
883 1667 904 1709 ὁ
937 1669 1075 1722 στίχος.
1136 1668 1179 1709 τὸ
1215 1668 1290 1722 γὰρ
1334 1668 1373 1717 ἐξ
1414 1667 1549 1722 ὑγείας
1592 1668 1648 1716 εἰς
1690 1667 1813 1708 νόσον

234 1727 488 1780 μεταβάλλειν
521 1726 596 1769 οὐκ
627 1727 732 1768 ἔστιν
763 1726 854 1781 ἡδύ.
905 1728 1002 1781 φησὶ
1035 1728 1109 1783 γὰρ
1143 1727 1163 1769 ὁ
1190 1729 1362 1781 κωμικός
1381 1733 1457 1769 κτλ.
1508 1729 1812 1768 cf.Valckenar.

233 1787 365 1829 Diatr.
398 1790 496 1829 229.
560 1790 597 1828 2.
629 1787 782 1842 ὑγίαινε
809 1785 965 1829 δέσποτ’
1000 1787 1183 1840 Porsen]
1216 1787 1385 1843 ὑγιαίνει
1417 1786 1460 1828 δέ
1490 1803 1594 1829 ποτε.
1642 1786 1812 1841 ὑγιαίνει

234 1845 403 1888 δέσποτα
434 1847 489 1896 εἰς
514 1848 613 1888 Ven.
634 1849 756 1889 Marc.
788 1851 887 1888 471.
937 1847 1047 1902 ὑγιαῖ
1077 1846 1119 1888 δὲ
1150 1854 1283 1897 ποσῶς
1314 1848 1358 1889 ἐκ
1389 1849 1480 1888 Vat.
1501 1851 1584 1889 909
1621 1843 1812 1902 (uterque

234 1919 309 1947 see.
335 1907 474 1948 Cobet.
505 1921 569 1959 ap.
592 1908 702 1948 Geel.
728 1909 869 1960 Eurip.
894 1909 1042 1949 Phoen.
1067 1924 1106 1960 p.
1129 1906 1244 1963 260).
1327 1911 1365 1949 3.
1396 1911 1557 1962 γλυκεῖα
1588 1906 1814 1956 ἀνάπαυσις

233 1966 344 2018 Van]
364 1964 571 2021 γλυκύτατ’
600 1966 798 2017 ἀνάστασις
816 1970 915 2009 Ven.
977 1971 1017 2009 4.
1048 1966 1168 2008 τᾶλλα
1192 1965 1340 2009 τοιαῦτ’
1364 1967 1430 2019 K]
1463 1967 1510 2008 τὰ
1540 1973 1703 2008 τοιαῦτα
1719 1968 1813 2008 Vat..

235 2026 335 2068 Ven.
372 2024 492 2067 τᾶλλα
527 2026 574 2067 τὰ
609 2025 759 2068 τοιαῦτ’
799 2029 954 2069 Nauck.
986 2029 1130 2069 Philol.
1157 2030 1191 2067 V
1225 2031 1323 2069 527.
1346 2029 1403 2068 VI
1434 2030 1534 2068 425.
1572 2026 1626 2080 ἢν
1663 2025 1734 2084 δέῃ
1772 2024 1809 2068 δ’

232 2085 356 2138 idem]
382 2084 446 2139 ἣν,
460 2085 503 2127 δὲ
528 2086 571 2127 ἐκ
591 2088 682 2128 Vat.
714 2086 767 2140 ἣν
793 2086 836 2128 δὲ
861 2088 916 2137 εἰς
932 2089 1031 2128 Ven.
1096 2091 1134 2130 5.
1167 2089 1223 2128 sic
1244 2089 1338 2128 Vat.
1355 2088 1455 2128 Ven.
1520 2090 1556 2128 6.
1585 2087 1681 2128 ὥστε
1701 2087 1811 2138 Vat.]

233 2146 359 2195 οὕτως
389 2147 490 2187 Ven.
521 2146 599 2187 ἐστὶ
630 2147 747 2200 Ven.]
792 2145 818 2200 ἡ
851 2149 942 2189 Vat.
980 2163 1017 2189 v.
1057 2150 1081 2188 6
1120 2162 1200 2189 non
1237 2151 1345 2189 recte
1383 2149 1520 2188 delent
1561 2148 1733 2188 Bothius
1772 2152 1814 2187 et

232 2206 438 2247 Herwerd.
459 2206 554 2247 obs.
574 2208 662 2248 crit.
686 2210 782 2248 120.
816 2230 864 2237 -·
905 2211 940 2248 1.
975 2210 1024 2249 ef.
1045 2208 1182 2249 Cobet.
1202 2209 1250 2248 V.
1269 2204 1314 2248 l.²
1337 2211 1434 2249 205.
1490 2206 1685 2261 μεταβολὴ
1711 2207 1811 2247 πάν-

232 2281 312 2306 των
330 2266 455 2320 γλυκύ
475 2265 537 2307 est
555 2268 680 2308 etiam
695 2268 862 2308 Aristot.
877 2269 994 2308 Rhet.
1011 2271 1048 2319 1,
1067 2272 1117 2308 11
1142 2264 1276 2322 (1371
1289 2282 1313 2308 a
1333 2265 1420 2321 28).
1452 2268 1683 2308 Ethic.Nie.
1702 2270 1739 2318 7,
1758 2270 1809 2307 15

233 2321 391 2378 (1154b
407 2323 494 2382 28).
545 2328 645 2367 Eud.
666 2331 704 2380 7,
727 2331 748 2367 1
778 2324 935 2381 (12253
962 2323 1048 2383 16).
1113 2331 1148 2368 5.
1179 2327 1245 2367 καὶ
1271 2326 1387 2367 τᾶλλα
1413 2343 1458 2379 τ.,
1489 2325 1515 2367 i.
1536 2341 1570 2367 e.
1600 2326 1667 2367 καὶ
1692 2325 1811 2367 τᾶλλα

231 2385 362 2425 πάντα
391 2386 552 2426 τοιαῦτά
595 2385 710 2427 ἐστιν.
751 2410 808 2415 -
853 2384 1142 2428 ‘Anaxandridi
1172 2389 1381 2428 tribuebat
1411 2389 1614 2427 Porsonus
1645 2390 1813 2438 propter

234 2446 282 2484 fr.
318 2448 382 2486 17.
415 2446 586 2487 similius
619 2448 742 2488 etiam
772 2448 1016 2499 Antiphanis
1047 2449 1096 2487 fr.
1130 2449 1228 2498 207,
1260 2444 1316 2488 5?
1347 2449 1466 2488 Mein.

977 2578 1060 2620 116

449 2654 527 2701 εἶτ’
563 2659 604 2701 εί
632 2656 713 2715 μὲν
748 2658 912 2717 ᾔδησθ’
949 2660 1017 2709 ὅτι
1047 2667 1255 2704 τοιοῦτον
1286 2660 1365 2703 τὸν
1394 2661 1510 2715 βίον,

449 2729 502 2773 ὃν
534 2730 616 2774 οὐκ
646 2730 818 2787 ἐβίωσε,
851 2734 936 2784 ζῶν
968 2733 1264 2788 διηυτύχησεν
1296 2732 1366 2786 ἄν,

448 2800 472 2844 ὁ
502 2802 701 2854 θάνατος
731 2803 814 2847 οὐκ
844 2804 1066 2861 εὕκαιρος”
1110 2805 1152 2847 εί
1182 2802 1222 2846 δ’
1258 2803 1445 2858 ἤνεγκεν
1477 2800 1533 2846 αὖ

448 2869 580 2925 οὗτος
610 2873 634 2917 ὁ
666 2876 764 2930 βίος
792 2891 835 2918 τι
865 2883 955 2920 τῶν
987 2875 1255 2932 ἀνηκέστων,
1290 2879 1395 2926 ἴσως

406 2956 428 2989 5
448 2945 472 2989 ὁ
502 2946 700 2998 θάνατος
731 2946 863 2998 αὐτὸς
894 2954 978 2991 σοῦ
1008 2947 1193 3004 γέγονεν
1225 2947 1527 3005 εὐνούστερος.
