2014 3334
731 266 938 302 ΑΔΗΛΩΝ
962 267 1226 302 ΔΡΑΜΑΤΩΝ
1256 313 1261 318 .
1676 261 1763 304 243

189 381 230 431 1,
251 381 306 420 13
338 381 432 428 quin
456 379 641 429 maneret
663 391 704 419 se
728 380 802 419 huc
827 379 934 419 e'sum
959 380 1013 419 ad
1029 381 1254 429 praesepz‘m
1279 391 1404 418 suam.
1438 373 1532 429 (att.
1553 369 1766 429 Scaliger).

187 439 223 479 si
261 439 384 479 etiam
426 438 583 491 φάτνην
604 437 722 491 ’ἔχειν
766 452 814 478 ex
851 439 1071 479 Menandro
1109 439 1277 479 ductum
1309 440 1389 489 est,
1434 439 1554 489 poeta
1593 436 1765 475 fortasse

187 499 362 539 dixerat:
410 497 534 552 ῥινῶν
564 497 639 552 ἔχω
667 499 673 550 Ι
701 498 859 551 φάτνην
885 497 1071 547 ἐκείνους.
1123 500 1172 539 cf.
1193 500 1292 539 895.
1327 499 1451 538 Thero
1470 497 1672 548 parasitus
1693 497 1766 536 est.

937 616 1024 659 938

309 702 442 743 Schol.
478 702 686 754 Aristoph.
724 702 816 742 Pac.
857 704 942 743 869
995 707 1201 755 σησαμῆ·
1256 704 1434 749 πλακοῦς
1482 698 1647 754 γαμικὸς
1690 697 1769 739 ἀπὸ

189 761 379 816 σησάμων
403 760 684 815 πεποιημένος,
711 760 777 802 διὰ
802 760 844 802 τὸ
869 761 1114 816 πολύγονον,
1138 761 1192 810 ὥς
1218 773 1317 814 φησι
1344 759 1600 814 Μένανδρος.
1654 760 1769 799 omisi

190 836 293 875 quae
325 823 470 863 desunt
500 823 543 863 in
574 823 621 862 R.
671 823 719 862 cf.
751 822 877 862 Arist.
909 823 985 863 Av.
1019 825 1115 863 159.

941 939 1027 983 939

313 1027 544 1078 Simplicius
582 1026 708 1067 Arist.
745 1041 783 1078 p.
818 1028 922 1079 355,
961 1028 1016 1067 35
1055 1027 1183 1067 Bekk.
1233 1025 1328 1066 ὅταν
1370 1023 1543 1079 λέγωμεν
1593 1024 1651 1064 ὅτι
1693 1022 1773 1063 ἀπὸ

191 1085 311 1139 τύχης
347 1081 475 1139 ἦλθεν
506 1085 527 1126 ὃ
559 1084 672 1135 ξένος
702 1085 770 1126 καὶ
800 1086 1100 1139 λυτρωσάμενος
1131 1084 1200 1126 τὸν
1231 1086 1491 1139 αἰχμάλωτον,
1528 1083 1582 1133 ὥς
1614 1083 1634 1124 ὅ
1665 1082 1774 1136 παρὰ

192 1146 425 1203 Μενάνδρῳ
469 1144 660 1198 Δημέας
708 1145 794 1198 τὴν
837 1146 1083 1200 κράτειαν,
1134 1145 1330 1198 ἀπῆλθεν.
1397 1147 1454 1186 sic
1493 1146 1578 1186 cod.
1620 1145 1774 1196 optimi.

191 1205 260 1246 τὸν
294 1206 444 1260 κράτην
483 1203 632 1261 (quod
664 1207 848 1260 Κράτητα
889 1208 1144 1247 scribendum
1174 1203 1356 1247 videtur'
1394 1203 1535 1260 Mein.)
1574 1206 1776 1256 Excerpta

195 1267 320 1306 Paris.
360 1267 513 1306 nullius
539 1267 672 1319 pretii,
696 1270 744 1320 ut
769 1267 867 1306 mihi
891 1280 965 1318 per
988 1268 1147 1307 litteras
1173 1267 1416 1320 significavit
1442 1266 1630 1306 Dilesius.
1692 1267 1774 1316 Δη-

193 1324 289 1378 μέας
319 1325 392 1377 τὴν
423 1325 622 1380 Κράτειαν
653 1327 845 1378 exemplis
875 1327 1049 1367 nominis
1073 1327 1247 1381 Κράτεια
1278 1327 1426 1366 adlatis
1445 1326 1488 1366 G.
1508 1326 1612 1365 Keil.
1631 1326 1776 1364 Philol.

192 1387 213 1425 I
244 1389 345 1427 552.
377 1409 433 1415 -—
464 1387 597 1427 nescio
626 1387 716 1438 quis
743 1387 895 1427 Demea
919 1387 1027 1439 apud
1048 1387 1313 1427 Menandrum
1344 1388 1429 1427 sive
1456 1386 1659 1426 Oratetem
1692 1385 1776 1426 sive

193 1445 380 1487 Orateam
411 1447 589 1499 aliquam
621 1460 667 1487 ex
699 1448 935 1498 captivitate
966 1448 1204 1487 redemerat.

945 1564 1033 1607 940

314 1650 515 1691 Aristides
546 1651 589 1691 II
621 1653 705 1692 399
739 1651 858 1691 Dind.
890 1649 1017 1702 αὐτὴν
1053 1649 1126 1691 ἐὰν
1157 1650 1271 1691 ἴδωσι
1304 1649 1378 1703 τὴν
1402 1647 1583 1703 Ἑλένην,
1607 1647 1776 1702 Ἑλένην

170 1707 171 1710 “
196 1709 312 1765 λέγως
343 1706 599 1764 θεράπαιναν
625 1709 697 1764 μὲν
717 1705 793 1752 οὖν
813 1709 957 1751 ὁποίαν
982 1710 1141 1763 ἐποίησε
1162 1710 1406 1764 Μένανδρος
1431 1710 1515 1763 τὴν
1544 1712 1778 1765 Φρυγίαν,

195 1773 248 1828 τῷ
286 1768 370 1811 ὄντι
405 1770 572 1812 παιδιὰν
615 1770 888 1823 ἀποφαίνουσι
931 1771 1023 1819 τοὺς
1060 1771 1271 1825 Σατύρους
1313 1778 1385 1812 τοῦ
1421 1770 1683 1823 Σοφοκλέους
1720 1767 1782 1825 (οἷ

197 1829 288 1884 περὶ
318 1829 541 1885 ἐγκρατείας
574 1830 876 1886 διαλεγόμενοι).

948 1936 1033 1979 941

318 2023 513 2062 Libanius
550 2023 613 2062 III
650 2025 754 2075 375,
793 2025 847 2063 22
884 2023 1020 2063 Reisk.
1070 2025 1296 2064 κεκλεῖσθαι
1338 2026 1420 2071 τοῖς
1462 2021 1693 2076 ὑποκριταῖς
1736 2021 1778 2062 τὸ

198 2080 390 2136 θέατρον,
427 2082 494 2122 ἵνα
531 2081 585 2135 μὴ
623 2081 823 2140 τραγωδὸς
859 2081 1051 2123 εἰσελθὼν
1081 2083 1303 2135 Πασιφάην
1341 2082 1555 2135 μιμήσηται
1591 2081 1664 2134 τὴν
1696 2081 1778 2130 ἐξο-

199 2142 383 2182 κείλασαν
421 2142 476 2191 εἰς
506 2141 720 2183 ἀλλόκοτον
752 2142 896 2196 ε’ρωτα,
927 2140 1023 2195 μηδ’
1059 2159 1110 2182 αυ
1149 2142 1341 2199 κωμῳδὸς
1372 2141 1441 2190 τὰς
1471 2142 1579 2195 παρὰ
1612 2142 1779 2182 Μενάν-

201 2202 282 2258 δρῳ
312 2202 512 2251 τεκούσας,
575 2216 649 2243 scr.
680 2203 946 2251 τικτούσας.
996 2204 1046 2243 cf.
1078 2203 1248 2255 Andria,
1280 2205 1458 2244 Plocium
1489 2205 1539 2242 al.

948 2319 1037 2363 942

321 2405 594 2458 Hermogenes
614 2407 673 2446 De
704 2407 805 2447 ideis
831 2406 894 2446 III
918 2408 1001 2447 306
1023 2407 1149 2447 Walz.
1181 2408 1340 2460 p,352,
1370 2408 1420 2447 17
1456 2406 1641 2457 Spengel.
1672 2404 1780 2458 παρὰ

203 2467 256 2521 τῷ
299 2465 530 2522 Μενάνδρῳ
572 2466 694 2521 μυρία
743 2482 794 2507 αν
837 2465 970 2519 εὕροις
1012 2471 1195 2518 τοιαῦτα,
1244 2464 1311 2506 καὶ
1353 2469 1546 2520 γυναῖκας
1588 2465 1779 2519 λεγούσας

205 2507 367 2579 (λοχευ
377 2507 574 2580 ουσαςῗ)
601 2541 667 2566 και
692 2526 926 2574 νεανίσκους
951 2525 1122 2580 ἐρῶντας
1146 2525 1213 2566 καὶ
1241 2524 1452 2579 μαγείρους
1478 2522 1584 2579 (add.
1606 2540 1778 2579 γαυρου-

204 2579 369 2638 μένους)
402 2583 469 2624 καὶ
498 2584 729 2641 παρθένους
758 2584 1039 2640 θρυπτομένας
1069 2586 1140 2626 καί
1165 2601 1276 2633 τινας
1307 2583 1462 2633 ἄλλους.

952 2702 1039 2746 943

325 2788 525 2828 Aristides
550 2788 592 2828 II
620 2790 674 2829 73
706 2789 843 2829 Dindf.
887 2789 1010 2845 μανία
1039 2787 1116 2829 τινὶ
1145 2787 1417 2840 παρελήρησεν
1447 2786 1512 2828 ἐπὶ
1542 2793 1611 2840 τῆς
1642 2787 1780 2840 μύλης.

207 2847 258 2886 ad
289 2861 390 2898 quae
422 2848 545 2888 schol.
574 2862 613 2898 p.
645 2850 744 2898 410,
777 2851 831 2889 32
871 2849 1068 2896 Μανίας
1110 2846 1217 2895 τινὸς
1253 2846 1356 2888 οὕτω
1389 2845 1639 2899 καλουμένης
1675 2847 1781 2888 εἰσα-

207 2906 369 2959 χθείσης
392 2905 471 2947 ’ὑπὸ
492 2906 741 2961 Μενάνδρου
767 2906 816 2948 ἐν
846 2911 1029 2960 μυλῶνι
1061 2905 1318 2960 δεδεμένης
1351 2906 1429 2947 καὶ
1458 2907 1781 2960 φλυαρούσης.

207 2966 326 3007 indic.
356 2967 508 3007 Nauck.
539 2967 646 3007 Hall.
679 2968 802 3008 Lim.
835 2970 963 3019 1847,
995 2969 1092 3008 490.

1426 3034 1495 3070 16*
