2014 3334
238 268 244 270 -
259 247 348 290 570
636 229 639 234 ’
935 251 1195 285 ΑΔΕΣΠΟΤΑ

259 361 298 399 οἳ
335 359 432 406 τοὺς·
463 359 615 411 φόρους
652 359 716 398 καὶ
753 359 821 408 τὰς
865 359 1053 412 εἰσφορὰς
1093 359 1159 400 καὶ
1195 360 1242 401 τὰ
1278 360 1364 413 τέλη
1404 360 1638 414 ἀπεδέχοντο
1675 361 1741 402 καὶ
1777 361 1824 402 τὰ

258 417 346 471 περὶ
361 419 526 458 ,τούτων
558 418 912 472 ἀμφισβητούμενα
943 419 1134 468 ἐδίκαζον.
1184 424 1224 461 et
1256 423 1293 469 8,
1330 423 1412 461 114
1444 419 1655 461 ἀποδέκται
1686 421 1728 462 οἵ
1754 420 1823 462 τὸν

259 481 365 517 σῖτον
397 477 744 531 ἀπομετρούμενοι.
796 481 843 520 cf.
878 480 1138 520 Schoemann.
1164 480 1258 520 Ant.
1284 476 1361 533 gr.²
1387 481 1405 519 I
1432 483 1530 520 433.

545 651 551 657 ἱ
1002 596 1089 639 945

545 655 741 706 ἀποίζειν

375 739 679 791 ἀπομωκᾶσθαι.
730 742 967 792 Hesychius.
1017 741 1137 798 ἐπῷζε
1170 742 1293 784 Arisb.
1323 742 1396 782 Av.
1424 745 1520 782 266.
1571 743 1689 782 aliter
1719 739 1820 799 ἕπῴ-
1867 740 1877 748 ”

258 801 379 847 ζουσα
410 800 559 840 Cratin.
590 803 671 841 108
701 799 769 853 (ab
797 797 908 857 ᾠόν).

993 882 1079 925 946

543 952 948 1009 ἀποκραιπαλισμός

374 1039 545 1078 Bekker.
585 1040 730 1079 Anecd.
766 1042 871 1090 429,
904 1043 927 1079 5
981 1045 1049 1091 τῆς
1086 1039 1303 1091 κραιπάλης
1340 1038 1543 1092 ἀπαλλαγὴ
1582 1037 1648 1078 καὶ
1686 1037 1824 1091 μέθης.

258 1099 393 1137 eadem
434 1098 596 1148 Suidas,
635 1100 748 1139 cuius
786 1102 917 1138 tamen
950 1099 987 1137 A
1013 1097 1463 1152 ἀποκεκραιπαλισμένος
1501 1102 1541 1138 et
1579 1097 1822 1152 ἀπαλλαγείς.

258 1158 482 1209 Hesychius
515 1159 660 1197 lemma
690 1160 812 1198 habet
844 1159 927 1198 sine
960 1159 1237 1209 explicatione.
1288 1172 1338 1197 an
1366 1157 1764 1210 ἀποκραιπαλησμόςῗ

999 1274 1085 1317 947

545 1332 860 1389 ἀπορρέξαυτες
1146 1344 1149 1347 ’

378 1420 669 1471 Harpocration
704 1418 1026 1471 ἀπομερίσαντες,
1058 1418 1280 1473 ἀπόμοιράν
1311 1433 1398 1460 τινα
1430 1420 1587 1468 δόντες.
1608 1418 1748 1459 ..ἔστι
1779 1417 1821 1459 δὲ

257 1477 332 1517 κάν
363 1484 408 1533 τῇ
435 1479 632 1534 κωμῳδίᾳ.
683 1480 852 1518 Bekker.
875 1481 1019 1519 Anecd.
1040 1482 1139 1531 434,
1160 1482 1183 1519 3
1212 1478 1492 1532 ἀπορρέξαντες
1517 1482 1564 1519 ut
1581 1480 1819 1531 Harpocrat.

257 1534 351 1591 (om.
383 1534 501 1592 τινα).
547 1553 625 1578 non
656 1539 861 1590 intellego,

998 1619 1084 1662 948

543 1678 801 1735 ἀποτριάξαι

375 1765 599 1815 Hesychius
647 1769 747 1817 τρεῖς
778 1764 928 1818 πληγὰς
960 1765 1111 1804 δοῦναι.
1162 1766 1333 1805 Bekker.
1359 1766 1504 1804 Anecd.
1540 1767 1638 1816 438,
1666 1769 1687 1805 7
1721 1763 1820 1805 ἀπο-

257 1823 426 1875 ‘condocet‘
460 1825 501 1863 οἵ
529 1823 570 1863 δὲ
596 1823 826 1875 ἀποτριάξαι
852 1823 918 1864 διὰ
943 1830 1014 1874 τοῦ
1040 1826 1076 1873 ξ·
1097 1822 1258 1878 ιπληγὰς
1283 1828 1383 1876 τρεῖς
1410 1825 1563 1865 δοῦναι.
1613 1826 1660 1864 cf.
1687 1826 1818 1876 Etym.

258 1898 306 1921 m.
337 1885 438 1934 125,
467 1887 503 1923 3.
555 1885 705 1923 scilicet
736 1885 909 1924 comicus
942 1885 1086 1936 aliquis
1114 1886 1320 1936 vulgarem
1344 1885 1458 1924 verbi
1489 1885 1819 1935 significafiionem

255 1943 297 1980 in
333 1943 545 1982 ridiculum
584 1944 808 1983 deflexerat.
859 1945 909 1982 cf.
943 1945 990 1982 de
1030 1957 1075 1983 ea.
1108 1945 1207 1984 Poll.
1235 1947 1278 1994 3,
1311 1945 1388 1983 151
1430 1942 1493 1983 ἐπὶ
1523 1943 1749 1983 πεντάθλου
1780 1941 1822 1982 τὸ

256 2007 413 2053 νικῆσαι
439 2001 670 2054 ἀποτριάξαι
701 2001 892 2056 λέγουσιν.

1001 2084 1087 2126 949

540 2142 836 2198 ἁρπαξομίλης

376 2227 396 2267 ὅ
429 2227 614 2285 ἁρπάζων
644 2228 711 2276 τὰς
742 2227 1002 2281 ἀφροδισίους
1034 2227 1185 2280 ὁμιλίας
1225 2227 1290 2268 καὶ
1322 2228 1467 2284 ῥᾳδίως
1498 2226 1685 2280 διακορὴς
1715 2228 1822 2281 γινό-

256 2303 384 2338 μενος.
441 2289 611 2328 Bekker.
643 2290 791 2328 Anecd.
819 2291 886 2340 25,
916 2291 982 2328 17.

993 2406 1080 2448 950

543 2464 844 2521 ἀρρενοῦσθαι

374 2552 544 2590 Bekker.
572 2552 717 2590 Aneod.
747 2554 812 2599 19,
840 2553 865 2590 4
891 2549 937 2590 τὰ
968 2548 1158 2604 ἀρρένων,
1182 2548 1287 2605 ιἀλλὰ
1319 2548 1372 2602 μὴ
1405 2548 1451 2589 τὰ
1475 2555 1677 2602 γυναικῶν
1701 2549 1819 2602 πράτ-

255 2625 344 2650 τειν.
397 2609 596 2661 [Luciam]
634 2610 770 2671 ⁸Amor.
800 2614 853 2651 19
887 2610 981 2662 μήτε
1018 2609 1060 2650 τὸ
1098 2612 1205 2661 θῆλυ
1237 2608 1343 2663 παρὰ
1383 2609 1507 2659 φύσιν
1541 2607 1820 2661 ἀρρενοῦσθαι,

255 2683 357 2720 quae
389 2670 477 2722 ipsa
509 2683 668 2721 quoque
703 2671 870 2709 fortasse
904 2684 951 2709 ex
981 2670 1185 2709 comoedia
1216 2669 1426 2708 fluxerunt.

999 2785 1087 2828 951

544 2845 893 2902 ἀρωματοπῶλαι

378 2931 554 2983 δόκιμον.
597 2932 766 2971 Bekker.
799 2932 947 2971 Aneod.
975 2933 1043 2981 24,
1071 2932 1136 2970 21.
1160 2931 1229 2970 ·cf.
1257 2930 1400 2981 Eupol.
1427 2930 1523 2968 304.
1566 2906 1731 2979 Nicoph.
1755 2930 1819 2968 19.
