2014 3334
494 251 908 286 AMQm-Bn'rnzma
934 250 1017 286 ΚΑΙ
1043 250 1370 286 ΠΑΡΕΡΓΡΔΦΔ
1635 247 1724 291 635

883 359 998 404 1345

435 441 761 500 ἀνδρεράστρια
791 444 907 499 γυνή
959 450 965 455 “

247 529 437 573 .Bekker.
468 529 618 570 Anecd.
658 532 732 582 21,
773 532 827 570 12
871 527 897 583 ἡ
944 527 1228 582 ἕπιμαινομένη
1271 527 1486 582 ἀνδράσιν,
1528 526 1555 581 ἢ
1599 527 1726 581 ἐρῶσα

51 596 55 603 ’
149 585 271 631 ἄλλον
290 587 357 629 καὶ
375 585 508 630 ἄλλον.
557 587 816 643 ἀνδρεραστια
835 591 921 632 cod.
957 590 1118 631 videtur
1136 589 1337 642 pertinere
1358 589 1407 629 ad
1427 589 1551 629 Arist.
1566 589 1726 629 Thesm.

33 682 54 692 -
150 650 236 690 392
274 646 343 697 τὰς
379 646 693 703 ἀνδρεραστρίας.
753 650 898 690 etenim
934 649 1166 701 saepissime
1203 649 1455 701 Phrynichus
1492 649 1647 701 glossas
1679 662 1726 689 ox

55 740 58 742 -
149 708 441 750 sententiarum
476 711 668 749 contextu
698 711 851 750 solutas
892 711 952 750 ita
981 709 1254 758 transscribit,
1286 711 1334 748 ut
1363 708 1515 749 nomini
1545 708 1726 761 epitheto

71 767 74 770 ’
149 770 358 820 tamquam
389 769 561 820 exempli
592 782 714 810 causa
745 769 868 810 addat
898 766 1116 822 ἅνθρωπος
1147 769 1211 809 vol
1242 767 1356 823 γυνή.

570 915 572 918 -
881 886 995 930 1346

363 995 369 1000 f
435 946 639 1001 γνάθους
668 947 854 1002 θηλείας

267 1032 507 1086 γυναικείας.
551 1033 790 1086 Hesychius.
821 1033 878 1073 sic
898 1033 1014 1072 Mein.
1034 1046 1107 1084 pro
1126 1031 1325 1086 γνάθους·
1355 1031 1520 1083 θηλείας
1543 1028 1570 1083 ἢ
1589 1033 1728 1084 γυναῖ-

149 1106 242 1143 κας,
272 1092 609 1144 iambographum
640 1096 712 1133 aut
743 1093 939 1133 comicum
971 1093 1176 1143 scripsisse
1207 1105 1373 1132 censens
1404 1093 1489 1131 fere
1520 1089 1570 1131 οὐ
1594 1090 1669 1145 γάρ
1693 1105 1729 1130 τι

147 1149 277 1205 τέρπει
306 1157 428 1193 ταῦτα
458 1156 500 1192 θ.
532 1168 592 1207 γν.
642 1153 787 1194 Philol.
819 1153 920 1192 XIII
953 1154 1052 1193 533.

718 1277 723 1287 ³
884 1247 999 1313 1347

434 1328 592 1385 ἐκβολὴ
625 1329 764 1384 λόγου

150 1466 211 1515 Th
267 1414 512 1515 πὲιράβασις,
555 1415 778 1469 μετάβασις.
839 1416 1076 1468 Hesychius.
1127 1414 1197 1455 sed
1246 1415 1380 1465 potest
1429 1413 1628 1465 pertinere
1677 1412 1727 1452 ad

215 1487 290 1527 ucy
321 1508 329 1516 .
366 1479 402 1526 1,
436 1477 503 1517 97.
900 1493 907 1501 ·

880 1557 899 1600 1
907 1556 994 1600 348

435 1626 793 1685 ἐπιτριπτότατος
827 1629 1066 1685 ἄνθρωπος

269 1715 439 1755 Bekker.
476 1714 626 1756 Anecd.
666 1717 741 1768 40,
784 1717 836 1756 13
887 1712 908 1755 ὁ
951 1713 1199 1767 ἐπιτριβῆναι
1235 1711 1345 1763 ἄξιος
1383 1712 1449 1753 καὶ
1485 1719 1616 1760 κακῶς
1652 1711 1728 1752 ἀπ-

150 1771 325 1815 ολέσθαι.
375 1777 437 1815 est
463 1775 626 1815 Lucian.
652 1775 753 1814 Tim.
781 1777 850 1823 46,
882 1775 1053 1815 fortasse
1083 1786 1165 1814 non
1195 1787 1244 1813 ox
1274 1773 1425 1814 comico
1456 1774 1659 1813 haustum.

884 1890 996 1934 1349

436 1974 698 2032 εὐτράπεζος
728 1974 968 2031 ἄνθρωπος

270 2061 439 2101 Bekker.
478 2061 627 2102 Anecd.
666 2044 741 2114 ΒΕ),
780 2063 836 2102 30
886 2058 1184 2114 μεγαλοπρεπὴς
1228 2057 1272 2100 ἕν
1314 2058 1510 2099 ἕστιάσει.-
1557 2060 1726 2099 fortasse

152 2122 385 2172 excerptum
421 2133 470 2160 ex
501 2121 638 2173 Eriph.
671 2123 710 2173 6,
743 2123 782 2161 2.
831 2121 880 2161 cf.
912 2133 1035 2172 supra
1068 2121 1194 2160 1345.
1244 2122 1421 2160 ceterum
1460 2133 1507 2159 ea
1538 2132 1633 2159 voce
1664 2120 1729 2159 usi
1787 2140 1791 2144 ·

126 2182 247 2256 *sunt
277 2180 398 2220 etiam
430 2180 657 2233 Aeschylus
689 2183 731 2221 et
762 2181 988 2232 Euripides.

883 2296 997 2340 1350

439 2357 610 2413 φασίμη
642 2355 768 2408 κύλιξ
1060 2364 1065 2375 ’

272 2442 441 2483 Photius
488 2441 597 2495 παρὰ
633 2441 707 2494 τὴν
745 2442 890 2494 φάσιν,
927 2441 1000 2494 τὴν
1031 2440 1210 2491 ἔνδειξιν.
1271 2442 1407 2493 glossa
1433 2441 1727 2489 obscurissima,

154 2502 316 2542 videtur
351 2504 488 2542 tamen
525 2503 576 2543 ad
619 2503 852 2543 inrisionem
892 2503 1231 2554 sycophantarum
1273 2502 1485 2553 pertinere.
1546 2501 1727 2541 Naberus

154 2561 341 2613 φασηλίς·
372 2561 483 2610 κύλιξ
515 2563 616 2603 conl.
649 2563 783 2614 Steph.
819 2563 911 2614 Byz.
965 2561 1159 2613 Φάσηλις·
1191 2559 1303 2609 πόλις
1334 2560 1578 2612 Παμφυλίας
1596 2590 1607 2600 .
1627 2592 1634 2599 .
1655 2590 1666 2600 .
1684 2559 1727 2600 τὸ

153 2618 286 2672 μέντοι
315 2618 508 2675 ἀγγεῖον
539 2621 582 2662 οἰ
601 2618 670 2662 ἀπ’
695 2619 987 2674 Ἀλεξανδρείας
1006 2618 1231 2669 ὀξύνουσιν.
1283 2620 1351 2660 sed
1371 2620 1466 2671 quid
1487 2622 1570 2659 tum
1593 2620 1726 2661 Photii

154 2681 366 2731 explicatio
399 2681 474 2720 sibi
505 2680 604 2722 Velit
634 2695 714 2722 non
746 2682 870 2722 addit.

884 2796 994 2840 1351

440 2854 632 2912 ἀμολγοί
1066 2876 1069 2882 =

275 2942 516 2983 Eustathius
547 2943 646 2996 838,
678 2945 733 2984 54
772 2940 794 2984 ὅ
825 2942 1061 2990 Παυσανίας
1097 2939 1222 2996 φησὶν
1259 2938 1313 2989 ὡς
1349 2938 1513 2994 ἀμολγοὶ
1550 2939 1725 2996 ἐλέγοντο
