<?xml version="1.0" encoding="UTF-8"?>
<!DOCTYPE html PUBLIC "-//W3C//DTD XHTML 1.0 Transitional//EN"
    "http://www.w3.org/TR/xhtml1/DTD/xhtml1-transitional.dtd">
<html xmlns="http://www.w3.org/1999/xhtml" xml:lang="en" lang="en">
 <head>
  <title>
</title>
<meta http-equiv="Content-Type" content="text/html;charset=utf-8" />
  <meta name='ocr-system' content='tesseract 3.04.00' />
  <meta name='ocr-capabilities' content='ocr_page ocr_carea ocr_par ocr_line ocrx_word'/>
</head>
<body>
  <div class='ocr_page' id='page_1' title='image "./comicorumatticor03kockuoft_0731.png"; bbox 0 0 2014 3334; ppageno 0'>
   <div class='ocr_carea' id='block_1_1' title="bbox 741 230 1784 271">
    <p class='ocr_par' dir='ltr' id='par_1_1' title="bbox 741 230 1784 271">
     <span class='ocr_line' id='line_1_1' title="bbox 741 230 1784 271; baseline 0.006 -6"><span class='ocrx_word' id='word_1_1' title='bbox 741 231 1089 266; x_wconf 79' lang='lat' dir='ltr'><strong>SUPPLEMENTA</strong></span> <span class='ocrx_word' id='word_1_2' title='bbox 1115 232 1224 268; x_wconf 84' lang='lat' dir='ltr'><strong>VOL.</strong></span> <span class='ocrx_word' id='word_1_3' title='bbox 1251 232 1268 264; x_wconf 94' lang='lat'><strong>1</strong></span> <span class='ocrx_word' id='word_1_4' title='bbox 1703 230 1784 271; x_wconf 81' lang='grc'>711</span> 
     </span>
    </p>
   </div>
   <div class='ocr_carea' id='block_1_2' title="bbox 169 338 1813 2973">
    <p class='ocr_par' dir='ltr' id='par_1_2' title="bbox 208 338 1788 456">
     <span class='ocr_line' id='line_1_2' title="bbox 334 338 1788 399; baseline -0.001 -15"><span class='ocrx_word' id='word_1_5' title='bbox 334 345 402 384; x_wconf 88' lang='grc'>32.</span> <span class='ocrx_word' id='word_1_6' title='bbox 435 344 578 383; x_wconf 85' lang='lat' dir='ltr'><strong>Miller.</strong></span> <span class='ocrx_word' id='word_1_7' title='bbox 602 344 808 394; x_wconf 69' lang='lat' dir='ltr'>Mclmges</span> <span class='ocrx_word' id='word_1_8' title='bbox 830 345 915 384; x_wconf 88' lang='grc'>384</span> <span class='ocrx_word' id='word_1_9' title='bbox 942 338 1127 398; x_wconf 89' lang='lat' dir='ltr'>(Zenob.)</span> <span class='ocrx_word' id='word_1_10' title='bbox 1153 343 1252 396; x_wconf 84' lang='grc' dir='ltr'><em>βοῦς</em></span> <span class='ocrx_word' id='word_1_11' title='bbox 1278 341 1320 383; x_wconf 80' lang='grc' dir='ltr'><em>ἐν</em></span> <span class='ocrx_word' id='word_1_12' title='bbox 1346 342 1475 399; x_wconf 74' lang='grc' dir='ltr'><em>αὐλίᾳ</em></span> <span class='ocrx_word' id='word_1_13' title='bbox 1493 342 1616 399; x_wconf 81' lang='grc' dir='ltr'><strong>κάθῃ.</strong></span> <span class='ocrx_word' id='word_1_14' title='bbox 1647 357 1788 397; x_wconf 87' lang='grc' dir='ltr'><em>παροι-</em></span> 
     </span>
     <span class='ocr_line' id='line_1_3' title="bbox 208 401 730 456; baseline -0.002 -12"><span class='ocrx_word' id='word_1_15' title='bbox 208 403 278 456; x_wconf 83' lang='grc' dir='ltr'>μία</span> <span class='ocrx_word' id='word_1_16' title='bbox 310 402 374 444; x_wconf 72' lang='grc' dir='ltr'>ἐπὶ</span> <span class='ocrx_word' id='word_1_17' title='bbox 404 408 483 443; x_wconf 84' lang='grc' dir='ltr'><em>τῶν</em></span> <span class='ocrx_word' id='word_1_18' title='bbox 515 401 730 456; x_wconf 79' lang='grc' dir='ltr'><em>ἀχρήστων.</em></span> 
     </span>
    </p>

    <p class='ocr_par' dir='ltr' id='par_1_3' title="bbox 329 463 1784 514">
     <span class='ocr_line' id='line_1_4' title="bbox 329 463 1784 514; baseline -0.001 -11"><span class='ocrx_word' id='word_1_19' title='bbox 329 463 388 503; x_wconf 93' lang='lat' dir='ltr'>De</span> <span class='ocrx_word' id='word_1_20' title='bbox 402 464 768 514; x_wconf 72' lang='lat' dir='ltr'>Dionysalexandro</span> <span class='ocrx_word' id='word_1_21' title='bbox 787 476 878 504; x_wconf 91' lang='lat' dir='ltr'>cum</span> <span class='ocrx_word' id='word_1_22' title='bbox 892 463 1092 503; x_wconf 88' lang='lat' dir='ltr'>Meinekio</span> <span class='ocrx_word' id='word_1_23' title='bbox 1112 464 1313 503; x_wconf 75' lang='lat' dir='ltr'><strong>consentit</strong></span> <span class='ocrx_word' id='word_1_24' title='bbox 1326 463 1372 504; x_wconf 93' lang='lat' dir='ltr'>O.</span> <span class='ocrx_word' id='word_1_25' title='bbox 1386 463 1577 502; x_wconf 85' lang='lat' dir='ltr'><strong>Ribbeck.</strong></span> <span class='ocrx_word' id='word_1_26' title='bbox 1590 463 1699 502; x_wconf 83' lang='lat' dir='ltr'><strong>Alaz.</strong></span> <span class='ocrx_word' id='word_1_27' title='bbox 1717 465 1784 503; x_wconf 84' lang='lat'>26.</span> 
     </span>
    </p>

    <p class='ocr_par' dir='ltr' id='par_1_4' title="bbox 207 519 1786 637">
     <span class='ocr_line' id='line_1_5' title="bbox 330 519 1786 577; baseline 0.001 -14"><span class='ocrx_word' id='word_1_28' title='bbox 330 524 397 564; x_wconf 87' lang='lat'>48.</span> <span class='ocrx_word' id='word_1_29' title='bbox 429 522 679 577; x_wconf 82' lang='grc' dir='ltr'><em>γελγοπώλης</em></span> <span class='ocrx_word' id='word_1_30' title='bbox 705 526 767 563; x_wconf 87' lang='lat' dir='ltr'>est</span> <span class='ocrx_word' id='word_1_31' title='bbox 791 523 899 575; x_wconf 87' lang='lat' dir='ltr'>apud</span> <span class='ocrx_word' id='word_1_32' title='bbox 925 523 1113 563; x_wconf 84' lang='lat' dir='ltr'>Eustath.</span> <span class='ocrx_word' id='word_1_33' title='bbox 1142 526 1239 571; x_wconf 85' lang='lat'><strong>927,</strong></span> <span class='ocrx_word' id='word_1_34' title='bbox 1267 525 1321 564; x_wconf 85' lang='lat'>57</span> <span class='ocrx_word' id='word_1_35' title='bbox 1349 519 1414 576; x_wconf 79' lang='lat' dir='ltr'>(O.</span> <span class='ocrx_word' id='word_1_36' title='bbox 1436 523 1621 563; x_wconf 89' lang='lat' dir='ltr'>Kaehler.</span> <span class='ocrx_word' id='word_1_37' title='bbox 1648 523 1786 565; x_wconf 85' lang='lat' dir='ltr'><strong>Herm.</strong></span> 
     </span>
     <span class='ocr_line' id='line_1_6' title="bbox 207 578 1409 637; baseline 0 -14"><span class='ocrx_word' id='word_1_38' title='bbox 207 583 302 623; x_wconf 90' lang='lat' dir='ltr'>XXI</span> <span class='ocrx_word' id='word_1_39' title='bbox 335 585 430 624; x_wconf 90' lang='grc'><strong>630.</strong></span> <span class='ocrx_word' id='word_1_40' title='bbox 463 583 747 624; x_wconf 84' lang='lat' dir='ltr'>Wochenschr.</span> <span class='ocrx_word' id='word_1_41' title='bbox 779 584 806 623; x_wconf 87' lang='lat' dir='ltr'>f.</span> <span class='ocrx_word' id='word_1_42' title='bbox 838 584 960 624; x_wconf 83' lang='lat' dir='ltr'><strong>klass.</strong></span> <span class='ocrx_word' id='word_1_43' title='bbox 994 583 1096 622; x_wconf 86' lang='lat' dir='ltr'><strong>Phil.</strong></span> <span class='ocrx_word' id='word_1_44' title='bbox 1130 585 1258 635; x_wconf 89' lang='lat'><strong>1885,</strong></span> <span class='ocrx_word' id='word_1_45' title='bbox 1292 578 1409 637; x_wconf 88' lang='grc'>904).</span> 
     </span>
    </p>

    <p class='ocr_par' dir='ltr' id='par_1_5' title="bbox 325 643 1717 694">
     <span class='ocr_line' id='line_1_7' title="bbox 325 643 1717 694; baseline 0 -11"><span class='ocrx_word' id='word_1_46' title='bbox 325 643 376 682; x_wconf 82' lang='lat' dir='ltr'>ad</span> <span class='ocrx_word' id='word_1_47' title='bbox 407 644 820 693; x_wconf 74' lang='lat' dir='ltr'>Dionysalexandrum</span> <span class='ocrx_word' id='word_1_48' title='bbox 851 643 1029 694; x_wconf 75' lang='lat' dir='ltr'>pertinet</span> <span class='ocrx_word' id='word_1_49' title='bbox 1059 644 1232 682; x_wconf 88' lang='lat' dir='ltr'>fortasse</span> <span class='ocrx_word' id='word_1_50' title='bbox 1265 644 1389 682; x_wconf 87' lang='lat' dir='ltr'>etiam</span> <span class='ocrx_word' id='word_1_51' title='bbox 1420 643 1554 694; x_wconf 89' lang='lat' dir='ltr'>adesp.</span> <span class='ocrx_word' id='word_1_52' title='bbox 1589 645 1717 684; x_wconf 87' lang='lat'><strong>1256.</strong></span> 
     </span>
    </p>

    <p class='ocr_par' dir='ltr' id='par_1_6' title="bbox 169 701 1784 934">
     <span class='ocr_line' id='line_1_8' title="bbox 327 701 1783 757; baseline 0 -15"><span class='ocrx_word' id='word_1_53' title='bbox 327 701 633 757; x_wconf 82' lang='grc' dir='ltr'><strong>Δραπέτιδες.</strong></span> <span class='ocrx_word' id='word_1_54' title='bbox 700 703 924 754; x_wconf 85' lang='lat' dir='ltr'>disputavit</span> <span class='ocrx_word' id='word_1_55' title='bbox 962 703 1010 742; x_wconf 86' lang='lat' dir='ltr'>de</span> <span class='ocrx_word' id='word_1_56' title='bbox 1047 703 1123 742; x_wconf 86' lang='lat' dir='ltr'>hac</span> <span class='ocrx_word' id='word_1_57' title='bbox 1160 703 1319 753; x_wconf 85' lang='lat' dir='ltr'>fabula,</span> <span class='ocrx_word' id='word_1_58' title='bbox 1358 703 1612 753; x_wconf 87' lang='lat' dir='ltr'>potissimum</span> <span class='ocrx_word' id='word_1_59' title='bbox 1651 704 1698 742; x_wconf 91' lang='lat' dir='ltr'>de</span> <span class='ocrx_word' id='word_1_60' title='bbox 1736 704 1783 743; x_wconf 80' lang='lat' dir='ltr'>fr.</span> 
     </span>
     <span class='ocr_line' id='line_1_9' title="bbox 207 763 1784 815; baseline -0.001 -12"><span class='ocrx_word' id='word_1_61' title='bbox 207 764 275 804; x_wconf 87' lang='lat'>55.</span> <span class='ocrx_word' id='word_1_62' title='bbox 305 765 329 803; x_wconf 91' lang='grc'><strong>6</strong></span> <span class='ocrx_word' id='word_1_63' title='bbox 363 766 404 802; x_wconf 88' lang='lat' dir='ltr'>et</span> <span class='ocrx_word' id='word_1_64' title='bbox 429 763 537 815; x_wconf 92' lang='lat' dir='ltr'>quod</span> <span class='ocrx_word' id='word_1_65' title='bbox 562 764 639 803; x_wconf 89' lang='lat' dir='ltr'>huc</span> <span class='ocrx_word' id='word_1_66' title='bbox 664 764 864 814; x_wconf 89' lang='lat' dir='ltr'>pertinere</span> <span class='ocrx_word' id='word_1_67' title='bbox 891 765 1026 803; x_wconf 89' lang='lat' dir='ltr'>censet</span> <span class='ocrx_word' id='word_1_68' title='bbox 1047 764 1145 813; x_wconf 89' lang='lat'><strong>296,</strong></span> <span class='ocrx_word' id='word_1_69' title='bbox 1171 763 1252 803; x_wconf 92' lang='lat' dir='ltr'>Leo</span> <span class='ocrx_word' id='word_1_70' title='bbox 1278 763 1319 802; x_wconf 91' lang='lat' dir='ltr'>in</span> <span class='ocrx_word' id='word_1_71' title='bbox 1342 763 1445 802; x_wconf 86' lang='lat' dir='ltr'><strong>Mus.</strong></span> <span class='ocrx_word' id='word_1_72' title='bbox 1466 763 1590 802; x_wconf 87' lang='lat' dir='ltr'><strong>Rhen.</strong></span> <span class='ocrx_word' id='word_1_73' title='bbox 1610 763 1784 802; x_wconf 93' lang='lat' dir='ltr'>XXXIII</span> 
     </span>
     <span class='ocr_line' id='line_1_10' title="bbox 205 824 1434 875; baseline -0.001 -12"><span class='ocrx_word' id='word_1_74' title='bbox 205 824 292 863; x_wconf 83' lang='lat'>408</span> <span class='ocrx_word' id='word_1_75' title='bbox 307 836 365 875; x_wconf 87' lang='lat' dir='ltr'>sq.</span> <span class='ocrx_word' id='word_1_76' title='bbox 1428 847 1434 853; x_wconf 96' lang='lat'><em>-</em></span> 
     </span>
     <span class='ocr_line' id='line_1_11' title="bbox 169 877 1783 934; baseline -0.001 -11"><span class='ocrx_word' id='word_1_77' title='bbox 169 909 174 917; x_wconf 84' lang='lat'>.</span> <span class='ocrx_word' id='word_1_78' title='bbox 326 884 393 924; x_wconf 86' lang='lat'>52.</span> <span class='ocrx_word' id='word_1_79' title='bbox 425 883 618 934; x_wconf 84' lang='lat' dir='ltr'>exemplis</span> <span class='ocrx_word' id='word_1_80' title='bbox 650 877 759 923; x_wconf 82' lang='lat' dir='ltr'>addc</span> <span class='ocrx_word' id='word_1_81' title='bbox 782 895 914 934; x_wconf 84' lang='lat' dir='ltr'>pauca</span> <span class='ocrx_word' id='word_1_82' title='bbox 938 883 986 922; x_wconf 85' lang='lat' dir='ltr'>de</span> <span class='ocrx_word' id='word_1_83' title='bbox 1013 883 1153 922; x_wconf 85' lang='lat' dir='ltr'>multis</span> <span class='ocrx_word' id='word_1_84' title='bbox 1172 883 1298 922; x_wconf 87' lang='lat' dir='ltr'>Arist.</span> <span class='ocrx_word' id='word_1_85' title='bbox 1318 882 1418 922; x_wconf 87' lang='lat' dir='ltr'><strong>Ach.</strong></span> <span class='ocrx_word' id='word_1_86' title='bbox 1440 885 1538 922; x_wconf 88' lang='lat'><strong>219.</strong></span> <span class='ocrx_word' id='word_1_87' title='bbox 1570 883 1663 934; x_wconf 81' lang='lat' dir='ltr'><strong>Lys.</strong></span> <span class='ocrx_word' id='word_1_88' title='bbox 1685 885 1783 923; x_wconf 90' lang='lat'><strong>231.</strong></span> 
     </span>
    </p>

    <p class='ocr_par' dir='ltr' id='par_1_7' title="bbox 206 943 1782 1056">
     <span class='ocr_line' id='line_1_12' title="bbox 206 943 1782 994; baseline 0 -12"><span class='ocrx_word' id='word_1_89' title='bbox 206 943 304 982; x_wconf 86' lang='lat'><strong>694.</strong></span> <span class='ocrx_word' id='word_1_90' title='bbox 326 945 364 983; x_wconf 90' lang='lat'>5.</span> <span class='ocrx_word' id='word_1_91' title='bbox 397 944 495 983; x_wconf 88' lang='lat'><strong>928.</strong></span> <span class='ocrx_word' id='word_1_92' title='bbox 529 943 684 983; x_wconf 84' lang='lat' dir='ltr'>Alexid.</span> <span class='ocrx_word' id='word_1_93' title='bbox 709 945 806 982; x_wconf 88' lang='lat'><strong>178.</strong></span> <span class='ocrx_word' id='word_1_94' title='bbox 827 944 926 983; x_wconf 89' lang='lat'><strong>256.</strong></span> <span class='ocrx_word' id='word_1_95' title='bbox 957 943 1126 982; x_wconf 81' lang='lat' dir='ltr'><strong>Philem.</strong></span> <span class='ocrx_word' id='word_1_96' title='bbox 1145 944 1242 982; x_wconf 92' lang='lat'><strong>188.</strong></span> <span class='ocrx_word' id='word_1_97' title='bbox 1274 943 1458 982; x_wconf 84' lang='lat' dir='ltr'>Menand.</span> <span class='ocrx_word' id='word_1_98' title='bbox 1475 945 1543 983; x_wconf 88' lang='lat'><strong>21.</strong></span> <span class='ocrx_word' id='word_1_99' title='bbox 1575 943 1782 994; x_wconf 84' lang='lat' dir='ltr'><strong>Euphron.</strong></span> 
     </span>
     <span class='ocr_line' id='line_1_13' title="bbox 206 999 1462 1056; baseline -0.001 -14"><span class='ocrx_word' id='word_1_100' title='bbox 206 1006 244 1053; x_wconf 91' lang='lat'>1,</span> <span class='ocrx_word' id='word_1_101' title='bbox 278 1005 346 1043; x_wconf 88' lang='lat'><strong>31.</strong></span> <span class='ocrx_word' id='word_1_102' title='bbox 393 1003 569 1055; x_wconf 86' lang='lat' dir='ltr'><strong>Theogn.</strong></span> <span class='ocrx_word' id='word_1_103' title='bbox 603 1005 686 1043; x_wconf 86' lang='lat'>347</span> <span class='ocrx_word' id='word_1_104' title='bbox 722 1000 796 1055; x_wconf 79' lang='grc' dir='ltr'>ἐγὼ</span> <span class='ocrx_word' id='word_1_105' title='bbox 831 999 873 1042; x_wconf 79' lang='grc' dir='ltr'>δὲ</span> <span class='ocrx_word' id='word_1_106' title='bbox 904 1001 1015 1042; x_wconf 86' lang='grc' dir='ltr'><em>κύων</em></span> <span class='ocrx_word' id='word_1_107' title='bbox 1046 1000 1217 1056; x_wconf 81' lang='grc' dir='ltr'><strong><em>ἐπέρησα</em></strong></span> <span class='ocrx_word' id='word_1_108' title='bbox 1248 1001 1462 1054; x_wconf 83' lang='grc' dir='ltr'><em>χαράδρην.</em></span> 
     </span>
    </p>

    <p class='ocr_par' dir='ltr' id='par_1_8' title="bbox 325 1056 1643 1116">
     <span class='ocr_line' id='line_1_14' title="bbox 325 1056 1643 1116; baseline 0 -14"><span class='ocrx_word' id='word_1_109' title='bbox 325 1064 393 1114; x_wconf 85' lang='grc'>58,</span> <span class='ocrx_word' id='word_1_110' title='bbox 427 1065 452 1102; x_wconf 94' lang='grc'><strong>2</strong></span> <span class='ocrx_word' id='word_1_111' title='bbox 484 1062 640 1116; x_wconf 78' lang='grc' dir='ltr'><em>τρίγλης</em></span> <span class='ocrx_word' id='word_1_112' title='bbox 671 1058 780 1116; x_wconf 85' lang='lat' dir='ltr'><strong>(gen.</strong></span> <span class='ocrx_word' id='word_1_113' title='bbox 812 1056 952 1116; x_wconf 88' lang='lat' dir='ltr'>pretii)</span> <span class='ocrx_word' id='word_1_114' title='bbox 985 1062 1242 1102; x_wconf 86' lang='lat' dir='ltr'>Herwerden.</span> <span class='ocrx_word' id='word_1_115' title='bbox 1274 1063 1421 1102; x_wconf 89' lang='lat' dir='ltr'><strong>Mnem.</strong></span> <span class='ocrx_word' id='word_1_116' title='bbox 1447 1077 1484 1101; x_wconf 91' lang='lat' dir='ltr'>n.</span> <span class='ocrx_word' id='word_1_117' title='bbox 1511 1063 1547 1101; x_wconf 91' lang='lat' dir='ltr'>X</span> <span class='ocrx_word' id='word_1_118' title='bbox 1576 1064 1643 1102; x_wconf 89' lang='lat'>68.</span> 
     </span>
    </p>

    <p class='ocr_par' dir='ltr' id='par_1_9' title="bbox 203 1119 1785 1233">
     <span class='ocr_line' id='line_1_15' title="bbox 326 1119 1785 1175; baseline 0 -13"><span class='ocrx_word' id='word_1_119' title='bbox 326 1124 393 1162; x_wconf 89' lang='grc'>60.</span> <span class='ocrx_word' id='word_1_120' title='bbox 427 1122 472 1162; x_wconf 91' lang='grc' dir='ltr'>Ο.</span> <span class='ocrx_word' id='word_1_121' title='bbox 493 1122 634 1162; x_wconf 90' lang='lat' dir='ltr'>Crusio</span> <span class='ocrx_word' id='word_1_122' title='bbox 666 1123 784 1162; x_wconf 84' lang='lat' dir='ltr'><strong>Anal.</strong></span> <span class='ocrx_word' id='word_1_123' title='bbox 805 1122 893 1162; x_wconf 90' lang='lat' dir='ltr'>crit.</span> <span class='ocrx_word' id='word_1_124' title='bbox 916 1124 968 1162; x_wconf 92' lang='grc'>81</span> <span class='ocrx_word' id='word_1_125' title='bbox 991 1136 1030 1162; x_wconf 90' lang='grc'>11.</span> <span class='ocrx_word' id='word_1_126' title='bbox 1053 1125 1073 1162; x_wconf 95' lang='grc'>1</span> <span class='ocrx_word' id='word_1_127' title='bbox 1103 1123 1277 1161; x_wconf 77' lang='lat' dir='ltr'>libenter</span> <span class='ocrx_word' id='word_1_128' title='bbox 1302 1123 1474 1162; x_wconf 87' lang='lat' dir='ltr'>concedo</span> <span class='ocrx_word' id='word_1_129' title='bbox 1500 1125 1619 1162; x_wconf 83' lang='grc' dir='ltr'><em>πλοῖα</em></span> <span class='ocrx_word' id='word_1_130' title='bbox 1645 1119 1785 1175; x_wconf 78' lang='grc' dir='ltr'><strong><em>ῥέοντα</em></strong></span> 
     </span>
     <span class='ocr_line' id='line_1_16' title="bbox 203 1181 1783 1233; baseline 0 -11"><span class='ocrx_word' id='word_1_131' title='bbox 203 1195 284 1222; x_wconf 84' lang='grc'><strong>11011</strong></span> <span class='ocrx_word' id='word_1_132' title='bbox 302 1185 412 1222; x_wconf 88' lang='lat' dir='ltr'>recte</span> <span class='ocrx_word' id='word_1_133' title='bbox 432 1196 495 1222; x_wconf 90' lang='lat' dir='ltr'>me</span> <span class='ocrx_word' id='word_1_134' title='bbox 515 1183 828 1233; x_wconf 86' lang='lat' dir='ltr'>interpretatum</span> <span class='ocrx_word' id='word_1_135' title='bbox 849 1195 946 1222; x_wconf 88' lang='lat' dir='ltr'>esse.</span> <span class='ocrx_word' id='word_1_136' title='bbox 997 1183 1046 1221; x_wconf 87' lang='lat' dir='ltr'>de</span> <span class='ocrx_word' id='word_1_137' title='bbox 1067 1181 1231 1221; x_wconf 76' lang='lat' dir='ltr'>Cratino</span> <span class='ocrx_word' id='word_1_138' title='bbox 1257 1183 1499 1222; x_wconf 87' lang='lat' dir='ltr'>sententiam</span> <span class='ocrx_word' id='word_1_139' title='bbox 1517 1195 1597 1221; x_wconf 91' lang='lat' dir='ltr'>non</span> <span class='ocrx_word' id='word_1_140' title='bbox 1617 1183 1783 1223; x_wconf 89' lang='lat' dir='ltr'>mutavi.</span> 
     </span>
    </p>

    <p class='ocr_par' dir='ltr' id='par_1_10' title="bbox 201 1239 1783 1358">
     <span class='ocr_line' id='line_1_17' title="bbox 325 1239 1783 1296; baseline 0 -14"><span class='ocrx_word' id='word_1_141' title='bbox 325 1244 392 1282; x_wconf 92' lang='grc'>66.</span> <span class='ocrx_word' id='word_1_142' title='bbox 426 1242 627 1282; x_wconf 81' lang='lat' dir='ltr'>adverbiis</span> <span class='ocrx_word' id='word_1_143' title='bbox 659 1239 778 1296; x_wconf 82' lang='grc' dir='ltr'>πέρα,</span> <span class='ocrx_word' id='word_1_144' title='bbox 820 1241 905 1294; x_wconf 77' lang='grc' dir='ltr'><strong><em>εἰκῆ</em></strong></span> <span class='ocrx_word' id='word_1_145' title='bbox 938 1243 1029 1282; x_wconf 88' lang='lat' dir='ltr'>aliis</span> <span class='ocrx_word' id='word_1_146' title='bbox 1067 1242 1151 1282; x_wconf 90' lang='lat' dir='ltr'>iota</span> <span class='ocrx_word' id='word_1_147' title='bbox 1188 1242 1461 1293; x_wconf 89' lang='lat' dir='ltr'>subscriptum</span> <span class='ocrx_word' id='word_1_148' title='bbox 1494 1242 1682 1293; x_wconf 82' lang='lat' dir='ltr'>adiciam,</span> <span class='ocrx_word' id='word_1_149' title='bbox 1712 1243 1783 1282; x_wconf 91' lang='lat' dir='ltr'>ubi</span> 
     </span>
     <span class='ocr_line' id='line_1_18' title="bbox 201 1299 1740 1358; baseline -0.001 -16"><span class='ocrx_word' id='word_1_150' title='bbox 201 1302 404 1342; x_wconf 89' lang='lat' dir='ltr'>communi</span> <span class='ocrx_word' id='word_1_151' title='bbox 435 1315 510 1342; x_wconf 88' lang='lat' dir='ltr'>usu</span> <span class='ocrx_word' id='word_1_152' title='bbox 542 1305 722 1353; x_wconf 86' lang='lat' dir='ltr'>receptas</span> <span class='ocrx_word' id='word_1_153' title='bbox 755 1302 894 1342; x_wconf 87' lang='lat' dir='ltr'>videro</span> <span class='ocrx_word' id='word_1_154' title='bbox 926 1303 1075 1341; x_wconf 90' lang='lat' dir='ltr'>formas</span> <span class='ocrx_word' id='word_1_155' title='bbox 1107 1301 1225 1358; x_wconf 74' lang='grc' dir='ltr'><em>οὕτῳ,</em></span> <span class='ocrx_word' id='word_1_156' title='bbox 1256 1301 1405 1358; x_wconf 78' lang='grc' dir='ltr'><em>πόρρῳ,</em></span> <span class='ocrx_word' id='word_1_157' title='bbox 1437 1300 1525 1358; x_wconf 76' lang='grc' dir='ltr'>ἕξῳ,</span> <span class='ocrx_word' id='word_1_158' title='bbox 1550 1299 1634 1358; x_wconf 76' lang='grc' dir='ltr'><em>ἄνῳ</em></span> <span class='ocrx_word' id='word_1_159' title='bbox 1667 1306 1740 1342; x_wconf 86' lang='lat' dir='ltr'>cet.</span> 
     </span>
    </p>

    <p class='ocr_par' dir='ltr' id='par_1_11' title="bbox 199 1359 1783 1473">
     <span class='ocr_line' id='line_1_19' title="bbox 325 1359 1783 1414; baseline 0 -12"><span class='ocrx_word' id='word_1_160' title='bbox 325 1364 391 1402; x_wconf 87' lang='grc'>71.</span> <span class='ocrx_word' id='word_1_161' title='bbox 430 1363 462 1402; x_wconf 91' lang='lat' dir='ltr'>si</span> <span class='ocrx_word' id='word_1_162' title='bbox 494 1362 584 1414; x_wconf 85' lang='lat' dir='ltr'>quis</span> <span class='ocrx_word' id='word_1_163' title='bbox 621 1375 767 1402; x_wconf 89' lang='lat' dir='ltr'>nomen</span> <span class='ocrx_word' id='word_1_164' title='bbox 806 1359 1023 1414; x_wconf 81' lang='grc' dir='ltr'><strong><em>Περικλέης</em></strong></span> <span class='ocrx_word' id='word_1_165' title='bbox 1061 1375 1152 1402; x_wconf 83' lang='grc'><strong>011111</strong></span> <span class='ocrx_word' id='word_1_166' title='bbox 1184 1361 1335 1402; x_wconf 88' lang='lat' dir='ltr'>Cobeto</span> <span class='ocrx_word' id='word_1_167' title='bbox 1374 1362 1599 1402; x_wconf 88' lang='lat' dir='ltr'>eiciendum</span> <span class='ocrx_word' id='word_1_168' title='bbox 1636 1365 1783 1414; x_wconf 85' lang='lat' dir='ltr'>censet,</span> 
     </span>
     <span class='ocr_line' id='line_1_20' title="bbox 199 1422 818 1473; baseline 0 -11"><span class='ocrx_word' id='word_1_169' title='bbox 199 1435 279 1462; x_wconf 90' lang='lat' dir='ltr'>non</span> <span class='ocrx_word' id='word_1_170' title='bbox 309 1422 607 1473; x_wconf 86' lang='lat' dir='ltr'>neglegendum</span> <span class='ocrx_word' id='word_1_171' title='bbox 637 1423 686 1462; x_wconf 84' lang='lat' dir='ltr'>fr.</span> <span class='ocrx_word' id='word_1_172' title='bbox 720 1423 818 1462; x_wconf 92' lang='lat'><strong>241.</strong></span> 
     </span>
    </p>

    <p class='ocr_par' dir='ltr' id='par_1_12' title="bbox 201 1478 1783 1582">
     <span class='ocr_line' id='line_1_21' title="bbox 322 1478 1783 1532; baseline -0.002 -9"><span class='ocrx_word' id='word_1_173' title='bbox 322 1478 388 1523; x_wconf 76' lang='lat'><strong>¹73.</strong></span> <span class='ocrx_word' id='word_1_174' title='bbox 425 1483 476 1521; x_wconf 91' lang='lat' dir='ltr'>ad</span> <span class='ocrx_word' id='word_1_175' title='bbox 508 1482 674 1521; x_wconf 83' lang='lat' dir='ltr'>eandem</span> <span class='ocrx_word' id='word_1_176' title='bbox 711 1495 797 1521; x_wconf 89' lang='lat' dir='ltr'>rem</span> <span class='ocrx_word' id='word_1_177' title='bbox 829 1482 1003 1522; x_wconf 86' lang='lat' dir='ltr'><strong>Leucon.</strong></span> <span class='ocrx_word' id='word_1_178' title='bbox 1041 1485 1060 1520; x_wconf 96' lang='lat'><strong>1</strong></span> <span class='ocrx_word' id='word_1_179' title='bbox 1096 1482 1298 1532; x_wconf 87' lang='lat' dir='ltr'>pertinere</span> <span class='ocrx_word' id='word_1_180' title='bbox 1331 1485 1496 1522; x_wconf 87' lang='lat' dir='ltr'>censent</span> <span class='ocrx_word' id='word_1_181' title='bbox 1526 1482 1652 1522; x_wconf 88' lang='lat' dir='ltr'><strong>Muhl.</strong></span> <span class='ocrx_word' id='word_1_182' title='bbox 1702 1482 1783 1521; x_wconf 89' lang='lat' dir='ltr'>Zur</span> 
     </span>
     <span class='ocr_line' id='line_1_22' title="bbox 201 1536 1477 1582; baseline -0.001 0"><span class='ocrx_word' id='word_1_183' title='bbox 201 1536 350 1582; x_wconf 73' lang='lat' dir='ltr'><strong>Gesch.</strong></span> <span class='ocrx_word' id='word_1_184' title='bbox 375 1542 445 1581; x_wconf 89' lang='lat' dir='ltr'>der</span> <span class='ocrx_word' id='word_1_185' title='bbox 477 1542 547 1582; x_wconf 88' lang='lat' dir='ltr'>alt.</span> <span class='ocrx_word' id='word_1_186' title='bbox 579 1544 652 1581; x_wconf 85' lang='lat' dir='ltr'>att.</span> <span class='ocrx_word' id='word_1_187' title='bbox 686 1542 800 1582; x_wconf 88' lang='lat' dir='ltr'><strong>Kom.</strong></span> <span class='ocrx_word' id='word_1_188' title='bbox 834 1543 901 1582; x_wconf 87' lang='lat'>88.</span> <span class='ocrx_word' id='word_1_189' title='bbox 953 1542 1146 1581; x_wconf 81' lang='lat' dir='ltr'>Brandes.</span> <span class='ocrx_word' id='word_1_190' title='bbox 1173 1541 1266 1581; x_wconf 88' lang='lat' dir='ltr'><strong>Obs.</strong></span> <span class='ocrx_word' id='word_1_191' title='bbox 1292 1542 1381 1581; x_wconf 90' lang='lat' dir='ltr'>crit.</span> <span class='ocrx_word' id='word_1_192' title='bbox 1410 1544 1477 1581; x_wconf 84' lang='grc'>21.</span> 
     </span>
    </p>

    <p class='ocr_par' dir='ltr' id='par_1_13' title="bbox 321 1599 1650 1652">
     <span class='ocr_line' id='line_1_23' title="bbox 321 1599 1650 1652; baseline 0 -10"><span class='ocrx_word' id='word_1_193' title='bbox 321 1603 389 1642; x_wconf 89' lang='grc'>74.</span> <span class='ocrx_word' id='word_1_194' title='bbox 422 1601 552 1641; x_wconf 85' lang='grc'><strong>801101.</strong></span> <span class='ocrx_word' id='word_1_195' title='bbox 584 1602 724 1652; x_wconf 88' lang='lat' dir='ltr'><strong>Eurip.</strong></span> <span class='ocrx_word' id='word_1_196' title='bbox 758 1615 820 1652; x_wconf 89' lang='lat' dir='ltr'>ap.</span> <span class='ocrx_word' id='word_1_197' title='bbox 854 1601 964 1641; x_wconf 86' lang='lat' dir='ltr'><strong>Geel.</strong></span> <span class='ocrx_word' id='word_1_198' title='bbox 995 1599 1224 1652; x_wconf 82' lang='grc' dir='ltr'><strong><em>ἐξέκλεψεν</em></strong></span> <span class='ocrx_word' id='word_1_199' title='bbox 1256 1602 1429 1652; x_wconf 85' lang='lat' dir='ltr'>exhibet,</span> <span class='ocrx_word' id='word_1_200' title='bbox 1461 1615 1542 1641; x_wconf 92' lang='lat' dir='ltr'>non</span> <span class='ocrx_word' id='word_1_201' title='bbox 1573 1600 1650 1642; x_wconf 78' lang='grc' dir='ltr'><strong>ἕκλ.</strong></span> 
     </span>
    </p>

    <p class='ocr_par' dir='ltr' id='par_1_14' title="bbox 201 1659 1781 1761">
     <span class='ocr_line' id='line_1_24' title="bbox 321 1659 1781 1714; baseline 0 -13"><span class='ocrx_word' id='word_1_202' title='bbox 321 1663 373 1702; x_wconf 93' lang='grc'><strong>78</strong></span> <span class='ocrx_word' id='word_1_203' title='bbox 408 1659 664 1714; x_wconf 79' lang='grc' dir='ltr'><em>ἀπέφρηκαν</em></span> <span class='ocrx_word' id='word_1_204' title='bbox 695 1662 852 1701; x_wconf 81' lang='lat' dir='ltr'><strong>Nauck.</strong></span> <span class='ocrx_word' id='word_1_205' title='bbox 883 1662 1088 1713; x_wconf 74' lang='lat' dir='ltr'>Melanges</span> <span class='ocrx_word' id='word_1_206' title='bbox 1112 1661 1147 1698; x_wconf 94' lang='lat' dir='ltr'><strong>V</strong></span> <span class='ocrx_word' id='word_1_207' title='bbox 1175 1663 1273 1710; x_wconf 88' lang='lat'><strong>221,</strong></span> <span class='ocrx_word' id='word_1_208' title='bbox 1306 1662 1420 1701; x_wconf 89' lang='lat' dir='ltr'>cuius</span> <span class='ocrx_word' id='word_1_209' title='bbox 1453 1662 1694 1701; x_wconf 86' lang='lat' dir='ltr'>conferenda</span> <span class='ocrx_word' id='word_1_210' title='bbox 1719 1665 1781 1701; x_wconf 88' lang='lat' dir='ltr'>est</span> 
     </span>
     <span class='ocr_line' id='line_1_25' title="bbox 201 1721 1659 1761; baseline 0 0"><span class='ocrx_word' id='word_1_211' title='bbox 201 1722 434 1761; x_wconf 71' lang='lat' dir='ltr'>dissertatio</span> <span class='ocrx_word' id='word_1_212' title='bbox 466 1722 514 1760; x_wconf 90' lang='lat' dir='ltr'>de</span> <span class='ocrx_word' id='word_1_213' title='bbox 546 1722 621 1761; x_wconf 88' lang='grc'><strong>1100</strong></span> <span class='ocrx_word' id='word_1_214' title='bbox 652 1722 774 1760; x_wconf 86' lang='lat' dir='ltr'>verbo</span> <span class='ocrx_word' id='word_1_215' title='bbox 808 1722 987 1760; x_wconf 85' lang='lat' dir='ltr'>Bulletin</span> <span class='ocrx_word' id='word_1_216' title='bbox 1019 1722 1066 1760; x_wconf 91' lang='lat' dir='ltr'>de</span> <span class='ocrx_word' id='word_1_217' title='bbox 1098 1721 1237 1760; x_wconf 87' lang='lat' dir='ltr'>l&#39;acad.</span> <span class='ocrx_word' id='word_1_218' title='bbox 1271 1722 1449 1760; x_wconf 89' lang='lat' dir='ltr'>Petersb.</span> <span class='ocrx_word' id='word_1_219' title='bbox 1468 1721 1526 1760; x_wconf 91' lang='lat' dir='ltr'>VI</span> <span class='ocrx_word' id='word_1_220' title='bbox 1560 1723 1659 1761; x_wconf 88' lang='lat'><strong>438.</strong></span> 
     </span>
    </p>

    <p class='ocr_par' dir='ltr' id='par_1_15' title="bbox 197 1777 1780 1895">
     <span class='ocr_line' id='line_1_26' title="bbox 319 1777 1779 1831; baseline 0 -10"><span class='ocrx_word' id='word_1_221' title='bbox 319 1783 388 1821; x_wconf 92' lang='lat'>80.</span> <span class='ocrx_word' id='word_1_222' title='bbox 421 1782 639 1821; x_wconf 85' lang='lat' dir='ltr'>dialectum</span> <span class='ocrx_word' id='word_1_223' title='bbox 665 1794 751 1820; x_wconf 85' lang='lat' dir='ltr'>esse</span> <span class='ocrx_word' id='word_1_224' title='bbox 765 1777 1069 1831; x_wconf 68' lang='lat' dir='ltr'>‘Abderiticam,</span> <span class='ocrx_word' id='word_1_225' title='bbox 1090 1782 1261 1820; x_wconf 84' lang='lat' dir='ltr'>fortasse</span> <span class='ocrx_word' id='word_1_226' title='bbox 1282 1782 1444 1820; x_wconf 86' lang='lat' dir='ltr'>omnino</span> <span class='ocrx_word' id='word_1_227' title='bbox 1465 1778 1659 1820; x_wconf 88' lang='lat' dir='ltr'>Ionicam&#39;</span> <span class='ocrx_word' id='word_1_228' title='bbox 1679 1783 1779 1821; x_wconf 87' lang='lat' dir='ltr'><strong>conl.</strong></span> 
     </span>
     <span class='ocr_line' id='line_1_27' title="bbox 197 1835 1780 1895; baseline 0 -14"><span class='ocrx_word' id='word_1_229' title='bbox 197 1841 418 1881; x_wconf 87' lang='lat' dir='ltr'>Democriti</span> <span class='ocrx_word' id='word_1_230' title='bbox 449 1841 611 1881; x_wconf 89' lang='lat' dir='ltr'>nomine</span> <span class='ocrx_word' id='word_1_231' title='bbox 639 1835 821 1895; x_wconf 80' lang='grc' dir='ltr'>(εἴδωλα)</span> <span class='ocrx_word' id='word_1_232' title='bbox 849 1838 1014 1894; x_wconf 75' lang='grc' dir='ltr'><em>εὔλογχα</em></span> <span class='ocrx_word' id='word_1_233' title='bbox 1039 1854 1111 1891; x_wconf 89' lang='lat' dir='ltr'>per</span> <span class='ocrx_word' id='word_1_234' title='bbox 1136 1841 1296 1880; x_wconf 88' lang='lat' dir='ltr'>litteras</span> <span class='ocrx_word' id='word_1_235' title='bbox 1322 1854 1385 1879; x_wconf 93' lang='lat' dir='ltr'>me</span> <span class='ocrx_word' id='word_1_236' title='bbox 1411 1841 1569 1880; x_wconf 92' lang='lat' dir='ltr'>monuit</span> <span class='ocrx_word' id='word_1_237' title='bbox 1591 1841 1780 1881; x_wconf 88' lang='lat' dir='ltr'>Dilesius.</span> 
     </span>
    </p>

    <p class='ocr_par' dir='ltr' id='par_1_16' title="bbox 195 1898 1780 2132">
     <span class='ocr_line' id='line_1_28' title="bbox 317 1898 1780 1954; baseline -0.001 -13"><span class='ocrx_word' id='word_1_238' title='bbox 317 1903 386 1941; x_wconf 87' lang='grc'>84.</span> <span class='ocrx_word' id='word_1_239' title='bbox 417 1900 543 1953; x_wconf 82' lang='grc' dir='ltr'><em>τύρβη</em></span> <span class='ocrx_word' id='word_1_240' title='bbox 576 1898 679 1940; x_wconf 85' lang='grc' dir='ltr'><em>νέων</em></span> <span class='ocrx_word' id='word_1_241' title='bbox 710 1915 780 1951; x_wconf 83' lang='grc' dir='ltr'>τις,</span> <span class='ocrx_word' id='word_1_242' title='bbox 815 1899 956 1940; x_wconf 86' lang='grc' dir='ltr'><em>καινὸν</em></span> <span class='ocrx_word' id='word_1_243' title='bbox 988 1899 1244 1954; x_wconf 77' lang='grc' dir='ltr'><em>ἐργαστήριον</em></span> <span class='ocrx_word' id='word_1_244' title='bbox 1275 1914 1436 1941; x_wconf 82' lang='lat' dir='ltr'>versum</span> <span class='ocrx_word' id='word_1_245' title='bbox 1475 1913 1562 1940; x_wconf 88' lang='grc'><strong>0880</strong></span> <span class='ocrx_word' id='word_1_246' title='bbox 1595 1901 1780 1953; x_wconf 84' lang='lat' dir='ltr'>Gregorii</span> 
     </span>
     <span class='ocr_line' id='line_1_29' title="bbox 195 1960 1778 2012; baseline -0.001 -12"><span class='ocrx_word' id='word_1_247' title='bbox 195 1961 381 2001; x_wconf 85' lang='lat' dir='ltr'>Nazianz.</span> <span class='ocrx_word' id='word_1_248' title='bbox 412 1961 453 2000; x_wconf 93' lang='lat' dir='ltr'>II</span> <span class='ocrx_word' id='word_1_249' title='bbox 492 1963 582 2001; x_wconf 83' lang='lat' dir='ltr'>2’Ia</span> <span class='ocrx_word' id='word_1_250' title='bbox 619 1961 777 2000; x_wconf 88' lang='lat' dir='ltr'>monuit</span> <span class='ocrx_word' id='word_1_251' title='bbox 813 1960 1023 2000; x_wconf 86' lang='lat' dir='ltr'>Nauckius</span> <span class='ocrx_word' id='word_1_252' title='bbox 1061 1961 1268 2012; x_wconf 74' lang='lat' dir='ltr'>Melanges</span> <span class='ocrx_word' id='word_1_253' title='bbox 1302 1961 1337 1999; x_wconf 94' lang='lat' dir='ltr'><strong>V</strong></span> <span class='ocrx_word' id='word_1_254' title='bbox 1372 1963 1470 2000; x_wconf 87' lang='grc'><strong>221.</strong></span> <span class='ocrx_word' id='word_1_255' title='bbox 1527 1961 1665 2001; x_wconf 86' lang='lat' dir='ltr'>audio:</span> <span class='ocrx_word' id='word_1_256' title='bbox 1711 1962 1778 2000; x_wconf 86' lang='lat' dir='ltr'>sed</span> 
     </span>
     <span class='ocr_line' id='line_1_30' title="bbox 195 2016 1778 2074; baseline 0 -13"><span class='ocrx_word' id='word_1_257' title='bbox 195 2022 268 2061; x_wconf 89' lang='lat' dir='ltr'>ubi</span> <span class='ocrx_word' id='word_1_258' title='bbox 298 2021 532 2060; x_wconf 83' lang='lat' dir='ltr'>Athenaeus</span> <span class='ocrx_word' id='word_1_259' title='bbox 573 2033 691 2059; x_wconf 86' lang='lat' dir='ltr'>suum</span> <span class='ocrx_word' id='word_1_260' title='bbox 727 2021 883 2060; x_wconf 86' lang='lat' dir='ltr'>invenit</span> <span class='ocrx_word' id='word_1_261' title='bbox 921 2020 1178 2073; x_wconf 88' lang='grc' dir='ltr'><em>συρβηναίων</em></span> <span class='ocrx_word' id='word_1_262' title='bbox 1216 2016 1491 2074; x_wconf 83' lang='grc' dir='ltr'>(συρβηνέων)</span> <span class='ocrx_word' id='word_1_263' title='bbox 1530 2019 1679 2074; x_wconf 73' lang='grc' dir='ltr'><em>χορόνῖ)</em></span> <span class='ocrx_word' id='word_1_264' title='bbox 1729 2022 1778 2061; x_wconf 86' lang='lat' dir='ltr'>cf.</span> 
     </span>
     <span class='ocr_line' id='line_1_31' title="bbox 200 2080 806 2132; baseline -0.002 -12"><span class='ocrx_word' id='word_1_265' title='bbox 200 2082 268 2132; x_wconf 88' lang='lat'>15,</span> <span class='ocrx_word' id='word_1_266' title='bbox 302 2082 436 2121; x_wconf 87' lang='lat' dir='ltr'><strong>669b.</strong></span> <span class='ocrx_word' id='word_1_267' title='bbox 483 2082 608 2120; x_wconf 84' lang='lat'><strong>6710.</strong></span> <span class='ocrx_word' id='word_1_268' title='bbox 655 2080 806 2120; x_wconf 86' lang='lat' dir='ltr'><strong>697ef.</strong></span> 
     </span>
    </p>

    <p class='ocr_par' dir='ltr' id='par_1_17' title="bbox 195 2136 1775 2254">
     <span class='ocr_line' id='line_1_32' title="bbox 318 2136 1775 2254; baseline -0.001 -73"><span class='ocrx_word' id='word_1_269' title='bbox 318 2142 416 2192; x_wconf 86' lang='lat'><strong>108,</strong></span> <span class='ocrx_word' id='word_1_270' title='bbox 448 2142 472 2181; x_wconf 88' lang='lat'><strong>3</strong></span> <span class='ocrx_word' id='word_1_271' title='bbox 507 2153 581 2254; x_wconf 71' lang='grc'><strong>81))1.</strong></span> <span class='ocrx_word' id='word_1_272' title='bbox 613 2136 821 2196; x_wconf 75' lang='grc' dir='ltr'><em>ἐπῴζουσ’,</em></span> <span class='ocrx_word' id='word_1_273' title='bbox 854 2140 901 2180; x_wconf 93' lang='lat' dir='ltr'>de</span> <span class='ocrx_word' id='word_1_274' title='bbox 935 2153 1013 2192; x_wconf 91' lang='lat' dir='ltr'>quo</span> <span class='ocrx_word' id='word_1_275' title='bbox 1047 2141 1168 2180; x_wconf 89' lang='lat' dir='ltr'>verbo</span> <span class='ocrx_word' id='word_1_276' title='bbox 1203 2141 1251 2180; x_wconf 90' lang='lat' dir='ltr'>cf.</span> <span class='ocrx_word' id='word_1_277' title='bbox 1271 2140 1443 2180; x_wconf 84' lang='lat' dir='ltr'>Meinek.</span> <span class='ocrx_word' id='word_1_278' title='bbox 1470 2141 1635 2180; x_wconf 86' lang='lat' dir='ltr'>Theocr.</span> <span class='ocrx_word' id='word_1_279' title='bbox 1658 2142 1696 2190; x_wconf 84' lang='lat'>5,</span> <span class='ocrx_word' id='word_1_280' title='bbox 1721 2143 1775 2180; x_wconf 93' lang='grc'>97</span> 
     </span>
     <span class='ocr_line' id='line_1_33' title="bbox 195 2196 557 2252; baseline 0 -13"><span class='ocrx_word' id='word_1_281' title='bbox 195 2215 231 2252; x_wconf 87' lang='lat' dir='ltr'><strong>p.</strong></span> <span class='ocrx_word' id='word_1_282' title='bbox 268 2202 351 2241; x_wconf 83' lang='lat'>236</span> <span class='ocrx_word' id='word_1_283' title='bbox 386 2196 464 2252; x_wconf 79' lang='lat' dir='ltr'><strong>(ed.</strong></span> <span class='ocrx_word' id='word_1_284' title='bbox 491 2202 557 2240; x_wconf 89' lang='lat'>·3.</span> 
     </span>
    </p>

    <p class='ocr_par' dir='ltr' id='par_1_18' title="bbox 201 2257 1813 2373">
     <span class='ocr_line' id='line_1_34' title="bbox 318 2257 1813 2313; baseline 0.001 -13"><span class='ocrx_word' id='word_1_285' title='bbox 318 2262 421 2311; x_wconf 88' lang='lat'><strong>109,</strong></span> <span class='ocrx_word' id='word_1_286' title='bbox 456 2263 477 2299; x_wconf 95' lang='lat'><strong>1</strong></span> <span class='ocrx_word' id='word_1_287' title='bbox 531 2257 584 2307; x_wconf 84' lang='grc' dir='ltr'>ὡς</span> <span class='ocrx_word' id='word_1_288' title='bbox 627 2264 727 2313; x_wconf 84' lang='grc' dir='ltr'><em>γοῦν</em></span> <span class='ocrx_word' id='word_1_289' title='bbox 772 2260 894 2299; x_wconf 87' lang='grc'><strong>801101.</strong></span> <span class='ocrx_word' id='word_1_290' title='bbox 934 2260 1016 2300; x_wconf 91' lang='lat' dir='ltr'><strong>cod.</strong></span> <span class='ocrx_word' id='word_1_291' title='bbox 1063 2260 1247 2300; x_wconf 86' lang='lat' dir='ltr'>Ambros.</span> <span class='ocrx_word' id='word_1_292' title='bbox 1289 2260 1348 2299; x_wconf 89' lang='lat' dir='ltr'><strong>ed.</strong></span> <span class='ocrx_word' id='word_1_293' title='bbox 1388 2260 1562 2312; x_wconf 86' lang='lat' dir='ltr'>Ziegler,</span> <span class='ocrx_word' id='word_1_294' title='bbox 1604 2260 1776 2313; x_wconf 84' lang='lat' dir='ltr'><strong>Tubing.</strong></span> <span class='ocrx_word' id='word_1_295' title='bbox 1810 2310 1813 2313; x_wconf 22' lang='grc' dir='ltr'>Ι</span> 
     </span>
     <span class='ocr_line' id='line_1_35' title="bbox 201 2322 499 2373; baseline -0.003 -13"><span class='ocrx_word' id='word_1_296' title='bbox 201 2322 327 2373; x_wconf 85' lang='grc'><strong>1867,</strong></span> <span class='ocrx_word' id='word_1_297' title='bbox 358 2334 396 2370; x_wconf 88' lang='lat' dir='ltr'>p.</span> <span class='ocrx_word' id='word_1_298' title='bbox 431 2322 499 2360; x_wconf 90' lang='lat'>72.</span> 
     </span>
    </p>

    <p class='ocr_par' dir='ltr' id='par_1_19' title="bbox 197 2374 1777 2612">
     <span class='ocr_line' id='line_1_36' title="bbox 321 2374 1776 2432; baseline 0.001 -13"><span class='ocrx_word' id='word_1_299' title='bbox 321 2382 417 2419; x_wconf 92' lang='lat'><strong>112.</strong></span> <span class='ocrx_word' id='word_1_300' title='bbox 461 2380 509 2419; x_wconf 87' lang='lat' dir='ltr'>de</span> <span class='ocrx_word' id='word_1_301' title='bbox 547 2380 669 2420; x_wconf 83' lang='lat' dir='ltr'>verbo</span> <span class='ocrx_word' id='word_1_302' title='bbox 707 2376 818 2432; x_wconf 76' lang='grc' dir='ltr'><em>ἄγειν</em></span> <span class='ocrx_word' id='word_1_303' title='bbox 857 2374 1083 2432; x_wconf 83' lang='grc' dir='ltr'><em>(ἡγεῖσθαι)</em></span> <span class='ocrx_word' id='word_1_304' title='bbox 1123 2381 1171 2419; x_wconf 89' lang='lat' dir='ltr'>cf.</span> <span class='ocrx_word' id='word_1_305' title='bbox 1206 2382 1304 2419; x_wconf 88' lang='lat'><strong>352.</strong></span> <span class='ocrx_word' id='word_1_306' title='bbox 1337 2380 1472 2430; x_wconf 84' lang='lat' dir='ltr'><strong>adesp.</strong></span> <span class='ocrx_word' id='word_1_307' title='bbox 1507 2382 1605 2420; x_wconf 88' lang='lat'><strong>726.</strong></span> <span class='ocrx_word' id='word_1_308' title='bbox 1636 2401 1696 2407; x_wconf 94' lang='lat'><strong>—</strong></span> <span class='ocrx_word' id='word_1_309' title='bbox 1727 2381 1776 2420; x_wconf 88' lang='lat' dir='ltr'>de</span> 
     </span>
     <span class='ocr_line' id='line_1_37' title="bbox 204 2438 1777 2492; baseline 0.001 -13"><span class='ocrx_word' id='word_1_310' title='bbox 204 2441 327 2490; x_wconf 74' lang='lat' dir='ltr'>Psyra</span> <span class='ocrx_word' id='word_1_311' title='bbox 356 2440 421 2479; x_wconf 88' lang='lat' dir='ltr'>vel</span> <span class='ocrx_word' id='word_1_312' title='bbox 446 2440 582 2489; x_wconf 75' lang='lat' dir='ltr'>Psyris</span> <span class='ocrx_word' id='word_1_313' title='bbox 611 2439 746 2478; x_wconf 78' lang='lat' dir='ltr'>insula</span> <span class='ocrx_word' id='word_1_314' title='bbox 770 2439 886 2479; x_wconf 91' lang='lat' dir='ltr'><strong>Hom.</strong></span> <span class='ocrx_word' id='word_1_315' title='bbox 909 2439 980 2479; x_wconf 90' lang='lat' dir='ltr'>Od.</span> <span class='ocrx_word' id='word_1_316' title='bbox 1002 2442 1041 2490; x_wconf 91' lang='lat'>3,</span> <span class='ocrx_word' id='word_1_317' title='bbox 1064 2442 1144 2479; x_wconf 87' lang='lat'>171</span> <span class='ocrx_word' id='word_1_318' title='bbox 1180 2438 1307 2491; x_wconf 82' lang='grc' dir='ltr'><em>νήσου</em></span> <span class='ocrx_word' id='word_1_319' title='bbox 1340 2438 1404 2479; x_wconf 76' lang='grc' dir='ltr'>ἔπι</span> <span class='ocrx_word' id='word_1_320' title='bbox 1435 2439 1604 2492; x_wconf 80' lang='grc' dir='ltr'><strong>Ψυρίης.</strong></span> <span class='ocrx_word' id='word_1_321' title='bbox 1645 2440 1777 2480; x_wconf 86' lang='lat' dir='ltr'><strong>Schol.</strong></span> 
     </span>
     <span class='ocr_line' id='line_1_38' title="bbox 201 2497 1777 2552; baseline 0.001 -13"><span class='ocrx_word' id='word_1_322' title='bbox 201 2500 315 2539; x_wconf 86' lang='lat' dir='ltr'><strong>Hom.</strong></span> <span class='ocrx_word' id='word_1_323' title='bbox 348 2498 420 2539; x_wconf 86' lang='lat' dir='ltr'>Od.</span> <span class='ocrx_word' id='word_1_324' title='bbox 451 2513 489 2550; x_wconf 89' lang='lat' dir='ltr'>p.</span> <span class='ocrx_word' id='word_1_325' title='bbox 523 2501 577 2539; x_wconf 89' lang='lat'><strong>92</strong></span> <span class='ocrx_word' id='word_1_326' title='bbox 613 2500 762 2538; x_wconf 87' lang='lat' dir='ltr'>Buttm.</span> <span class='ocrx_word' id='word_1_327' title='bbox 807 2499 943 2551; x_wconf 81' lang='grc' dir='ltr'><em>Ψυρία</em></span> <span class='ocrx_word' id='word_1_328' title='bbox 980 2499 1161 2550; x_wconf 82' lang='grc' dir='ltr'><em>νησίδιόν</em></span> <span class='ocrx_word' id='word_1_329' title='bbox 1199 2498 1302 2539; x_wconf 81' lang='grc' dir='ltr'><em>ἐστιν</em></span> <span class='ocrx_word' id='word_1_330' title='bbox 1340 2497 1488 2552; x_wconf 82' lang='grc' dir='ltr'><em>ἀπέχον</em></span> <span class='ocrx_word' id='word_1_331' title='bbox 1519 2500 1704 2548; x_wconf 82' lang='grc' dir='ltr'><em>σταδίους</em></span> <span class='ocrx_word' id='word_1_332' title='bbox 1734 2497 1777 2540; x_wconf 77' lang='grc' dir='ltr'><em>ν’</em></span> 
     </span>
     <span class='ocr_line' id='line_1_39' title="bbox 197 2559 413 2612; baseline -0.005 -13"><span class='ocrx_word' id='word_1_333' title='bbox 197 2564 266 2612; x_wconf 76' lang='grc' dir='ltr'>τῆς</span> <span class='ocrx_word' id='word_1_334' title='bbox 297 2559 413 2599; x_wconf 88' lang='grc' dir='ltr'><strong>Χίου.</strong></span> 
     </span>
    </p>

    <p class='ocr_par' dir='ltr' id='par_1_20' title="bbox 321 2616 1544 2671">
     <span class='ocr_line' id='line_1_40' title="bbox 321 2616 1544 2671; baseline 0.002 -12"><span class='ocrx_word' id='word_1_335' title='bbox 321 2621 405 2659; x_wconf 93' lang='grc'><strong>124</strong></span> <span class='ocrx_word' id='word_1_336' title='bbox 436 2616 697 2671; x_wconf 82' lang='grc' dir='ltr'><em>γέγραπται</em></span> <span class='ocrx_word' id='word_1_337' title='bbox 728 2620 830 2659; x_wconf 86' lang='lat' dir='ltr'>Ellis</span> <span class='ocrx_word' id='word_1_338' title='bbox 862 2620 998 2658; x_wconf 91' lang='lat' dir='ltr'>Amer.</span> <span class='ocrx_word' id='word_1_339' title='bbox 1030 2619 1173 2659; x_wconf 66' lang='grc' dir='ltr'>ι1011111.</span> <span class='ocrx_word' id='word_1_340' title='bbox 1203 2620 1342 2670; x_wconf 91' lang='lat' dir='ltr'>philol.</span> <span class='ocrx_word' id='word_1_341' title='bbox 1368 2619 1426 2657; x_wconf 88' lang='lat' dir='ltr'>VI</span> <span class='ocrx_word' id='word_1_342' title='bbox 1462 2621 1499 2659; x_wconf 89' lang='lat'>9.</span> <span class='ocrx_word' id='word_1_343' title='bbox 1541 2658 1544 2661; x_wconf 68' lang='grc'>,</span> 
     </span>
    </p>

    <p class='ocr_par' dir='ltr' id='par_1_21' title="bbox 197 2678 1775 2910">
     <span class='ocr_line' id='line_1_41' title="bbox 323 2678 1775 2730; baseline 0.001 -13"><span class='ocrx_word' id='word_1_344' title='bbox 323 2681 419 2719; x_wconf 89' lang='grc'><strong>142.</strong></span> <span class='ocrx_word' id='word_1_345' title='bbox 450 2678 675 2729; x_wconf 84' lang='lat' dir='ltr'>Vesparum</span> <span class='ocrx_word' id='word_1_346' title='bbox 699 2692 840 2719; x_wconf 89' lang='lat' dir='ltr'>versus</span> <span class='ocrx_word' id='word_1_347' title='bbox 869 2681 966 2719; x_wconf 89' lang='lat'><strong>710.</strong></span> <span class='ocrx_word' id='word_1_348' title='bbox 997 2681 1063 2730; x_wconf 89' lang='lat'>11,</span> <span class='ocrx_word' id='word_1_349' title='bbox 1089 2692 1189 2730; x_wconf 85' lang='lat' dir='ltr'>quos</span> <span class='ocrx_word' id='word_1_350' title='bbox 1215 2680 1299 2729; x_wconf 88' lang='lat' dir='ltr'>ipse</span> <span class='ocrx_word' id='word_1_351' title='bbox 1328 2680 1647 2730; x_wconf 87' lang='lat' dir='ltr'>commemoravi,</span> <span class='ocrx_word' id='word_1_352' title='bbox 1674 2680 1775 2718; x_wconf 90' lang='lat' dir='ltr'>nihil</span> 
     </span>
     <span class='ocr_line' id='line_1_42' title="bbox 199 2738 1773 2790; baseline 0 -12"><span class='ocrx_word' id='word_1_353' title='bbox 199 2743 363 2789; x_wconf 81' lang='lat' dir='ltr'>prorsus</span> <span class='ocrx_word' id='word_1_354' title='bbox 394 2738 549 2778; x_wconf 81' lang='lat' dir='ltr'>faciunt</span> <span class='ocrx_word' id='word_1_355' title='bbox 579 2751 707 2790; x_wconf 87' lang='lat' dir='ltr'>neque</span> <span class='ocrx_word' id='word_1_356' title='bbox 739 2739 789 2778; x_wconf 87' lang='lat' dir='ltr'>ad</span> <span class='ocrx_word' id='word_1_357' title='bbox 819 2739 1102 2778; x_wconf 82' lang='lat' dir='ltr'>stabiliendam</span> <span class='ocrx_word' id='word_1_358' title='bbox 1131 2752 1260 2790; x_wconf 90' lang='lat' dir='ltr'>neque</span> <span class='ocrx_word' id='word_1_359' title='bbox 1286 2740 1336 2778; x_wconf 87' lang='lat' dir='ltr'>ad</span> <span class='ocrx_word' id='word_1_360' title='bbox 1368 2739 1648 2778; x_wconf 86' lang='lat' dir='ltr'>infirmandam</span> <span class='ocrx_word' id='word_1_361' title='bbox 1681 2740 1773 2779; x_wconf 90' lang='lat' dir='ltr'>scri-</span> 
     </span>
     <span class='ocr_line' id='line_1_43' title="bbox 197 2798 1774 2851; baseline 0.001 -13"><span class='ocrx_word' id='word_1_362' title='bbox 197 2801 371 2850; x_wconf 84' lang='lat' dir='ltr'>pturam.</span> <span class='ocrx_word' id='word_1_363' title='bbox 422 2811 471 2837; x_wconf 83' lang='lat' dir='ltr'>ex</span> <span class='ocrx_word' id='word_1_364' title='bbox 498 2798 670 2847; x_wconf 69' lang='lat' dir='ltr'>Odyssea</span> <span class='ocrx_word' id='word_1_365' title='bbox 699 2799 851 2838; x_wconf 85' lang='lat' dir='ltr'>conieci</span> <span class='ocrx_word' id='word_1_366' title='bbox 881 2799 1053 2838; x_wconf 84' lang='lat' dir='ltr'>fortasse</span> <span class='ocrx_word' id='word_1_367' title='bbox 1085 2799 1357 2848; x_wconf 87' lang='lat' dir='ltr'>recipiendum</span> <span class='ocrx_word' id='word_1_368' title='bbox 1389 2811 1474 2838; x_wconf 84' lang='lat' dir='ltr'>esse</span> <span class='ocrx_word' id='word_1_369' title='bbox 1506 2804 1636 2851; x_wconf 84' lang='grc' dir='ltr'><em>τυρῶν</em></span> <span class='ocrx_word' id='word_1_370' title='bbox 1662 2798 1774 2839; x_wconf 86' lang='grc' dir='ltr'><em>αἰνύ-</em></span> 
     </span>
     <span class='ocr_line' id='line_1_44' title="bbox 198 2857 1313 2910; baseline 0 -12"><span class='ocrx_word' id='word_1_371' title='bbox 198 2873 322 2910; x_wconf 84' lang='grc' dir='ltr'><em>μενοι.</em></span> <span class='ocrx_word' id='word_1_372' title='bbox 371 2858 473 2897; x_wconf 87' lang='lat' dir='ltr'>nihil</span> <span class='ocrx_word' id='word_1_373' title='bbox 504 2858 592 2910; x_wconf 78' lang='lat' dir='ltr'>agit</span> <span class='ocrx_word' id='word_1_374' title='bbox 621 2857 915 2898; x_wconf 78' lang='lat' dir='ltr'>Her-werdenus</span> <span class='ocrx_word' id='word_1_375' title='bbox 947 2858 1092 2898; x_wconf 87' lang='lat' dir='ltr'><strong>Mnem.</strong></span> <span class='ocrx_word' id='word_1_376' title='bbox 1118 2872 1156 2897; x_wconf 89' lang='lat' dir='ltr'>n.</span> <span class='ocrx_word' id='word_1_377' title='bbox 1182 2859 1217 2896; x_wconf 94' lang='lat' dir='ltr'>X</span> <span class='ocrx_word' id='word_1_378' title='bbox 1246 2860 1313 2898; x_wconf 90' lang='grc'>68.</span> 
     </span>
    </p>

    <p class='ocr_par' dir='ltr' id='par_1_22' title="bbox 323 2917 1367 2973">
     <span class='ocr_line' id='line_1_45' title="bbox 323 2917 1367 2973; baseline 0 -16"><span class='ocrx_word' id='word_1_379' title='bbox 323 2919 420 2970; x_wconf 89' lang='lat'><strong>144,</strong></span> <span class='ocrx_word' id='word_1_380' title='bbox 453 2919 479 2956; x_wconf 89' lang='lat'><strong>4</strong></span> <span class='ocrx_word' id='word_1_381' title='bbox 513 2917 596 2973; x_wconf 79' lang='grc' dir='ltr'>δίῳ</span> <span class='ocrx_word' id='word_1_382' title='bbox 628 2918 782 2958; x_wconf 84' lang='lat' dir='ltr'><strong>Nauck.</strong></span> <span class='ocrx_word' id='word_1_383' title='bbox 815 2919 964 2957; x_wconf 90' lang='lat' dir='ltr'>Bullet.</span> <span class='ocrx_word' id='word_1_384' title='bbox 997 2918 1177 2957; x_wconf 88' lang='lat' dir='ltr'>Petersb.</span> <span class='ocrx_word' id='word_1_385' title='bbox 1209 2918 1266 2956; x_wconf 89' lang='lat' dir='ltr'>VI</span> <span class='ocrx_word' id='word_1_386' title='bbox 1301 2921 1367 2957; x_wconf 94' lang='grc'>11.</span> 
     </span>
    </p>
   </div>
  </div>
 </body>
</html>
