2014 3334
274 221 326 264 16
642 214 644 217 ’
815 247 819 249 .
902 218 1198 254 MENANAPOT
1229 264 1232 267 ᾖ

271 338 393 375 ander
423 327 939 377 ΛοῩςΑτεΛΗτΗΝῨτιΒΛ.
1001 327 1140 368 αὐτίκα
1179 329 1330 378 Bentl„
1368 325 1421 375 ὡς
1457 327 1612 380 τάχιστα
1650 328 1835 378 Grauert,

271 394 327 433 ὅτι
358 409 387 433 τ.
419 395 535 433 Mein.

484 564 555 608 καὶ
586 565 804 619 τεττάρων
835 561 935 621 ᾠῶν
966 562 1072 617 μετὰ
1103 567 1249 614 τοῦτο,
1282 562 1484 616 φιλτάτη,

483 639 532 680 τὸ
564 639 773 679 νεοττίον.

391 725 557 762 Photius
589 726 629 761 et
661 722 803 760 Suidas
835 718 1001 766 νεοττός·
1033 715 1059 769 ἡ
1091 723 1160 757 τοῦ
1194 714 1276 774 ᾠοῦ
1307 716 1465 765 λέκιθος
1498 717 1564 757 καὶ
1594 717 1636 758 τὸ
1668 718 1834 771 πυρρόν.

272 781 514 834 Μένανδρος
541 779 701 836 Ἀνδρία
726 783 800 819 κτλ.
861 781 1122 830 praeceptum
1153 778 1381 817 obstetricis
1401 781 1472 817 est.
1506 779 1664 818 Terent.
1687 781 1725 828 3,
1746 781 1785 830 2,
1809 781 1833 817 3

264 847 375 892 poste
412 843 547 881 deinde
583 843 682 889 quod
719 842 815 879 iussi
852 841 886 877 ei
922 839 1016 876 dari
1050 835 1173 876 bibere
1213 841 1247 876 et
1277 841 1465 885 quantum
1494 839 1699 886 imperdvi,
1737 839 1836 877 date.

270 900 313 940 τὸ
344 901 515 940 νεοττίον
548 896 640 952 (vel
672 897 739 938 τὸν
770 892 927 951 νοττόν)
958 895 1096 946 Mein]
1139 894 1206 935 τὸν
1237 895 1395 936 νεοττόν
1425 896 1540 935 Phot.
1572 899 1613 935 et
1645 897 1752 937 Suid.
1786 898 1832 935 A.

271 966 348 1000 τῶν
391 965 556 999 νεοττῶν
600 959 707 998 Suid.
741 958 822 996 VC.
871 954 913 995 τὸ
957 955 1113 995 νεοττόν
1156 955 1276 1007 Med„
1319 956 1534 1006 probatum
1571 956 1754 995 Bentleio
1796 958 1837 994 et

271 1020 464 1058 Dobraeo.
540 1018 711 1069 Hesych.
755 1016 945 1055 νεοττίον
992 1011 1156 1054 Ἀττικοὶ
1197 1019 1267 1054 τοῦ
1312 1009 1395 1070 ᾠοῦ
1438 1013 1511 1065 τὴν
1554 1013 1726 1054 λέκιθον.
1787 1015 1835 1054 ef.

271 1079 422 1129 Diphil.
458 1080 553 1116 121.
590 1079 765 1116 ceterum
796 1088 935 1115 versus
968 1075 1090 1113 etiam
1121 1075 1178 1113 sie
1210 1075 1405 1125 distingui
1435 1077 1623 1124 possunt:
1660 1073 1727 1113 καὶ
1756 1088 1836 1113 τετ-

271 1137 399 1189 τάρων
426 1137 434 1186 ff
462 1133 551 1192 ᾠῶν
581 1139 658 1176 κτλ.

1019 1226 1078 1268 43

392 1315 600 1353 Terentius
622 1316 658 1364 3,
680 1315 718 1362 4,
742 1315 793 1351 13
827 1314 1011 1360 quidnam
1032 1313 1175 1351 audio?
1213 1312 1393 1350 Donatus
1414 1313 1550 1360 leyitur
1571 1314 1604 1349 et
1635 1312 1836 1350 audiam.

272 1376 490 1413 Menander
533 1375 632 1411 enim
674 1374 728 1411 sie
759 1374 815 1410 ait
849 1372 1196 1416 ΠΗΟΤΟΝΚΥΜΕ,
1240 1371 1346 1410 unde
1384 1371 1575 1409 Dziatzko
1607 1384 1645 1420 p.
1680 1372 1763 1409 238
1802 1369 1842 1408 τί

272 1430 358 1473 ποτ’
399 1431 637 1482 ἀκούσομαι;
676 1432 842 1470 antehae
880 1443 927 1468 ex
958 1430 1157 1480 scriptura
1196 1430 1417 1469 editionum
1448 1430 1589 1480 opinor
1626 1430 1839 1469 effecerant
1901 1446 1909 1450 ·

273 1493 311 1531 τί
340 1492 388 1543 δή
420 1488 506 1531 ποτ’
542 1490 718 1537 ἀκούσω;
752 1486 870 1544 (coni.
904 1485 1016 1542 aor..)

1024 1605 1083 1646 44

392 1692 600 1731 Terentius
627 1693 664 1741 3,
692 1693 729 1741 5,
757 1693 780 1730 5
807 1685 968 1739 posthae
998 1692 1226 1729 ineolumem
1256 1692 1319 1730 sa't
1341 1693 1419 1730 seio
1445 1692 1530 1739 fore
1552 1691 1624 1734 me',
1656 1692 1691 1729 si
1715 1691 1837 1728 devito

274 1753 341 1790 7260
382 1753 539 1791 malum.
601 1751 780 1790 Donatus
824 1751 1043 1789 Menander
1085 1752 1160 1789 sie:
1219 1750 1539 1786 λΝΘΕΟΕΘΕΤὶιΟ
1576 1778 1583 1786 .
1622 1750 1838 1786 ΚλΝλΠΟΛ-

276 1812 455 1847 ΟΙΜΠΠΕ
495 1814 528 1849 et
565 1814 616 1849 est
652 1822 805 1848 sensus:
842 1813 921 1848 tarn
957 1810 1117 1858 difficile
1154 1812 1208 1848 est
1243 1810 1331 1847 hine
1368 1810 1543 1857 evadere,
1583 1812 1626 1847 ut
1656 1810 1724 1857 qui
1751 1809 1839 1846 hine

275 1872 437 1908 evaserit
466 1871 642 1908 videatur
671 1870 888 1908 inmortalis
918 1870 1086 1917 futurus.
1147 1868 1253 1907 unde
1279 1869 1470 1907 Dziatzko
1502 1865 1667 1907 ἐνθένδε
1692 1865 1836 1913 σωθεὶς

275 1927 348 1968 οὐκ
385 1926 434 1967 ἂν
466 1926 685 1979 ἀπολοίμην
722 1925 814 1967 ποτέ
852 1924 962 1980 (fort.
994 1926 1216 1978 ἀπολοίμην
1247 1925 1302 1966 ἔτι
1331 1929 1396 1967 vel
1428 1923 1533 1980 ἐγώ).
1596 1930 1689 1966 ante
1720 1927 1838 1965 illum

278 1988 535 2026 Oasaubonus
573 1987 691 2026 ἔνθεν
727 1986 969 2039 ἀποφεύγων
1007 1982 1183 2040 (ἐνθένδ’
1224 1985 1448 2040 ἀποφυγὼν
1485 1983 1623 2038 Mein.)
1672 1984 1747 2025 οὐκ
1788 1983 1839 2024 ἀν

275 2045 494 2098 ἀπολοίμην
525 2045 628 2086 ποτέ.

1026 2139 1085 2180 45

394 2224 602 2263 Terentius
635 2226 674 2274 4,
707 2226 730 2263 3
768 2226 818 2262 11
854 2236 898 2263 ex
928 2237 1003 2263 ara
1033 2225 1120 2263 hine
1156 2225 1263 2263 sume
1293 2225 1479 2264 verbends
1515 2226 1592 2263 tibi.
1655 2223 1838 2262 Donatus

278 2278 420 2336 (schol.
456 2278 497 2336 1)
543 2296 586 2322 ex
617 2297 708 2328 ara,
752 2296 800 2323 se.
836 2283 1049 2332 Apollinis,
1093 2295 1201 2332 quem
1240 2283 1420 2334 Δήλιον
1458 2285 1680 2322 Menander
1720 2284 1840 2321 vocat.

276 2347 459 2384 λΙἿΛΙΟῐι
506 2349 599 2386 Par.
639 2351 788 2387 cassion
832 2349 881 2387 al.
926 2343 1069 2402 (schol.
1108 2345 1152 2401 2)
1198 2349 1417 2389 Menander
1458 2351 1514 2388 sie
1552 2336 1841 2385 ΚΟλΕξΙλΕΟῨ-

277 2402 518 2449 ΜῨΡΡῩΝλς
550 2415 695 2450 ΧχΗοΛ
716 2443 722 2449 .
745 2415 780 2450 ιε
805 2415 959 2450 τειΝε.
1025 2413 1188 2452 Servius
1207 2413 1326 2464 Verg.
1348 2415 1446 2453 Aen.
1470 2416 1536 2464 12,
1565 2416 1650 2454 120
1683 2416 1840 2454 abusive

275 2473 459 2510 verbenas
489 2474 570 2511 iam
605 2485 785 2512 vocamus
820 2485 949 2512 omnes
985 2474 1144 2521 frondes
1173 2477 1368 2523 sacratas,
1398 2477 1443 2512 ut
1473 2477 1526 2512 est-
1556 2475 1705 2518 laurus,
1737 2475 1840 2512 oliva

275 2531 334 2568 vel
363 2534 521 2579 myrtus.
584 2533 783 2571 Terentius
819 2528 880 2571 ‘ex
911 2545 986 2571 ara
1021 2544 1128 2570 sume
1158 2533 1246 2571 hine
1275 2528 1488 2571 verbenas?
1548 2546 1642 2572 nam
1671 2537 1840 2582 myrmm

278 2591 398 2637 fuisse
428 2591 644 2629 Menander
680 2595 854 2641 testatur,
893 2593 938 2630 de
975 2603 1047 2639 quo
1086 2592 1289 2630 Terentius
1327 2593 1533 2631 transtulit.
1596 2590 1674 2631 ἀπὸ
1710 2591 1839 2639 δεξιᾶς

278 2647 326 2686 σὺ
358 2649 548 2699 μυρρίνης
584 2649 754 2697 κλάδους
791 2648 885 2702 λαβέ
921 2651 1052 2689 Bentl.
1109 2646 1181 2699 ἀφ’
1222 2649 1348 2697 ἑστίας
1385 2649 1434 2689 σὺ
1475 2651 1665 2702 μυρρίνας
1697 2646 1835 2704 δέχου,1

279 2706 443 2757 δύστηνε
470 2709 619 2747 Iaeobs.
656 2707 733 2748 ἀπὸ
759 2710 888 2757 Λοξία
914 2709 962 2748 σὺ
994 2709 1185 2760 μυρρίνας
1209 2708 1322 2748 τασδὶ
1352 2708 1485 2761 λαβὼν
1516 2708 1695 2749 ’ὑπότεινε
1719 2711 1838 2749 Mein.

278 2763 355 2804 ἀπὸ
394 2763 430 2804 δ’
470 2765 594 2814 ἑστίας
630 2767 678 2806 σὺ
716 2769 906 2821 μυρρίνας
939 2768 944 2815 Ι
979 2767 1042 2807 ἐπὶ
1072 2772 1146 2820 γῆς
1187 2768 1350 2808 διάτεινε
1391 2770 1590 2808 Duebner.
1652 2767 1730 2808 ἀπὸ
1770 2774 1839 2820 τῆς

278 2823 403 2871 ἑστίας
429 2822 435 2878 1
464 2825 512 2864 σὺ
544 2827 732 2878 μυρρίνας
763 2826 873 2867 τασδὶ
905 2829 947 2866 L.
973 2827 1152 2866 Dindorf.
1186 2828 1287 2866 Ann.
1318 2829 1511 2868 Fleckeis.
1535 2830 1646 2868 1869
1679 2843 1717 2879 p.
1741 2830 1838 2879 523,

279 2886 429 2923 cassion
471 2888 511 2923 et
554 2899 669 2925 ετεινε
710 2900 789 2926 non
833 2890 973 2926 sanata
1015 2899 1193 2926 censens.
1253 2885 1332 2926 ἀπὸ
1371 2887 1499 2934 Λοξία
1543 2887 1592 2926 σὺ
1633 2877 1840 2939 μυρρίναις
