2014 3334
498 239 694 286 KA'IJAAO
699 238 863 274 PAAHN
887 239 1409 274 ΜΕΤΕΣΧΠΜΑΤΙΣΜΕΝΑ
1652 235 1738 279 659

167 347 292 408 (οἶος)
323 352 546 404 φαίνεται
573 353 580 402 Ι
607 382 617 392 .
650 383 658 392 .
692 385 699 392 .
734 350 896 392 δεινὸν
928 349 1114 405 βλέπων
1146 350 1317 392 ὁποῖον
1348 349 1484 403 ἡμεῖς
1517 345 1626 406 (add.
1652 346 1739 401 καὶ)

163 411 220 466 μέ
256 429 293 454 α.
321 413 327 463 Ι
1011 427 1014 430 ·

224 429 248 468 γ
285 474 340 513 42
368 470 523 521 ἁπλῶς
553 471 641 526 γὰρ
673 471 845 524 εἰπεῖν,
877 470 927 512 έν
957 469 1144 528 πολέμῳ
1178 477 1269 511 τῶν
1305 471 1494 512 πώποτε
1528 470 1534 521 Ι
1563 469 1740 524 ῥητόρων

164 530 192 586 ἦ
211 531 447 584 φιλοσόφων
467 532 510 573 οἷ
529 530 602 585 μὲν
621 530 716 573 οὐδὲ
736 532 835 580 ὅλως
854 530 1071 584 ὑπέμειναν
1091 530 1163 580 ἔξω
1184 537 1254 571 τοῦ
1274 532 1424 584 τείχους
1444 534 1711 631 προελθεῖν.ἐ.

165 591 187 633 ὁ
211 589 471 654 Ὑπερείδης
501 590 544 632 δὲ
569 589 610 646 (ὁ
635 591 710 647 γὰρ
735 589 836 643 (.,Τπ
868 593 958 632 add.
983 587 1085 646 εἰπέ)
1110 590 1189 630 καὶ
1220 589 1541 643 Δημοσθένης
1568 588 1619 645 Ι.

164 656 256 701 ταῖς
287 636 554 704 ἐκκλησίαις
585 651 658 692 ἀεὶ
688 653 1022 705 θορυβοῦντες
1060 649 1138 691 καὶ
1176 651 1550 704 λοιδορούμενοι
1580 654 1634 707 τῷ
1669 652 1742 690 Φι-

165 713 316 769 λίππῳ,
353 713 398 752 τί
430 727 541 753 ποτε
578 711 921 767 ἀπειργάσαντο
956 714 1161 765 γενναῖον;
1201 707 1394 765 (fortasse
1426 712 1465 751 τί
1491 708 1578 751 ποτ’
1614 711 1741 765 εἰργά-

165 770 274 813 σαντ’
303 771 502 826 ἀνδρεῖον,
534 771 577 812 ἐν
607 771 822 828 τήκκλησία
849 771 855 822 Ι
883 770 944 812 ἀεὶ
974 775 1018 811 θ.
1049 770 1259 811 κάντιλοιδ.
1271 767 1352 825 ;..)
1375 769 1490 812 ,οὐδὲ
1517 771 1616 819 ὅλως
1642 771 1743 811 ἐτόλ-

165 843 297 886 μησαν
328 831 469 885 μικρὸν
496 833 502 882 Ι
531 831 615 881 ἔξω
647 837 934 888 παρακῦψαι
963 837 1054 871 τῶν
1085 835 1267 883 πυλῶν,
1299 828 1383 871 ἀλλ’
1420 828 1530 886 (add.
1557 830 1676 871 ἔνδον
1702 827 1739 870 δ’

165 889 247 947 ἀεὶ)
275 890 283 944 Ι
309 891 587 945 ἐντειχίδιοι
614 889 847 944 ’κάθηντο
878 888 973 944 παρ’
1002 890 1138 939 αυτοῖς
1168 889 1247 943 ’ἤδη
1279 891 1708 944 πολιορκούμενοι,
1737 888 1740 945 Ι

165 953 403 1007 γνωμίδια
439 951 523 993 καὶ
527 951 887 1027 προβουλευμάτια
925 950 1235 999 συντιθέντες
1272 948 1381 1004 (add.
1413 949 1439 1004 ἢ
1470 946 1743 1005 ψηφίσματα).

167 1015 223 1053 43
257 1010 278 1053 ὅ
310 1011 460 1064 σοφὸς
497 1011 629 1052 αὐτῶν
664 1012 925 1066 Σωκράτης
958 1013 965 1064 Ι
999 1011 1192 1065 φεύγων
1229 1010 1318 1051 ἀπὸ
1360 1017 1440 1064 τῆς
1478 1011 1744 1065 Πάρνηθος

168 1072 213 1122 ἐς
248 1088 334 1125 την
375 1070 589 1125 Ταυρέου
624 1072 630 1123 Ι
663 1073 907 1125 παλαίστραν
946 1069 1167 1125 κατέφυγεν
1204 1069 1394 1124 (fortasse
1431 1069 1584 1124 ἀπέδρα
1620 1068 1744 1125 παλ.).

287 1135 344 1173 50
369 1132 406 1173 εἰ
429 1130 472 1172 δὲ
501 1131 615 1173 πέσοι
645 1132 879 1185 παράσιτος.
901 1130 997 1172 ,οὐκ
1027 1130 1078 1171 ἂν
1111 1128 1171 1171 ἐπ’
1202 1130 1309 1188 αὐτῷ
1340 1129 1430 1171 οὔτε
1461 1131 1626 1185 λοχαγὸς
1655 1129 1745 1171 οὔτε

168 1192 403 1248 στρατιώτης
441 1192 676 1245 αἰσχυνθείη
714 1192 868 1249 μεγάλω
906 1207 945 1232 τε
982 1189 1066 1232 όντι
1105 1194 1231 1247 νεκρῷ
1267 1190 1334 1231 καὶ
1371 1190 1502 1244 ώσπερ
1539 1190 1589 1231 έν
1627 1203 1744 1243 συμ-

166 1253 317 1308 ποσίῳ
348 1255 472 1309 καλῷ
504 1250 615 1307 (add.
649 1247 809 1306 Cobet.)
848 1255 1001 1299 καλῶς
1037 1249 1375 1309 κατακειμένῳ.
1404 1252 1410 1302 Ι
1438 1249 1497 1299 ὥς
1528 1249 1665 1300 αξιόν
1696 1266 1745 1305 γε

168 1312 442 1364 φιλοσόφου
474 1312 646 1365 νεκρὸν
672 1312 771 1352 ἰδεῖν
797 1308 994 1366 (βλέπειν)
1023 1312 1029 1360 Ι
1056 1310 1181 1352 τούτω
1212 1312 1518 1365 παρακείμενον,
1546 1311 1552 1361 Ι
1580 1311 1746 1364 ξηρόν,

169 1372 413 1427 ῥυπῶντα,
471 1371 653 1446 μακρΙὸν
708 1371 946 1426 πωγώνιον
1003 1370 1191 1424 ε’χοντα,
1245 1370 1610 1424 προτεθνηκότα
1664 1377 1746 1423 τῆς

169 1433 338 1486 μάχης,
369 1431 555 1485 ἀσθενῆ
582 1430 804 1486 ἄνθρωπον
831 1428 882 1486 (ξ.
908 1447 956 1486 ρ.,
981 1447 1051 1484 της
1075 1448 1114 1484 μ.
1142 1446 1267 1485 προτ.,
1296 1432 1301 1482 Ι
1328 1431 1504 1486 πώγωνα
1528 1448 1568 1484 μ.
1594 1430 1747 1485 ε’χοντα,

167 1491 286 1533 τάλλα
317 1489 354 1533 δ’
389 1489 516 1547 ἀσθ..)

811 1573 1104 1617 1466-1469

287 1661 490 1701 Lucianus
515 1661 680 1701 Rhetor.
711 1673 840 1712 praec.
869 1663 893 1700 2
922 1659 1058 1700 σκόπει
1083 1658 1243 1700 ὁπόσοι.
1265 1692 1273 1700 .
1295 1659 1394 1700 ,καὶ
1418 1661 1643 1702 πλούσιοι
1668 1659 1746 1701 καὶ

168 1720 225 1773 νὴ
259 1717 334 1760 Δί’
369 1718 702 1774 εὐγενέστατοι
734 1720 740 1770 Ι
778 1719 950 1769 ε’δοξαν
987 1719 1078 1760 ἀπὸ
1115 1726 1206 1760 τῶν
1243 1720 1396 1774 λόγων
1429 1716 1516 1776 (ἀπ.
1542 1736 1573 1760 τ.
1598 1725 1630 1761 λ.
1658 1718 1745 1776 ε’.δ).

171 1785 195 1822 3
223 1781 329 1834 ὅμως
361 1778 404 1820 δὲ
436 1779 550 1833 μὴ..
572 1779 1002 1837 λιποδυσπετήσης
1027 1780 1234 1834 μυρίους
1258 1780 1392 1829 τινὰς
1414 1780 1510 1830 ,τοὺς
1534 1796 1716 1830 πονους
1739 1778 1743 1836 Ι

167 1846 422 1895 προπονῆσαι
453 1813 619 1892 οἰηθείς.

291 1904 342 1941 11
372 1899 579 1954 εὑρήσεις.
648 1901 881 1955 ,πάγκαλον
911 1898 1054 1954 άνδρα,
1087 1899 1526 1954 διασεσαλευμένον
1553 1899 1560 1955 Ι
1588 1901 1635 1942 τὸ
1666 1902 1746 1955 βά-

170 1962 332 2013 δισμα,
362 1931 780 2013 ’ἐπικεκλασμένον
822 1957 994 2016 (κάπικ.)
1033 1959 1114 2001 τὸν
1155 1959 1351 2014 αὐχένα,
1392 1959 1399 2013 Ι
1436 1966 1667 2015 γυναικεῖον
1704 1962 1746 2002 τὸ

169 2020 340 2075 βλέμμα,
377 2020 603 2096 μελιχρὸν
640 2020 688 2061 τὸ
727 2020 952 2073 φώνημα,
992 2021 1153 2074 μύρων
1190 2019 1497 2062 ἀποπνέοντα
1541 2018 1747 2077 (φώνημ’,

169 2077 408 2122 ἀποπνέοντ’
437 2079 500 2121 ἀεὶ
524 2077 583 2136 μ)
607 2076 643 2136 Ι
670 2111 680 2121 .
706 2111 716 2121 .
747 2082 897 2138 τούτῳ
923 2081 1061 2122 τοίνυν
1086 2080 1371 2134 προσελθὼν
1396 2081 1475 2122 καὶ
1499 2082 1748 2135 παραδοὺς

170 2140 347 2181 σαυτὸν
389 2139 530 2180 αὐτίκα
573 2141 677 2193 μάλα
721 2124 912 2196 (fortas‘se
957 2137 1074 2196 ταχὺ)
1103 2138 1109 2193 Ι
1137 2141 1289 2195 ῥητωρ
1332 2141 1398 2181 καὶ
1435 2143 1748 2195 περίβλεπτος

171 2199 442 2254 (περίβλεπτός
467 2195 526 2255 τε)
557 2199 636 2240 καὶ
666 2199 720 2249 ὡς
751 2198 935 2253 ὀνομάζει
966 2200 1084 2249 αὐτὸς
1115 2201 1340 2254 βασιλευς
1371 2201 1414 2242 ἐν
1445 2206 1526 2251 τοῖς
1551 2202 1715 2256 λόγοις.

169 2260 390 2317 καταστήσῃ
432 2256 548 2315 (ἔσει)
578 2261 624 2314 Ι,
665 2260 718 2301 τὰ
757 2258 976 2315 τέθριππ’
1021 2260 1236 2301 ἐλαύνων
1275 2277 1358 2302 του
1396 2261 1548 2316 λόγου.
1579 2258 1747 2318 Ιδιδά-

171 2322 300 2370 ξεται
329 2321 416 2375 γάρ
449 2331 491 2361 σε
521 2319 813 2374 παραλαβὼν
844 2321 897 2361 τὰ
927 2327 1087 2396 πρῶτα
1118 2319 1202 2374 μὲν
1230 2317 1236 2375 Ι
1264 2321 1435 2362 ε’κεῖνα.

295 2385 347 2421 18
374 2380 532 2434 ε’πειγε
563 2380 642 2421 καὶ
673 2381 883 2435 σύνειρε,
915 2381 981 2421 καὶ
1012 2380 1071 2434 μὴ
1105 2381 1236 2421 σιώπα
1269 2378 1398 2438 (σίγα)
1431 2382 1594 2435 μόνον.

295 2443 348 2481 22
377 2440 663 2493 σιωπησάντων
688 2439 876 2482 ἁπάντων
901 2440 1016 2490 ξένον
1041 2441 1129 2481 τινὰ
1155 2440 1322 2482 ε’παινον
1345 2441 1519 2482 ἐπειπεῖν
1538 2442 1606 2490 τὰς
1625 2441 1748 2490 ἀκοὰς

170 2508 248 2542 τῶν
285 2500 493 2553 παρόντων
531 2499 813 2555 ἐπιστρέφοντα
850 2501 917 2542 καὶ
954 2500 1236 2554 ἐνοχλήσοντα,
1273 2500 1332 2550 ὡς
1363 2509 1565 2542 ναυτιᾶν
1597 2502 1748 2542 ἅπαν-

170 2577 250 2609 τας
282 2560 357 2601 ἐπὶ
387 2563 445 2618 τῷ
476 2564 686 2619 φορτικῷ
714 2557 721 2617 Ι
747 2568 839 2602 τῶν
871 2559 1131 2614 ὀνομάτων.

740 2680 867 2723 1470.
902 2680 1028 2723 1471.
1064 2680 1177 2723 1472

289 2765 490 2806 Lucianus
510 2766 612 2807 Adv.
632 2766 779 2806 indoct.
801 2769 825 2806 3
846 2763 1078 2806 Ἑλικῶνα
1103 2764 1187 2818 μὲν
1211 2766 1297 2820 γὰρ
1318 2796 1327 2806 .
1349 2798 1356 2806 .
1378 2797 1387 2807 .
1408 2764 1508 2807 οὐδ’
1536 2766 1747 2820 ἀκήκοας

172 2822 284 2879 οἶμαί
305 2840 428 2866 ποτε.
487 2828 514 2865 4
533 2826 744 2878 πίθηκος
768 2825 842 2880 γὰρ
869 2822 981 2882 (fort.
1011 2821 1116 2880 ἐσθ’)
1144 2824 1414 2879 ὅπίθηκος,
1439 2825 1466 2879 ἡ
1485 2828 1718 2881 παροιμία
1739 2824 1744 2883 Ι

171 2887 330 2939 φησίν.
381 2888 406 2925 8
427 2883 500 2936 τὴν
518 2885 694 2940 κιθάραν
714 2917 723 2926 .
745 2918 753 2927 .
774 2915 784 2926 .
803 2892 951 2939 χρυσοῦ
970 2891 1118 2937 πᾶσαν,
1144 2890 1372 2941 σφραγῖσι
1393 2885 1442 2927 δὲ
1469 2887 1475 2938 Ι
1502 2886 1568 2928 καὶ
1587 2888 1748 2936 λίθοις

171 2943 224 3002 (λ.
237 2943 296 3002 τε)
310 2945 549 2993 ποικίλοις
564 2945 1069 2999 κατακεκοσμημένην,
1086 2942 1090 3001 Ι
1105 2949 1319 2987 Μουσῶν
1339 2946 1512 3000 μεταξὺ
1527 2946 1592 2988 καὶ
1608 2945 1747 2988 Ἀπόλ-

1386 3013 1461 3049 42*
