2014 3334
274 265 331 308 52
618 306 621 309 Γ
905 261 1205 298 MENANAPOT

1019 371 1100 413 177

1057 453 1139 495 οὐκ
1171 451 1400 507 οἰμώξεται

557 523 861 582 καταφθαρεὶς
892 524 941 567 ἐν
972 526 1219 581 ματρυλείςο
1251 524 1330 565 τὸν
1362 524 1483 577 βιόν;

393 614 687 664 Harpocration
712 615 752 650 et
779 611 922 669 Suidaff
953 613 1185 662 ματρυλεῖον
1218 639 1227 648 .
1253 639 1262 648 .
1289 639 1298 647 .
1323 605 1549 660 Ἡρακλέων
1579 606 1646 647 καὶ
1664 607 1844 659 Δίδυμος

276 674 399 714 τόπον
424 673 510 712 τινά
543 683 664 723 φασιν
691 667 791 710 εἶναι
817 669 859 709 ἐν
886 669 916 725 ᾧ
941 676 1057 722 γρᾶες
1083 669 1353 721 διατρίβουσαι
1379 666 1558 720 δέχονται
1581 667 1674 715 τοὺς
1698 668 1842 724 βουλο-

280 732 425 784 μένους
456 734 823 783 καταμεθυσθῆναι.
873 728 1115 781 Μένανδρος
1135 725 1435 780 Ἐπιτρέπουσιν
1460 730 1537 766 κτλ.
1573 725 1845 780 καταφθαρεὶς

275 792 330 843 N]
363 794 687 843 καταφθαρεῖσθε
713 789 835 841 ABG,
867 791 1208 841 καταφθερεῖσθαι
1232 788 1280 826 D.
1317 790 1637 839 καταφθαρῆσθε
1662 786 1708 826 Gr.
1745 785 1844 825 κατὰ

276 855 376 903 τρεῖς
415 851 523 890 Suid.
555 864 606 889 an
643 847 663 888 ὁ
703 847 1016 899 καταπροεὶςῖ
1052 861 1145 887 nam
1182 860 1273 886 eum
1310 845 1378 886 τὸν
1416 847 1506 899 βίον
1538 847 1736 898 significet
1771 843 1844 897 τὴν

278 910 439 961 οὐσίαν,
482 909 695 960 participio
740 909 869 948 activo
914 909 1073 947 videssur
1117 920 1217 957 opus
1255 920 1352 946 esse.
1414 908 1647 958 ματρυλεῖον
1686 908 1846 956 praef-er

278 972 384 1009 hunc
410 983 569 1009 versum
595 969 701 1019 quod
725 968 846 1007 sciam
873 968 979 1018 apud
1004 968 1175 1006 comicos
1201 979 1283 1005 non
1308 968 1456 1005 exstat:
1482 979 1575 1005 cum
1597 978 1692 1005 vero
1724 965 1846 1004 etiam

278 1031 534 1081 μαστρυλεῑον
568 1024 652 1081 (vel
683 1052 700 1056 —
732 1030 775 1066 λλ
800 1022 836 1080 -)
882 1027 1096 1075 scribatur,
1145 1026 1275 1076 prima
1325 1026 1499 1077 syllaba,
1549 1025 1655 1076 quod
1703 1037 1844 1064 moneo

279 1091 417 1128 eontra
440 1087 756 1138 Bernhardyum,
789 1087 957 1137 produci
987 1087 1159 1135 videtur,
1191 1086 1429 1135 praesertim
1461 1086 1495 1124 si
1526 1085 1754 1124 derivatum
1784 1085 1847 1123 est

276 1162 300 1187 a
325 1147 461 1199 μήτηρ.
506 1147 621 1185 Phot.
648 1148 896 1197 ματρυλεῖον·
922 1144 1040 1192 τόπος
1065 1144 1107 1184 ἐν
1136 1137 1166 1200 ᾧ
1190 1150 1306 1197 γρᾶες
1331 1142 1548 1196 μαστροποὶ
1574 1143 1845 1195 διατρίβουσιν

276 1206 428 1259 ἑταίρας
466 1205 624 1258 ἔχουσαι
660 1203 726 1244 καὶ
764 1203 942 1256 δέχονται
977 1204 1069 1252 τοὺς
1108 1202 1393 1256 βουλομένους·
1437 1203 1605 1244 ἐκάλουν
1643 1201 1685 1242 δὲ
1723 1201 1845 1250 αὐτὰς

275 1265 341 1305 καὶ
373 1264 537 1317 μητέρας
570 1260 645 1319 (sic
676 1265 823 1304 Naber.
854 1278 926 1315 pro
958 1259 1157 1317 μαςρυας)
1191 1263 1392 1315 εὐφήμως.

1021 1381 1103 1422 178

1088 1461 1281 1505 ἐπέπασα

561 1531 631 1576 ἐπὶ
660 1534 710 1575 τὸ
741 1533 918 1590 τάριχος
949 1534 1070 1588 ἅλας,
1103 1532 1182 1575 ἐὰν
1214 1533 1329 1575 οὕτω
1361 1534 1482 1589 τύχῃ.

391 1621 623 1659 Athenaeus
644 1621 786 1670 3,119
803 1633 823 1658 e
861 1618 928 1658 καὶ
959 1617 1022 1658 ἐπὶ
1053 1619 1264 1671 αἰτιατικῆς
1298 1615 1358 1672 (τὸ
1389 1614 1564 1673 τάριχος)
1600 1617 1844 1672 Μένανδρος

273 1676 573 1732 Ἐπιτρέπουσιν
603 1682 681 1718 κτλ.
741 1679 873 1718 Lexic.
893 1679 1028 1718 Herm.
1057 1681 1139 1719 325
1173 1678 1239 1717 καὶ
1270 1677 1512 1731 Μένανδρος
1544 1677 1688 1730 ὁμοίως
1719 1679 1844 1730 φησίν

275 1742 354 1778 κτλ.
404 1739 578 1778 Cramer.
599 1739 745 1778 Anecd.
766 1738 855 1777 Par.
874 1738 958 1777 IIII
980 1740 1062 1778 248
1096 1737 1162 1777 καὶ
1194 1737 1436 1790 Μένανδρος
1468 1736 1613 1789 ὁμοίως
1644 1739 1747 1789 φησί
1765 1741 1843 1778 κτλ.

273 1803 430 1849 partem
466 1799 626 1849 eclogae
665 1792 708 1852 (-
738 1792 852 1850 ἅλας)
886 1798 1018 1836 adfert
1055 1798 1242 1838 Eustath.
1277 1800 1329 1837 73
1369 1802 1468 1837 extr.
1506 1797 1604 1837 κατὰ
1643 1795 1685 1836 δὲ
1717 1794 1844 1850 Ἡρω-

276 1856 417 1896 διανὸν
449 1855 515 1896 καὶ
544 1857 698 1909 τάριχος
729 1855 916 1909 ἑκατέρως
942 1855 1103 1909 λέγεται,
1128 1855 1170 1896 τὸ
1201 1857 1355 1910 τάριχος
1380 1856 1447 1896 καὶ
1478 1854 1498 1896 ὅ
1528 1857 1702 1909 τάριχος·
1734 1855 1845 1910 φέρει

275 1914 310 1955 δ’
346 1915 493 1964 ἐκεῖνος
529 1914 596 1955 καὶ
632 1916 785 1969 χρήσεις
823 1915 986 1967 ἀμφοῖν.
1042 1915 1284 1969 Μένανδρος
1322 1919 1399 1956 κτλ.
1464 1920 1500 1956 1.
1539 1915 1720 1956 έπείτασα
1758 1918 1844 1956 cod.

275 1976 404 2015 Oram.
436 1975 613 2015 ἐπιπάσω
645 1976 779 2015 Herm.
843 1978 880 2015 2.
913 1974 982 2015 ἐὰν
1014 1977 1154 2015 Elmsl.
1179 1977 1322 2016 Edinb.
1354 1977 1451 2016 Rev.
1481 1976 1544 2015 III
1579 1975 1681 2027 191]
1715 1974 1777 2015 ἂν.

1023 2092 1105 2134 179

492 2171 626 2216 οὐδὲν
657 2172 887 2223 πέπονθας
918 2173 1091 2228 δεινόν,
1122 2172 1178 2216 ἂν
1210 2174 1267 2229 μὴ
1300 2180 1533 2231 προσποιῇ.

392 2258 514 2298 Orion
534 2260 841 2310 Antholognom.
865 2261 902 2309 7,
936 2261 960 2298 8
994 2257 1036 2297 ἐκ
1066 2264 1135 2298 τοῦ
1167 2261 1368 2312 Γεωργοῦ,
1400 2258 1470 2299 sed
1496 2261 1671 2312 margini
1703 2262 1842 2300 eadem

273 2332 396 2357 manu
422 2319 664 2368 adscriptum
693 2317 734 2357 ἐκ
752 2323 829 2357 τῶν
861 2316 1173 2369 ἀποτρεπόντων.
1223 2319 1330 2359 Plut.
1349 2320 1448 2359 Mor.
1469 2322 1553 2360 475
1570 2334 1590 2359 ο
1623 2320 1697 2360 οὐκ
1721 2318 1840 2372 ἄχρη-

273 2388 364 2416 στον
401 2407 410 2416 .
436 2407 445 2416 .
472 2407 481 2416 .
519 2376 619 2429 ἔχειν
661 2375 721 2416 ἀεὶ
764 2376 805 2416 τὸ
849 2382 919 2416 τοῦ
963 2377 1210 2430 Μενάνδρου
1254 2378 1462 2431 πρόχειρον
1499 2383 1575 2419 κτλ.
1646 2380 1842 2419 stobaeus

271 2437 408 2476 Floril.
443 2439 537 2488 108,
570 2439 624 2476 57
659 2436 905 2489 Μενάνδρου
938 2437 986 2476 Α.
1022 2437 1186 2476 Lucian.
1212 2437 1295 2478 Iov.
1320 2441 1424 2490 trag.
1453 2441 1505 2479 53
1539 2437 1672 2492 ὀρθῶς
1715 2438 1841 2479 έκεῖνό

273 2510 340 2546 μοι
365 2494 385 2535 ὅ
411 2494 617 2547 κωμικὸς
643 2494 839 2548 εἰρηκέναι
865 2496 979 2535 δοκεῖ
996 2499 1073 2536 κτλ.
1136 2510 1212 2536 om.
1238 2500 1379 2548 poetae
1405 2499 1645 2550 fabulaeque
1679 2500 1840 2539 nomine

272 2555 377 2594 Plut.
408 2556 507 2595 Mor.
539 2557 623 2595 599
640 2555 677 2595 d.
737 2556 970 2607 Diogenian.
1005 2559 1041 2607 7,
1074 2558 1141 2595 38.
1173 2560 1341 2596 monost.
1378 2559 1476 2597 689.
1526 2558 1664 2598 Ioann.
1700 2559 1840 2610 Chrys.

270 2614 386 2653 Hom.
419 2617 474 2654 80
511 2629 549 2665 p.
583 2617 665 2654 771
707 2610 777 2668 (M.
814 2615 964 2665 Haupt.
1006 2614 1150 2666 Opuse.
1181 2616 1244 2654 III
1284 2611 1389 2670 380)
1433 2614 1609 2657 ἄκουσον
1653 2616 1721 2657 καὶ
1763 2623 1842 2657 τῶν

271 2672 419 2720 ἔξωθεν
449 2679 570 2712 ταῦτα
601 2674 932 2724 φιλοσοφούντων
963 2673 1030 2713 καὶ
1060 2674 1254 2727 λεγόντων
1285 2672 1429 2716 εοὐδὲν
1466 2676 1590 2716 κακὸν
1631 2675 1843 2724 πέπονθας

271 2731 340 2770 ἐὰν
371 2731 423 2783 μὴ
456 2730 537 2785 πρ’.
599 2731 719 2772 οὐδὲν
751 2731 793 2772 δὲ
824 2734 909 2773 cod.
942 2734 1060 2773 Vind.
1092 2731 1219 2773 οὐθὲν
1249 2736 1286 2774 Α
1318 2735 1427 2775 Stob.

1022 2850 1104 2892 180

489 2931 569 2986 οὐχ
601 2930 773 2987 εὕρεσις
804 2928 922 2974 τοῦτ’
959 2932 1092 2986 ἐστίν,
1125 2930 1220 2974 ἀλλ’
1257 2932 1501 2990 ἀφαίρεσις.
