2014 3334
274 238 331 279 50
826 237 830 239 ’
908 233 1202 266 ΜΕΝΑΝΔΡΟΤ

1017 341 1101 383 208

556 403 773 457 χειμάζειν

392 489 433 528 τὸ
472 488 663 540 ἐνοχλεῖν,
702 485 754 534 ὡς
786 485 1027 538 Μένανδρος
1065 485 1107 525 ἐν
1137 483 1317 542 (Ηνιόχῳ.
1378 485 1614 524 Ammonius
1655 486 1751 524 146.
1783 504 1841 510 —-

275 552 322 589 cf.
354 551 402 588 fr.
435 550 533 599 404,
568 550 604 586 7.
638 549 736 586 970.
798 547 964 585 Philam.
1000 548 1067 596 28,
1102 548 1168 586 10.

391 609 606 647 Praeterea
637 607 685 645 cf.
720 608 817 645 880.

990 684 1122 717 ΗΡΩΣ

381 760 515 814 ”Ἠρως
547 762 626 800 fuit
657 761 779 799 etiam
811 760 978 810 Diphili,
997 756 1151 811 ‘'Hpcosg
1182 759 1413 798 multorum.

1017 875 1103 916 209

488 958 701 1011 δέσποιν’,
723 958 916 1014 ’Ἑρωτος
948 954 1082 1000 οὐδὲν
1115 957 1255 1012 ἰσχύει
1285 956 1435 1010 πλέον,

490 1030 586 1073 οὐδ’
625 1031 756 1080 αὐτὸς
788 1030 811 1073 ὁ
843 1036 1017 1085 κρατῶν
1048 1036 1138 1071 τῶν
1169 1028 1218 1071 ἐν
1250 1028 1426 1086 οὐρανῷ
1459 1032 1582 1070 θεῶν

490 1103 614 1156 Ζεύς,
649 1100 743 1144 ἀλλ’
782 1101 933 1158 ἐκείνῳ
966 1098 1093 1143 πάντ’
1131 1098 1430 1154 ἀναγκασθεὶς
1459 1106 1586 1141 ποιεῖ.

394 1191 589 1229 Sbobaeus
621 1189 759 1227 Floril.
793 1189 860 1236 63,
894 1189 945 1225 21
982 1186 1230 1238 Μενάνδρου
1249 1184 1380 1238 ’Ήρωι
1410 1186 1458 1224 Α.
1524 1188 1560 1225 1.
1592 1180 1623 1224 ὦ
1656 1183 1764 1224 δέσπ.
1796 1185 1844 1224 A.

277 1253 314 1290 2.
345 1255 423 1288 τῶν
455 1249 543 1287 add.
577 1248 689 1288 Grot.
719 1251 802 1286 not.
833 1251 943 1286 θεῶν
982 1260 1058 1286 om.
1091 1247 1137 1286 A.
1202 1248 1240 1286 3.
1273 1245 1398 1285 ἐκεῖνο
1430 1246 1545 1285 Voss.
1577 1241 1845 1298 ἀναγκασθεὶς

274 1310 401 1349 πάντα
433 1309 481 1347 Α.
530 1311 623 1347 ποεῖ
649 1307 765 1347 Voss.

489 1483 620 1539 ἐχρῆν
651 1482 736 1538 γὰρ
769 1477 883 1523 εἶναι
914 1481 963 1522 τὸ
995 1481 1133 1522 καλὸν
1166 1479 1495 1535 εὐγενέστατον,

487 1554 792 1608 τούλεύθερον
825 1550 873 1595 δὲ
905 1558 1131 1608 πανταχοῦ
1163 1559 1352 1608 φρονεῖν
1383 1551 1505 1607 μέγα.

395 1642 592 1681 Stobaeus
624 1641 763 1680 Floril.
797 1641 864 1691 89,
901 1642 923 1678 7
969 1639 1217 1690 Μενάνδρου
1247 1636 1376 1690 ’Ήρωι
1406 1639 1455 1678 Α.
1520 1641 1556 1677 1.
1587 1636 1629 1677 τὸ
1661 1636 1843 1687 Α’Ἶοεε.]

275 1700 354 1741 τὸν.
418 1705 454 1740 2.
486 1699 750 1752 τούλεύθερον
784 1697 826 1738 δὲ
856 1697 1007 1749 Bentl]
1039 1697 1108 1738 τὸν
1140 1697 1352 1750 ἐλεύθερον
1385 1696 1427 1737 δὲ
1460 1698 1529 1737 δεῖ.

1019 1815 1102 1856 211

490 1900 548 1950 ὡς
581 1900 771 1954 οἰκτρόν,
803 1898 830 1953 ἢ
864 1898 951 1952 [τὰ]
985 1903 1167 1940 τοιαῦτα
1200 1898 1403 1952 δυστυχῶ
1436 1898 1566 1956 μόνη,

490 1970 516 2012 ἃ
548 1968 659 2026 μηδὲ
689 1970 884 2020 πιθανὰς
914 1970 992 2019 τὰς
1022 1968 1282 2025 ὑπερβολὰς
1302 1969 1400 2024 ἔχει.

396 2048 590 2096 Stobaeu‘s
627 2058 766 2096 Floril.
807 2059 908 2107 104,
950 2058 1002 2096 13
1049 2053 1293 2106 Μένανδρος
1323 2052 1453 2106 ’“Ήρωι
1482 2054 1532 2093 Α.
1596 2056 1632 2092 1.
1663 2050 1707 2104 ἢ]
1748 2052 1784 2092 εἰ
1811 2053 1846 2091 Β

278 2130 376 2155 corr.
409 2119 451 2155 ab
482 2117 530 2155 cf.
561 2119 736 2169 γελοῖον,
773 2113 817 2163 ὃς
853 2118 931 2154 κτλ.
967 2117 1051 2155 100
1089 2117 1130 2154 et
1161 2116 1290 2153 multa
1326 2115 1407 2153 alia
1438 2114 1617 2153 eiusdem
1648 2112 1767 2152 modi.
1800 2110 1847 2151 τὰ

277 2176 353 2214 del.
387 2175 432 2214 Gr.
464 2177 512 2213 A.
543 2176 744 2227 Hirschig.
776 2177 924 2213 Annob.
956 2175 1043 2213 crib.
1078 2176 1144 2212 21.

1020 2290 1108 2332 212

1060 2378 1166 2428 χοῦς
1196 2371 1470 2428 κεκραμένου

516 2449 660 2487 οἴνου·
711 2445 861 2499 λαβὼν
893 2445 1041 2486 ε’κπιθι
1073 2450 1245 2487 τοῦτον.

397 2531 630 2570 Athenaeus
667 2533 731 2583 10,
763 2533 882 2571 4260
926 2528 1169 2583 Μένανδρος
1201 2529 1243 2570 ἐν
1263 2528 1393 2583 Ήρωι
1424 2529 1500 2581 ε’φη
1526 2533 1604 2570 κτλ.
1666 2531 1708 2569 in
1738 2531 1847 2569 exitu

279 2591 455 2640 suppleri
485 2594 654 2641 possunt
685 2592 825 2629 multa.

1023 2683 1108 2724 213
1172 2710 1178 2714 -

493 2767 870 2822 πεφαρμάκευσαι,
902 2762 1156 2820 γλυκύτατ’,
1188 2763 1429 2814 ἆναλυθεὶς
1461 2766 1598 2820 μόλις.

398 2851 540 2891 Suidas
585 2850 857 2904 ἀναλυθῆναι·
900 2851 941 2891 τὸ
986 2852 1180 2906 καθαρμῷ
1229 2864 1306 2889 τινι
1349 2849 1571 2902 χρήσασθαι
1613 2849 1846 2901 φαρμάκων.

281 2908 523 2964 Μένανδρος
543 2908 671 2964 ἽΙρωι
701 2915 779 2951 κτλ.
841 2910 1168 2963 ἐπεφαρμάκευσο
1194 2907 1352 2962 γλυκύτ’
1383 2910 1419 2948 Α
1451 2923 1543 2954 cum
1573 2910 1728 2949 Zonara
1748 2911 1846 2948 202.
