2014 3334
271 237 359 280 522
662 223 665 228 ’
917 241 1179 274 ΑΔΕΣΠΟΤΑ

1013 372 1099 416 635

393 457 566 496 Cramer.
593 458 741 501 Aneed.
769 459 857 498 Par.
882 458 942 498 ΠΙ
977 461 1074 510 206,
1109 462 1163 499 10
1193 457 1260 499 καὶ
1291 457 1311 499 ὁ
1343 458 1529 512 κωμικός·
1560 459 1838 511 βλασφημία

270 516 565 568 κενταύρους
590 515 766 565 ἔπαιζε·
791 517 884 566 τοὺς
904 518 1048 574 αἰσχρῷ
1067 517 1178 571 ἔρωτι
1197 524 1436 568 κεντοῦντας
1454 524 1641 571 ταῦρον.
1665 519 1836 571 Hesyeh.
1863 537 1872 546 =

269 574 491 628 Κένταυροι
523 609 530 615 .
558 608 566 616 .
594 609 601 616 .
634 575 700 616 καὶ
738 577 781 617 οἵ
814 577 1088 629 παιδερασταί,
1125 576 1203 618 ἀπὸ
1235 584 1304 618 τοῦ
1343 576 1509 632 ὄρρον,
1546 580 1610 618 vel
1641 574 1734 618 εοἰπὸ
1765 584 1836 619 τοῦ

271 633 389 687 ὄρρον
426 639 587 675 κεντεῖν.
648 642 790 689 ταῦρος
828 636 902 690 γὰρ
935 635 955 676 ὅ
988 634 1133 690 ὄρρος’,
1170 640 1218 677 ut
1248 639 1402 678 duabus
1440 638 1585 691 glossis
1617 632 1836 678 coniunctis

269 696 471 735 Heinsius.
515 696 702 735 Eustath.
737 699 863 747 1910,
899 700 949 736 11
990 697 1221 750 πικρότερον
1252 703 1416 750 σκῶμμα
1455 697 1498 738 τὸ
1536 697 1720 750 εἰρῆσθαι
1749 695 1836 737 κέν-

270 769 431 807 ταυρον,
462 751 506 802 ὃς
536 759 667 795 κεντεῖ
692 753 827 808 ὄρρον·
861 754 964 807 [τὸν]
996 755 1103 808 παρὰ
1127 758 1180 813 τῷ
1205 757 1388 813 κωμικῷ.’
1424 758 1560 808 itaque
1585 770 1657 808 pro
1683 754 1835 809 κέντορ-

269 828 338 868 ρος
381 828 471 854 eum
514 815 837 866 agnominabione
881 816 1066 855 dicebant
1108 814 1332 871 κένταυρος.
1401 818 1572 857 comicae
1616 817 1837 871 sentenffiae

271 874 495 913 emendatio
528 874 702 914 difficilis
736 877 806 914 est.
856 876 1026 915 fortasse
1059 876 1288 928 βλασφημία
1315 876 1320 926 Ι
1349 875 1487 928 ἔπληξε
1517 875 1766 928 κενταύρους.

1008 1004 1094 1046 636

979 1088 1189 1143 κρείττων
1222 1087 1436 1143 Ζώπυρος

553 1155 710 1200 ἑκατὸν
741 1158 1036 1214 Βαβυλώνων.

386 1243 621 1294 Apostolius
645 1247 710 1295 10,
733 1246 798 1284 14.
844 1246 892 1284 cf.
911 1245 1102 1285 Herodot.
1125 1247 1162 1296 3,
1186 1246 1430 1286 153—160.
1460 1245 1566 1284 Plut.
1587 1245 1686 1286 Mor.
1708 1248 1791 1286 173
1801 1260 1836 1286 a.

266 1304 430 1343 Luciam.
463 1304 545 1344 Iov.
577 1306 679 1354 trag.
713 1305 766 1344 53
807 1306 907 1344 extr.
946 1303 1168 1356 ἐβουλόμην
1206 1302 1256 1344 ἂν
1307 1336 1315 1344 .
1355 1336 1362 1344 .
1402 1336 1409 1343 .
1458 1303 1557 1356 ἔχειν
1599 1303 1667 1344 τὸν
1703 1307 1836 1358 Δᾶμιν

268 1362 470 1415 ξύμμαχον
506 1360 533 1415 ἢ
571 1363 712 1416 μυρίας
755 1379 823 1415 μοι
865 1364 1108 1416 Βαβυλῶνας
1148 1362 1348 1417 ὑπάρχειν.
1394 1377 1440 1403 ex
1473 1364 1674 1404 Herodoto
1714 1366 1836 1405 eomi-

270 1435 407 1463 corum
438 1423 581 1473 aliquis
614 1423 794 1464 adscivit.

1003 1505 1086 1547 637

554 1622 562 1630 .
698 1620 708 1629 .
770 1593 906 1630 ταῦτα
939 1583 979 1630 δ’
1014 1585 1106 1630 ἐστὶ
1136 1590 1263 1630 πλεῖν
1293 1586 1320 1642 ἢ
1352 1593 1549 1630 ναυτιᾶν.

385 1674 555 1714 Aristid.
586 1674 626 1713 II
657 1675 740 1714 491
775 1674 909 1714 Dindf.

1004 1755 1089 1798 638

695 1872 706 1882 .
768 1836 987 1881 ἀνάπιπτ’.
1048 1840 1097 1880 Β.
1129 1836 1396 1895 ἀνδριάντας
1427 1836 1590 1895 ἑστιᾷςς

385 1925 638 1964 Herodianus
670 1925 794 1964 Piers.
826 1926 910 1964 441
950 1926 1208 1964 κατακεῖσθαι
1245 1922 1308 1963 ἐπὶ
1337 1929 1415 1964 τῶν
1446 1922 1704 1976 ἑστιωμένων,
1738 1923 1832 1964 ἀνα-

268 1987 427 2023 κεῖσθαι
452 1981 494 2024 δὲ
513 1983 577 2024 ἐπὶ
602 1983 768 2024 εἰκόνων
792 1983 858 2023 καὶ
877 1982 1136 2035 ἀνδριάντων.
1185 1982 1363 2031 εἰπόντος
1387 1989 1486 2037 γοῦν
1505 1999 1609 2031 τινος
1628 1982 1835 2036 άνάπιπτε,

269 2041 290 2082 ὃ
321 2042 493 2095 κωμικὸς
523 2044 673 2091 παίζων
707 2040 958 2096 εἀνδριάντας
990 2039 1131 2099 ἓστιᾷς’
1170 2041 1259 2094 ἔφη.
1309 2044 1358 2082 οἱ
1390 2043 1538 2094 Diphil.
1574 2045 1669 2084 125.
1731 2044 1835 2083 anti-

266 2116 368 2154 quae
401 2104 454 2143 sifi
485 2117 536 2144 an
566 2117 693 2144 novae
725 2116 890 2154 prorsus
920 2103 1129 2142 incertum.

1006 2218 1090 2261 639

696 2337 705 2346 .
768 2302 906 2345 αὑτὸν
938 2301 992 2344 οὐ
1023 2300 1200 2358 τρέφων
1230 2301 1366 2351 κύνας
1395 2299 1588 2358 τρέφειςς

387 2389 620 2440 Diogenian.
644 2391 681 2438 3,
705 2391 756 2428 17
797 2386 860 2428 ἐπὶ
890 2394 968 2427 τῶν
998 2386 1258 2440 ἀπορούντων
1289 2382 1378 2438 μέν,
1414 2384 1568 2438 ἑτέρους
1599 2386 1640 2427 δὲ
1666 2386 1834 2441 θρέψειν

269 2446 621 2501 ἐπαγγελλομένων.
671 2449 786 2488 initio
818 2448 934 2488 facile
967 2449 1030 2487 est
1061 2448 1246 2498 supplere
1278 2445 1326 2486 σὺ
1359 2443 1420 2503 δ’,
1445 2441 1588 2500 ὦγάθ’.

1011 2575 1098 2618 640

553 2658 782 2716 ἐπικάρσια
814 2660 868 2714 δῆ
881 2657 971 2716 (τα)
1003 2663 1347 2715 προσπεσοῦμαι.

386 2746 610 2796 Hesychius
642 2744 861 2799 ἐπικάρσια·
894 2748 971 2784 κτλ.
1025 2744 1187 2797 πλάγια,
1225 2743 1273 2783 οὐ
1311 2740 1394 2783 κατ’
1436 2742 1599 2783 εὐθεῖαν
1635 2742 1832 2797 φερόμενα

269 2801 506 2857 (φερόμενος
531 2801 681 2858 Mein.).
732 2805 829 2856 δῆτα
855 2804 920 2855 K]
955 2803 1017 2856 δὴ.
1048 2809 1320 2856 προπεσοῦμαι
1347 2804 1513 2842 Salmas.
1545 2805 1586 2842 et
1609 2803 1832 2842 Meinekius

269 2877 429 2903 versum
471 2865 766 2915 paroemiacum
799 2877 883 2904 esse
922 2876 1096 2915 censens,
1141 2863 1208 2914 qui
1240 2864 1315 2902 tali
1352 2863 1572 2903 sententiae
1609 2863 1675 2902 vix
1713 2864 1831 2912 aptus

267 2924 437 2964 videtur.
488 2925 674 2976 Apollon.
704 2924 795 2964 Lex.
832 2926 898 2975 73,
932 2925 985 2962 22
1019 2921 1240 2975 ἐπικάρσια’
1271 2922 1427 2976 πλάγια,
1458 2920 1507 2963 οὐ
1538 2917 1621 2961 κατ’
1656 2919 1770 2961 εὐθύ.
