2014 3334
231 262 319 302 420
613 235 615 239 ’
883 258 1145 292 Ammon

232 369 315 412 ἄλλ’
364 370 442 411 ἐστὶ
485 373 660 422 συντελῆ.
735 364 831 424 (12)
874 367 941 408 καὶ
978 367 998 408 ὅ
1039 368 1232 419 Λακύδης
1271 366 1364 416 τέως
1403 366 1475 419 μὲν
1511 365 1670 420 ηπόρει,
1707 367 1801 421 μήτε

231 435 509 473 λυσιτελοῢσαν
551 428 677 485 ἑαυτῷ
707 433 873 479 θεωρῶν
903 427 975 479 τὴν
1006 432 1086 475 τοῖς
1117 426 1259 468 ἑαυτοῦ
1301 427 1466 481 δόγμασι
1508 427 1724 480 βοήθειαν,
1767 427 1808 468 εἴ

232 507 270 532 τε
302 490 354 544 μὴ
389 488 588 543 ἐξελέγχοι,
619 489 749 528 πάντα
780 485 1076 540 ἀνατρέψεσθαι
1101 486 1226 543 ἑαυτῷ
1252 487 1398 527 δοκῶν·
1430 485 1561 527 πεσὼν
1593 481 1687 540 (οὖν
1712 487 1800 526 add.

233 548 360 605 Hirz.)
399 550 454 598 εἰς
491 548 717 601 τάμήχανον
754 547 846 595 τοὺς
882 548 1058 600 γείτονας
1101 546 1298 600 ἐκεκράγει
1327 545 1394 586 καὶ
1430 546 1523 594 τοὺς
1553 546 1693 594 θεούς·
1735 545 1802 585 καὶ

234 611 297 651 ιὀὺ
331 609 394 651 ἰοὺ
426 608 493 649 καὶ
524 614 602 660 φεῦ
634 613 712 659 φεῦ
743 606 810 647 καὶ
840 622 890 657 νη
926 606 1018 654 τοὺς
1048 605 1171 653 θεοὺς
1201 605 1268 645 καὶ
1297 605 1348 657 νὴ
1379 605 1448 653 τὰς
1478 605 1588 657 θεάς,
1619 603 1733 645 ἄλλαι
1762 620 1802 645 τε

234 670 322 710 όσαι
353 669 396 709 ἐν
422 668 617 716 ἀπιστίαις
649 664 1009 720 δεινολογουμένων
1041 664 1138 706 εἰσὶν
1162 680 1316 718 ατεχνοι
1339 666 1498 716 πίστεις,
1528 671 1650 705 ταῦτα
1673 664 1803 704 πάντα

234 728 380 783 ἐλέγετο
413 730 487 784 βοῇ
519 727 586 767 καὶ
617 726 848 781 ἀξιοπιστία.
911 722 1006 779 (13)
1038 728 1225 765 τελευτῶν
1257 723 1298 764 δὲ
1330 723 1464 775 ἐπειδὴ
1497 724 1600 776 αδην
1631 722 1710 777 (sic
1729 738 1801 775 pro

233 788 316 829 ἕπει
341 804 470 841 μαχην
490 783 620 839 Diels)
653 782 752 839 εἶχεν
778 784 1073 838 ἀντιλεγόμενος
1099 781 1176 839 (sic
1194 798 1266 835 pro
1286 782 1608 837 ἀντιλεγομένους
1629 781 1802 836 Usener)

231 848 296 889 ἐπὶ
319 854 389 900 τῆς
415 847 554 897 οἰκίας,
586 845 703 893 αὐτὸς
723 844 794 897 μὲν
826 860 876 884 αν
896 844 1104 896 δήπουθεν
1130 843 1375 884 ἐστωικεύετο
1395 842 1493 896 πρὸς
1523 843 1615 891 τοὺς
1644 844 1803 893 παῖδας,

231 915 309 948 τῶν
339 908 495 948 παίδων
528 904 570 946 δὲ
603 905 650 945 τὰ
676 902 946 956 Ἀκαδημαὶκὰ
979 902 1296 956 ἰσχυριζομένων,
1333 903 1401 942 ἵνα
1431 901 1566 955 μηκέτι
1595 902 1802 956 πράγματα

230 968 355 1021 ἔχοιεν
391 962 531 1020 (ἔχοι),
580 964 763 1017 οἰκουρὸς
806 965 858 1016 ἠν
905 964 1019 1015 φίλος
1051 960 1119 1018 (22)
1155 969 1225 1003 τοῦ
1273 963 1450 1014 ταμιείου
1486 961 1803 1014 προκαθήμενος.

233 1025 351 1068 ουδὲν
391 1025 433 1066 δὲ
471 1026 526 1073 εἰς
558 1022 678 1065 ουδὲν
715 1022 900 1075 ὠφελῶν,
937 1021 1175 1074 ὑπιδόμενος
1212 1018 1255 1062 οἷ
1280 1021 1322 1062 τὸ
1354 1021 1483 1073 σοφὸν
1521 1023 1626 1078 αυτῷ
1658 1020 1804 1074 ἔρχεται

232 1086 526 1137 ἀπεκαλύψατο.
589 1082 728 1135 αλλως,
760 1082 852 1135 ε’φη,
882 1088 1022 1132 ταῦτα,
1054 1084 1085 1121 ὠ
1115 1082 1273 1133 παῖδες,
1311 1080 1353 1121 έν
1383 1085 1468 1129 ταῖς
1499 1081 1716 1133 διατριβαῖς
1745 1078 1803 1120 λέ-

231 1162 338 1200 γεται
368 1143 478 1198 ἡμῖν,
510 1143 634 1191 ἄλλως
666 1141 708 1182 δὲ
740 1144 876 1195 ζῶμεν.

353 1207 408 1246 sic
444 1204 694 1244 Dindorfius:
744 1216 768 1242 a
811 1215 889 1254 quo
927 1202 1168 1253 ubicumque
1206 1201 1389 1252 discessi,
1433 1203 1617 1240 accurate
1656 1201 1804 1241 notavi.

234 1267 390 1316 eadem,
434 1265 504 1304 sed
543 1264 670 1303 musto
708 1263 869 1302 brevius
907 1263 948 1301 et
988 1275 1035 1300 ex
1071 1263 1187 1312 parte
1228 1262 1390 1300 tantum
1429 1261 1564 1311 modo,
1605 1260 1805 1312 Diogenes

236 1327 369 1365 Laert.
399 1327 438 1375 4,
466 1326 533 1364 59.
582 1322 778 1362 contineri
807 1323 882 1361 hac
912 1321 1142 1361 narralzione
1175 1322 1456 1372 argumentum
1488 1320 1715 1359 comoediae
1745 1320 1804 1359 in·

235 1389 386 1436 tegrae,
416 1384 596 1422 Nubium
620 1383 729 1421 haud
760 1381 979 1432 dissimilis,
1011 1381 1062 1420 ad
1092 1380 1324 1420 inrisionem
1354 1380 1682 1430 philosophorum
1714 1391 1804 1419 con-

235 1445 407 1494 scriptae
439 1443 598 1483 saeculo
631 1455 664 1480 a.
698 1441 789 1480 Chr.
820 1441 954 1492 terlio,
986 1440 1178 1479 indicaviss
1209 1440 1254 1478 R.
1285 1439 1484 1478 Hirzelius
1511 1439 1647 1477 Herm.
1667 1438 1806 1476 XVIII

237 1507 261 1544 3
278 1518 334 1555 sq.
384 1504 562 1552 Lacydes
593 1504 654 1540 est
673 1501 875 1540 Arcesilae
898 1499 1127 1539 Academici
1147 1499 1364 1549 discipulus
1389 1500 1430 1537 et
1455 1510 1670 1537 successor.
1689 1498 1806 1548 Diog.

234 1565 280 1603 L.
301 1565 341 1614 4,
362 1564 430 1602 59.
478 1562 585 1600 Plut.
606 1561 706 1600 Mor.
729 1561 782 1599 63
794 1573 825 1599 e.
870 1558 950 1598 Cic.
969 1558 1092 1598 Acad.
1115 1560 1153 1606 2,
1176 1559 1214 1609 6,
1236 1559 1302 1597 16.
1351 1557 1594 1607 paucissima
1617 1570 1806 1596 versuum

236 1624 302 1675 qui
335 1623 378 1661 in
397 1620 589 1660 Numenii
620 1620 753 1660 verbis
785 1619 932 1659 servati
967 1618 1155 1658 videntur
1186 1617 1359 1667 vestigia
1384 1616 1555 1655 diductis
1580 1617 1805 1666 paullulum

235 1682 384 1722 litteris
415 1680 607 1730 indicavi3
649 1678 853 1718 interdum
884 1678 935 1717 ad
965 1677 1235 1717 restituendos
1270 1688 1456 1716 numeros
1496 1676 1807 1725 transpositione

237 1754 336 1792 opus
372 1743 445 1780 est.
505 1740 734 1791 fragmenta
770 1738 891 1777 huius
927 1737 1153 1776 comoediae
1191 1738 1286 1775 sunt
1323 1735 1429 1785 apud
1459 1735 1629 1774 Numen.
1661 1735 1805 1774 Euseb.

236 1803 375 1851 Praep.
408 1814 467 1839 ev.
503 1800 569 1849 14,
601 1800 639 1848 5,
675 1799 741 1836 14.
774 1797 822 1836 de
855 1797 1000 1848 quibus
1031 1796 1147 1835 infra.

986 1924 1072 1967 104

456 2010 613 2067 ἐρημία
644 2007 726 2064 μέν
757 2007 863 2063 ἐστι,
895 2007 1004 2050 κούκ
1035 2006 1268 2049 ἀκούσεται

454 2079 602 2130 οὐδεὶς
631 2080 788 2135 παρών
819 2094 906 2134 μου
936 2086 1025 2121 τῶν
1056 2079 1202 2132 λόγων
1234 2073 1298 2119 ὧν
1328 2075 1385 2119 ἂν
1415 2075 1540 2130 λέγω.

454 2152 539 2207 ἐγὼ
571 2153 648 2194 τὸν
681 2149 826 2204 αἰῶν’,
858 2151 1030 2206 ἄνδρες,
1064 2149 1278 2204 ἐτεθνήκη
1309 2148 1443 2190 πάλαι

454 2221 620 2266 ἅπανθ’
657 2222 710 2265 ὃν
741 2223 858 2277 ἕζην·
901 2222 1033 2263 τοῦτό
1064 2236 1139 2276 μοι
1170 2219 1405 2262 πιστεύετε.

409 2306 429 2338 5
447 2296 868 2350 παγγηκγοτοκαλον
899 2291 1116 2347 τάγαθόν,
1147 2291 1196 2333 τὸ
1229 2291 1392 2346 σεμνὸν
1423 2286 1493 2347 ἦν,

453 2367 503 2409 τὸ
534 2367 689 2408 κακόν·
719 2370 925 2408 τοιοῦτον
955 2360 1013 2419 ἦν
1043 2364 1090 2405 τί
1116 2378 1203 2418 μου
1233 2362 1367 2404 πάλαι
1399 2361 1555 2411 σκότος

419 2435 554 2494 ὴπερὶ
585 2437 667 2492 τὴν
699 2436 917 2490 διάνοιαν,
950 2435 1008 2485 ὡς
1039 2435 1168 2488 ἔοικε,
1198 2434 1416 2488 κείμενον,

456 2509 480 2551 ὃ
511 2506 638 2551 πάντ’
676 2508 860 2562 ἔκρυπτε
890 2511 1028 2549 ταῦτα
1057 2502 1271 2560 κήφοὲνιζέ
1298 2512 1384 2559 μοι.
1414 2496 1417 2498 “

455 2586 542 2623 νῦν
574 2576 615 2621 δ’
651 2576 810 2621 ἐνθάδ’
848 2567 1018 2631 ἐλθών,
1041 2576 1196 2631 ὥσπερ
1218 2575 1281 2625 εἰς
1306 2572 1571 2629 Ἀσκληπιοῦ

396 2665 438 2696 10
459 2651 802 2707 ἐγκατακλιθείς,
835 2649 894 2699 ὡς
925 2652 1016 2691 ἴστε
1046 2645 1137 2703 μετ’
1174 2646 1327 2700 ὀλίγον
1358 2647 1536 2702 χρόνον,

459 2723 752 2778 ἀναβεβίωκα·
783 2726 1020 2776 περιπατῶ,
1051 2721 1169 2760 λαλῶ
1201 2723 1399 2774 φρονῶν,
1484 2704 1492 2713 ’

457 2795 539 2850 τὴν
570 2792 843 2848 τηλικούτων
873 2789 946 2834 καὶ
976 2790 1192 2833 τοιούτων
1223 2792 1352 2844 ηλιον

458 2879 703 2908 νυντοντον
733 2862 893 2920 εὑρών,
924 2862 1096 2918 ἄνδρες,
1128 2859 1177 2902 ἐν
1207 2865 1260 2916 τῇ
1291 2860 1491 2916 τήμερον.

459 2936 572 2991 ὑμᾶς
603 2950 744 2992 ορωτο
775 2951 861 2977 νυν
891 2944 1040 2989 νσιραι
1071 2933 1149 2975 τὸν
1173 2930 1302 2988 ἀέρα,
