2014 3334
278 262 366 306 580
924 267 1185 303 ΑΔΕΣΠΟΤΑ
1752 242 1761 270 ¹

276 377 439 424 λούθως
470 375 742 428 ἠμφιεσμένον
772 378 962 431 πρότερον
993 377 1064 431 μὲν
1090 378 1212 431 ἔφησε
1238 382 1364 432 ζητεῖν
1389 382 1428 421 τί
1454 381 1557 422 ἐστιν
1583 381 1840 436 ἱππόπορνος,

277 442 352 475 νῦν
373 434 415 475 δὲ
435 435 654 488 εὑρηκέναι.
685 434 710 488 ἡ
727 437 972 491 ἱππόπορνος
992 442 1054 479 est
1068 441 1243 490 Alciphr.
1261 443 1298 492 3,
1314 443 1381 481 33.
1412 441 1618 482 inventum
1634 443 1840 482 comicum.

1003 555 1118 600 1022

562 613 778 668 ἰσχιοίδης

395 699 633 737 Eustasshius
669 701 795 751 1684,
829 701 895 766 283
947 701 994 739 cf.
1025 703 1150 739 1111.

1003 816 1115 859 1023

558 874 865 931 καλλιώνυμος

392 960 616 1011 Hesychius
655 957 759 1008 εἶδος
797 961 948 1012 ἰχθύος.
1010 960 1291 1014 μεταφέροντες
1326 960 1368 1001 δέ
1404 977 1507 1010 τινες
1537 962 1610 1014 τὴν
1641 964 1744 1011 λέξιν
1775 963 1841 1004 καὶ

271 1017 334 1057 ἐπὶ
359 1025 430 1058 τοῦ
456 1019 612 1059 αἰδοίου
639 1019 801 1060 ἔτασσον
827 1019 972 1074 ἀνδρός
996 1035 1035 1060 τε
1058 1020 1123 1060 καὶ
1149 1021 1348 1074 γυναικός.
1396 1036 1538 1073 nempe
1571 1023 1840 1075 καλλιώνυμος

275 1079 483 1118 dicebatur
514 1080 636 1119 etiam
666 1079 887 1120 θαλάσσιον
919 1080 1085 1120 αἰδοῖον.
1134 1083 1182 1120 cf.
1215 1082 1330 1121 Phot.
1361 1081 1643 1134 καλλιώνυμος.

1003 1209 1115 1252 1024

558 1269 872 1323 καμπυλιάζειν

393 1353 583 1405 κάμπτειν
622 1353 688 1393 καὶ
730 1353 920 1406 στρέφειν.
983 1355 1149 1394 Photius
1191 1357 1232 1393 et
1271 1354 1425 1394 Suidas.
1487 1356 1626 1394 eadem
1668 1357 1839 1396 forssasse

275 1413 575 1463 significatione,
609 1427 688 1465 qua
719 1414 909 1465 κάμπτειν
941 1415 1065 1454 Arist.
1095 1414 1201 1453 Nub.
1235 1416 1333 1454 969.

1001 1542 1114 1584 1025

557 1613 928 1670 καπνοσφράντης

390 1700 629 1739 Eustathius
658 1701 781 1740 1718.
803 1702 853 1739 19
889 1697 938 1738 οὐ
963 1705 1040 1746 πᾶς
1065 1698 1215 1746 καπνὸς
1246 1698 1383 1750 ἀηδής,
1415 1695 1498 1738 ἀλλ’
1527 1697 1625 1738 εἰσὶν
1651 1700 1690 1739 οἳ
1711 1698 1836 1752 χαρὰν

270 1756 528 1798 ὑποκινοῢσι.
549 1790 557 1798 .
580 1756 671 1805 .ὡς.
691 1790 701 1798 .
723 1757 763 1798 ,ὃ
788 1757 856 1798 τὸν
887 1757 994 1809 παρὰ
1019 1763 1064 1812 τῇ
1090 1758 1277 1814 κωμῳδία
1307 1758 1716 1810 καπνοσφράντην
1741 1770 1836 1798 συν-

273 1818 416 1868 τιθείς,
454 1816 474 1857 ὅ
506 1816 559 1870 μὴ
591 1817 688 1857 κατὰ
719 1817 786 1857 τὸν
817 1816 990 1869 κωμικὸν
1022 1816 1230 1869 ἐκπέμπων
1261 1823 1330 1870 τῆς
1369 1818 1514 1868 οἰκίας,
1550 1815 1633 1857 ἀλλ’
1669 1818 1835 1871 εἰσάγων

274 1876 366 1924 τοὺς
404 1878 671 1928 φιληδοῦντας
707 1878 781 1933 βίῳ
818 1879 1078 1933 παρασιτικῷ,
1116 1878 1156 1917 οἳ
1183 1876 1250 1917 καὶ
1281 1876 1392 1917 αὐτοὶ
1423 1875 1571 1930 λέγοιεν
1602 1875 1653 1916 ἂν
1684 1876 1835 1917 ἐθέλειν

268 1935 333 1975 καὶ
359 1936 513 1976 καπνὸν
540 1935 855 1989 ἀποθρώσκοντα
880 1942 1023 1988 νοῆσαι
1050 1937 1174 1984 οἰκίας
1199 1938 1392 1977 πλουσίου
1418 1937 1704 1976 εἰλαπιναστοῦ.
1742 1950 1835 1976 eon-

270 1997 347 2035 fert
372 1997 594 2036 Meinekius
620 1997 769 2047 Diphil.
797 1999 864 2048 61,
891 1999 917 2035 4
933 2009 990 2047 sq.
1024 1998 1198 2036 fortasse
1230 1997 1404 2036 comicus
1430 1997 1586 2035 dixerat
1616 2002 1685 2048 τῆς
1709 1996 1835 2044 οἰκίας

268 2054 343 2107 γὰρ
375 2053 514 2096 οὔποτ’
549 2054 753 2107 ἐκπέμπει.
775 2087 783 2096 .

996 2137 1109 2179 1026

553 2196 814 2253 καρυάτιδες

388 2283 532 2321 Pollux
559 2285 597 2332 5,
626 2284 693 2321 97.
745 2283 792 2322 cf.
822 2284 918 2322 962.

772 2351 777 2354 ’
995 2375 1107 2417 1027

552 2447 931 2501 καταγλωττισμός

387 2533 530 2572 Pollux
557 2535 597 2583 2,
627 2534 721 2572 109.
771 2534 819 2572 cf.
847 2534 944 2572 882.

994 2624 1105 2667 1028
1179 2602 1185 2606 ’

550 2683 864 2739 κατακαχρύσω

383 2770 610 2819 Hesychius
655 2768 771 2821 ῥήξω.
822 2767 904 2808 ἐπεὶ
941 2768 987 2807 αἱ
1012 2766 1150 2822 κριθαὶ
1181 2767 1426 2821 φρυγόμεναι
1456 2767 1679 2821 ῥήγνυνται.
1730 2765 1829 2815 τινὲς

265 2825 308 2866 δὲ
352 2828 601 2880 συνταράξω,
645 2827 866 2880 καταχώσω.
936 2828 1104 2867 Photius
1146 2827 1443 2879 κατακαχρύσω·
1487 2826 1720 2879 καταφρύξω
1763 2825 1830 2867 καὶ

265 2888 479 2939 συντρίψω.
542 2886 620 2927 άπὸ
652 2893 730 2927 τῶν
761 2887 945 2939 καχρύων
977 2886 1257 2938 μετενήνεκται.
1313 2889 1360 2926 cf.
1392 2887 1579 2926 Eustath.
1607 2887 1732 2936 1835,
1760 2888 1827 2924 42.

264 2948 397 2986 nescio
429 2961 547 2997 quem
581 2947 697 2986 alteri
729 2947 983 2986 minitantem
1015 2944 1159 2985 audire
1183 2947 1283 2985 mihi
1313 2947 1462 2987 videor.
