2014 3334
802 232 970 268 ΑΔΗΛΑ
1000 232 1262 268 ΟΠΟΤΕΡΑΣ
1730 232 1818 274 475

977 366 1064 410 352

596 482 605 492 .
667 450 811 493 πάντα
842 445 974 505 ταῦθ’
1007 449 1095 493 ὑπὸ
1127 452 1472 507 φιλανθρωπίας

450 520 552 565 θεοὶ
583 526 774 564 πονοῦσι
805 522 916 575 πρὸς
946 522 1024 564 τὸν
1056 519 1127 564 ἐπὶ
1158 527 1236 578 τῆς
1266 526 1347 577 γῆς
1378 523 1480 576 βίον

451 592 612 637 ἕκαστα
644 596 973 643 συντελοῦντες.

358 680 562 721 Lucianus
594 680 664 720 Bis
697 693 824 720 accus.
859 683 879 720 1
917 682 1016 720 extr.
1053 679 1183 720 πάντα
1213 679 1288 734 γὰρ
1320 685 1441 719 ταῦτα
1472 679 1551 720 ὑπὸ
1583 697 1626 732 φ.
1658 681 1701 721 οἱ
1727 679 1818 721 θεοὶ

235 743 313 780 κτλ.
394 743 432 780 3.
463 738 605 780 ἕκαστα
649 739 712 791 Ψ]
753 736 908 780 ἕκαστοι
944 741 1010 780 vel
1047 738 1233 787 ἑκάστοις.
1291 740 1379 792 βίος
1417 741 1554 780 eadem
1594 742 1656 780 vel
1696 741 1817 781 simili

239 800 530 852 significatione
562 800 725 841 Lucian.
758 800 892 852 Fugit.
925 802 962 840 3.
996 802 1035 840 5.
1069 802 1107 840 6.
1140 802 1208 840 23.
1241 800 1403 840 Hesiod.
1439 803 1475 840 2.

453 1023 526 1068 καὶ
557 1031 638 1068 ποῖ’
665 1025 883 1079 βαδιεῖται
915 1024 964 1067 τὸ
995 1024 1133 1067 κακὸν
1164 1023 1191 1080 ἢ
1223 1030 1312 1067 ποῦ
1344 1025 1566 1080 στήσεταιε

453 1096 536 1140 οὐκ
567 1093 689 1139 οἷσθ’
726 1097 793 1139 ὅτι
824 1096 972 1151 πηγὴν
1004 1094 1168 1139 ἀέναον
1199 1098 1417 1153 πονηρίας

452 1175 607 1220 κινεϊς;

357 1256 556 1295 Maximus
588 1256 736 1306 Tyrius
769 1255 938 1295 Dissert.
960 1258 984 1294 2
1018 1269 1054 1306 p.
1077 1258 1128 1294 21
1165 1255 1225 1294 ed.
1253 1255 1364 1295 Laid.
1399 1251 1565 1309 (1614).
1633 1258 1668 1295 1.
1701 1253 1728 1307 ἢ
1751 1254 1816 1306 Κ.]

239 1314 317 1355 καὶ.
381 1318 417 1355 2.
441 1317 480 1356 3.
511 1313 684 1355 ἀένναον
715 1329 749 1356 κ.
781 1328 870 1354 πον.

981 1407 1068 1450 354

455 1491 478 1534 ὁ
510 1492 595 1547 γὰρ
629 1491 974 1542 Ποσειδῶν-τὰς
1004 1490 1195 1547 νεφέλας
1226 1493 1449 1547 συνήγαγε

360 1565 426 1606 καὶ
457 1565 617 1619 ἐτάραξε
648 1564 717 1605 τὸν
748 1561 896 1606 πόντον

452 1659 600 1715 ὥσπερ
630 1659 828 1716 τορύνην
858 1659 941 1715 τὴν
972 1661 1176 1716 τρίαιναν
1208 1659 1424 1715 ἐμβαλών.

358 1759 559 1798 Lucianus
591 1758 760 1798 Charon.
796 1760 818 1797 7
865 1755 917 1806 ὡς
950 1755 970 1797 ὅ
1003 1760 1054 1797 Π.
1087 1757 1225 1812 συνήγ.
1257 1773 1288 1798 τ.
1320 1774 1355 1798 ν.
1400 1781 1447 1786 --
1490 1758 1587 1798 ὥσπ.
1619 1774 1697 1813 τορ.
1730 1757 1817 1798 τινὰ

239 1817 326 1871 ἐμβ.
361 1833 391 1857 τ.
423 1833 478 1871 τρ.
510 1818 681 1858 fortasse
713 1832 749 1858 v.
784 1821 807 1857 2
841 1816 909 1857 καὶ
938 1816 1012 1869 τὴν
1043 1818 1244 1858 θάλατταν
1276 1818 1547 1870 συνετάραξεν.

918 1958 1017 2002 355.
1049 1958 1137 2002 356

453 2040 554 2098 περὶ
585 2042 787 2098 μεγάλων
818 2042 903 2098 γὰρ
935 2042 1204 2099 πραγμάτων
1237 2042 1560 2098 σκοπουμένοις

453 2113 725 2170 εὐνουστάτη
760 2113 1014 2170 σύμβουλος
1043 2108 1071 2169 ἡ
1103 2116 1338 2172 παρρησία.

453 2259 705 2314 παρρησίαν
739 2254 787 2300 δὲ
819 2258 983 2309 παντὸς
1015 2258 1136 2305 ὠνοῦ
1166 2261 1363 2315 χρυσίου.

358 2355 529 2395 Ioannes
563 2357 742 2397 Damaso.
769 2358 875 2398 Flor.
907 2360 942 2406 1,
977 2359 1045 2409 21,
1075 2360 1141 2397 22.
1164 2360 1188 2398 3
1222 2353 1280 2413 (V
1301 2355 1493 2411 cccmcx).
1559 2361 1594 2399 1.
1627 2357 1701 2411 γὰρ
1727 2358 1816 2398 add.

242 2414 359 2455 Mein.
409 2414 698 2479 σκοπουμένοις
730 2416 866 2468 Mein]
900 2415 1164 2470 σκοπουμένῃ.

981 2557 1066 2600 357

456 2639 595 2695 τόλμα
625 2655 682 2695 τι,
713 2640 962 2695 κινδύνευε,
993 2639 1167 2698 πρᾶττ’,
1201 2640 1492 2697 ἀποτύγχανε,

458 2709 646 2766 ἐπίτυχε’
685 2712 828 2755 πάντα
860 2715 1029 2768 μᾶλλον
1061 2712 1088 2768 ἢ
1122 2714 1288 2756 σαυτὸν
1319 2720 1473 2769 προοῦ.

362 2809 555 2860 Polybius
588 2811 664 2858 31,
698 2812 750 2849 21
796 2809 1022 2863 γενομένων
1066 2809 1110 2851 δὲ
1148 2811 1310 2851 πάντων
1353 2811 1451 2851 κατὰ
1494 2811 1537 2851 τὸ
1581 2810 1818 2864 συνταχθὲν,

242 2866 377 2919 λαβὼν
409 2865 430 2907 ὅ
462 2867 688 2920 Δημήτριος
719 2867 933 2924 ἕπανέγνω.
994 2870 1036 2912 τὸ
1063 2869 1105 2911 δὲ
1134 2870 1337 2911 πιττάκιον
1367 2875 1533 2924 περιεῖχε
1560 2871 1628 2920 τὰς
1657 2871 1819 2925 γνώμας

243 2926 403 2975 ταύτας.
426 2959 433 2967 .
455 2930 552 2968 .κτλ.
614 2926 858 2982 ἕπιτύγχανε,
888 2929 1058 2983 ἀπότυχε
1090 2932 1237 2972 Naber.
1269 2931 1413 2971 Mnem.
1444 2945 1533 2972 nov.
1558 2932 1657 2972 VIII
1689 2934 1757 2972 34.
