<?xml version="1.0" encoding="UTF-8"?>
<!DOCTYPE html PUBLIC "-//W3C//DTD XHTML 1.0 Transitional//EN"
    "http://www.w3.org/TR/xhtml1/DTD/xhtml1-transitional.dtd">
<html xmlns="http://www.w3.org/1999/xhtml" xml:lang="en" lang="en">
 <head>
  <title>
</title>
<meta http-equiv="Content-Type" content="text/html;charset=utf-8" />
  <meta name='ocr-system' content='tesseract 3.04.00' />
  <meta name='ocr-capabilities' content='ocr_page ocr_carea ocr_par ocr_line ocrx_word'/>
</head>
<body>
  <div class='ocr_page' id='page_1' title='image "./comicorumatticor03kockuoft_0190.png"; bbox 0 0 2014 3334; ppageno 0'>
   <div class='ocr_carea' id='block_1_1' title="bbox 1818 0 2014 87">
    <p class='ocr_par' dir='ltr' id='par_1_1' title="bbox 1818 0 2014 87">
     <span class='ocr_line' id='line_1_1' title="bbox 1818 0 2014 87; baseline 0 3247"><span class='ocrx_word' id='word_1_1' title='bbox 1818 0 2014 87; x_wconf 95' lang='lat' dir='ltr'><em> </em></span> 
     </span>
    </p>
   </div>
   <div class='ocr_carea' id='block_1_2' title="bbox 286 236 1216 278">
    <p class='ocr_par' dir='ltr' id='par_1_2' title="bbox 286 236 1216 278">
     <span class='ocr_line' id='line_1_2' title="bbox 286 236 1216 278; baseline 0 -7"><span class='ocrx_word' id='word_1_2' title='bbox 286 236 370 278; x_wconf 78' lang='lat'><em>170</em></span> <span class='ocrx_word' id='word_1_3' title='bbox 917 238 1216 271; x_wconf 81' lang='lat' dir='ltr'>MENANAPOT</span> 
     </span>
    </p>
   </div>
   <div class='ocr_carea' id='block_1_3' title="bbox 1023 380 1108 422">
    <p class='ocr_par' dir='ltr' id='par_1_3' title="bbox 1023 380 1108 422">
     <span class='ocr_line' id='line_1_3' title="bbox 1023 380 1108 422; baseline 0 0"><span class='ocrx_word' id='word_1_4' title='bbox 1023 380 1108 422; x_wconf 84' lang='lat'><em>557</em></span> 
     </span>
    </p>
   </div>
   <div class='ocr_carea' id='block_1_4' title="bbox 493 462 1558 734">
    <p class='ocr_par' dir='ltr' id='par_1_4' title="bbox 493 462 1431 520">
     <span class='ocr_line' id='line_1_4' title="bbox 493 462 1431 520; baseline 0.001 -15"><span class='ocrx_word' id='word_1_5' title='bbox 493 462 723 513; x_wconf 82' lang='grc' dir='ltr'><strong><em>πλεονεξία</em></strong></span> <span class='ocrx_word' id='word_1_6' title='bbox 755 462 963 517; x_wconf 86' lang='grc' dir='ltr'><em>μέγιστον</em></span> <span class='ocrx_word' id='word_1_7' title='bbox 994 463 1250 520; x_wconf 85' lang='grc' dir='ltr'><em>ἀνθρώποις</em></span> <span class='ocrx_word' id='word_1_8' title='bbox 1279 465 1431 506; x_wconf 85' lang='grc' dir='ltr'><em>κακόν·</em></span> 
     </span>
    </p>

    <p class='ocr_par' dir='ltr' id='par_1_5' title="bbox 494 533 1558 662">
     <span class='ocr_line' id='line_1_5' title="bbox 495 533 1558 591; baseline 0.001 -15"><span class='ocrx_word' id='word_1_9' title='bbox 495 535 542 576; x_wconf 77' lang='grc' dir='ltr'><em>οἰ</em></span> <span class='ocrx_word' id='word_1_10' title='bbox 568 535 652 590; x_wconf 80' lang='grc' dir='ltr'><em>γὰρ</em></span> <span class='ocrx_word' id='word_1_11' title='bbox 684 533 893 585; x_wconf 79' lang='grc' dir='ltr'><em>θέλοντες</em></span> <span class='ocrx_word' id='word_1_12' title='bbox 922 537 1192 591; x_wconf 76' lang='grc' dir='ltr'><em>προσλαβεῖν</em></span> <span class='ocrx_word' id='word_1_13' title='bbox 1223 536 1276 577; x_wconf 78' lang='grc' dir='ltr'><em>τὰ</em></span> <span class='ocrx_word' id='word_1_14' title='bbox 1306 541 1396 577; x_wconf 81' lang='grc' dir='ltr'><em>τῶν</em></span> <span class='ocrx_word' id='word_1_15' title='bbox 1426 534 1558 586; x_wconf 85' lang='grc' dir='ltr'><em>πέλας</em></span> 
     </span>
     <span class='ocr_line' id='line_1_6' title="bbox 494 605 1373 662; baseline 0.001 -15"><span class='ocrx_word' id='word_1_16' title='bbox 494 605 851 660; x_wconf 78' lang='grc' dir='ltr'><em>ἀποτυγχάνουσι</em></span> <span class='ocrx_word' id='word_1_17' title='bbox 881 607 1093 656; x_wconf 79' lang='grc' dir='ltr'><em>πολλάκις</em></span> <span class='ocrx_word' id='word_1_18' title='bbox 1123 607 1373 662; x_wconf 85' lang='grc' dir='ltr'><em>νικώμενοι,</em></span> 
     </span>
    </p>

    <p class='ocr_par' dir='ltr' id='par_1_6' title="bbox 494 675 1486 734">
     <span class='ocr_line' id='line_1_7' title="bbox 494 675 1486 734; baseline 0.003 -17"><span class='ocrx_word' id='word_1_19' title='bbox 494 677 547 718; x_wconf 82' lang='grc' dir='ltr'><em>τὰ</em></span> <span class='ocrx_word' id='word_1_20' title='bbox 579 675 619 718; x_wconf 79' lang='grc' dir='ltr'><em>δ’</em></span> <span class='ocrx_word' id='word_1_21' title='bbox 657 677 749 719; x_wconf 75' lang='grc' dir='ltr'><em>ἴδια</em></span> <span class='ocrx_word' id='word_1_22' title='bbox 780 676 1073 733; x_wconf 77' lang='grc' dir='ltr'><em>προστιθέασι</em></span> <span class='ocrx_word' id='word_1_23' title='bbox 1104 685 1196 728; x_wconf 79' lang='grc' dir='ltr'><em>τοῖς</em></span> <span class='ocrx_word' id='word_1_24' title='bbox 1228 677 1486 734; x_wconf 77' lang='grc' dir='ltr'><em>ἀλλοτρίοις.</em></span> 
     </span>
    </p>
   </div>
   <div class='ocr_carea' id='block_1_5' title="bbox 280 775 1908 1002">
    <p class='ocr_par' dir='ltr' id='par_1_7' title="bbox 280 775 1908 1002">
     <span class='ocr_line' id='line_1_8' title="bbox 400 775 1850 827; baseline 0.001 -15"><span class='ocrx_word' id='word_1_25' title='bbox 400 775 594 813; x_wconf 70' lang='lat' dir='ltr'>Stobaeus</span> <span class='ocrx_word' id='word_1_26' title='bbox 615 775 753 814; x_wconf 83' lang='lat' dir='ltr'>Floril.</span> <span class='ocrx_word' id='word_1_27' title='bbox 777 777 842 827; x_wconf 89' lang='lat'><em>10,</em></span> <span class='ocrx_word' id='word_1_28' title='bbox 864 778 887 814; x_wconf 79' lang='lat'><strong>3</strong></span> <span class='ocrx_word' id='word_1_29' title='bbox 929 775 1176 827; x_wconf 80' lang='grc' dir='ltr'><em>Μενάνδρου</em></span> <span class='ocrx_word' id='word_1_30' title='bbox 1197 777 1244 814; x_wconf 95' lang='grc' dir='ltr'><em>Α.</em></span> <span class='ocrx_word' id='word_1_31' title='bbox 1306 775 1506 815; x_wconf 75' lang='lat' dir='ltr'>Antonius</span> <span class='ocrx_word' id='word_1_32' title='bbox 1534 775 1625 814; x_wconf 88' lang='lat' dir='ltr'>Mel.</span> <span class='ocrx_word' id='word_1_33' title='bbox 1646 776 1698 813; x_wconf 92' lang='lat'><em>41</em></span> <span class='ocrx_word' id='word_1_34' title='bbox 1721 788 1757 825; x_wconf 90' lang='lat' dir='ltr'><em>p.</em></span> <span class='ocrx_word' id='word_1_35' title='bbox 1782 776 1850 814; x_wconf 88' lang='lat'><em>65.</em></span> 
     </span>
     <span class='ocr_line' id='line_1_9' title="bbox 280 831 1908 887; baseline 0 -15"><span class='ocrx_word' id='word_1_36' title='bbox 280 835 440 873; x_wconf 79' lang='lat' dir='ltr'>Maxim.</span> <span class='ocrx_word' id='word_1_37' title='bbox 474 833 583 873; x_wconf 86' lang='lat' dir='ltr'>Conf.</span> <span class='ocrx_word' id='word_1_38' title='bbox 617 837 686 885; x_wconf 78' lang='grc'><em>22,</em></span> <span class='ocrx_word' id='word_1_39' title='bbox 721 836 774 874; x_wconf 87' lang='grc'><em>59</em></span> <span class='ocrx_word' id='word_1_40' title='bbox 807 849 845 885; x_wconf 84' lang='lat' dir='ltr'>p.</span> <span class='ocrx_word' id='word_1_41' title='bbox 879 837 962 874; x_wconf 86' lang='grc'><em>602</em></span> <span class='ocrx_word' id='word_1_42' title='bbox 998 835 1205 876; x_wconf 86' lang='lat' dir='ltr'>Combefis.</span> <span class='ocrx_word' id='word_1_43' title='bbox 1286 837 1324 874; x_wconf 87' lang='grc'><em>2.</em></span> <span class='ocrx_word' id='word_1_44' title='bbox 1360 833 1453 887; x_wconf 85' lang='grc' dir='ltr'><em>γὰρ]</em></span> <span class='ocrx_word' id='word_1_45' title='bbox 1494 832 1565 885; x_wconf 83' lang='grc' dir='ltr'><em>μὲν</em></span> <span class='ocrx_word' id='word_1_46' title='bbox 1598 835 1701 873; x_wconf 86' lang='lat' dir='ltr'>Max.</span> <span class='ocrx_word' id='word_1_47' title='bbox 1740 833 1850 873; x_wconf 89' lang='lat' dir='ltr'>Conf.</span> <span class='ocrx_word' id='word_1_48' title='bbox 1894 831 1908 835; x_wconf 32' lang='lat'><em>³</em></span> 
     </span>
     <span class='ocr_line' id='line_1_10' title="bbox 281 892 1849 944; baseline 0 -12"><span class='ocrx_word' id='word_1_49' title='bbox 281 896 319 933; x_wconf 93' lang='lat'>4.</span> <span class='ocrx_word' id='word_1_50' title='bbox 352 892 566 944; x_wconf 83' lang='grc' dir='ltr'><em>ἀλλοτρίοις</em></span> <span class='ocrx_word' id='word_1_51' title='bbox 598 894 683 932; x_wconf 86' lang='lat' dir='ltr'>iure</span> <span class='ocrx_word' id='word_1_52' title='bbox 710 897 944 944; x_wconf 71' lang='lat' dir='ltr'>corruptum</span> <span class='ocrx_word' id='word_1_53' title='bbox 969 896 1143 944; x_wconf 72' lang='lat' dir='ltr'>putabat</span> <span class='ocrx_word' id='word_1_54' title='bbox 1167 895 1285 934; x_wconf 89' lang='lat' dir='ltr'>Mein.</span> <span class='ocrx_word' id='word_1_55' title='bbox 1316 895 1419 933; x_wconf 85' lang='lat' dir='ltr'>male</span> <span class='ocrx_word' id='word_1_56' title='bbox 1446 894 1624 933; x_wconf 68' lang='lat' dir='ltr'>defendit</span> <span class='ocrx_word' id='word_1_57' title='bbox 1651 893 1849 933; x_wconf 84' lang='lat' dir='ltr'>Herwerd.</span> 
     </span>
     <span class='ocr_line' id='line_1_11' title="bbox 282 952 1100 1002; baseline 0.002 -10"><span class='ocrx_word' id='word_1_58' title='bbox 282 952 375 993; x_wconf 87' lang='lat' dir='ltr'>Obs.</span> <span class='ocrx_word' id='word_1_59' title='bbox 408 954 495 993; x_wconf 63' lang='lat' dir='ltr'>crib.</span> <span class='ocrx_word' id='word_1_60' title='bbox 529 955 596 992; x_wconf 85' lang='lat'>94.</span> <span class='ocrx_word' id='word_1_61' title='bbox 646 954 817 993; x_wconf 76' lang='lat' dir='ltr'>fortasse</span> <span class='ocrx_word' id='word_1_62' title='bbox 850 952 1100 1002; x_wconf 78' lang='grc' dir='ltr'><em>ἐναντίοις.</em></span> 
     </span>
    </p>
   </div>
   <div class='ocr_carea' id='block_1_6' title="bbox 1024 1093 1109 1136">
    <p class='ocr_par' dir='ltr' id='par_1_8' title="bbox 1024 1093 1109 1136">
     <span class='ocr_line' id='line_1_12' title="bbox 1024 1093 1109 1136; baseline 0 0"><span class='ocrx_word' id='word_1_63' title='bbox 1024 1093 1109 1136; x_wconf 89' lang='grc'><em>558</em></span> 
     </span>
    </p>
   </div>
   <div class='ocr_carea' id='block_1_7' title="bbox 269 1173 1848 2418">
    <p class='ocr_par' dir='ltr' id='par_1_9' title="bbox 453 1173 1741 1506">
     <span class='ocr_line' id='line_1_13' title="bbox 1020 1173 1480 1232; baseline 0.002 -14"><span class='ocrx_word' id='word_1_64' title='bbox 1020 1178 1281 1219; x_wconf 86' lang='grc' dir='ltr'><em>Διονυσίων</em></span> <span class='ocrx_word' id='word_1_65' title='bbox 1312 1173 1394 1232; x_wconf 72' lang='grc' dir='ltr'><em>μὲν</em></span> <span class='ocrx_word' id='word_1_66' title='bbox 1423 1173 1480 1231; x_wconf 79' lang='grc' dir='ltr'><em>ἦν</em></span> 
     </span>
     <span class='ocr_line' id='line_1_14' title="bbox 491 1238 1473 1291; baseline 0.001 -13"><span class='ocrx_word' id='word_1_67' title='bbox 491 1238 640 1291; x_wconf 86' lang='grc' dir='ltr'><em>πομπή</em></span> <span class='ocrx_word' id='word_1_68' title='bbox 714 1269 1473 1279; x_wconf 91' lang='grc'><strong>..........</strong></span> 
     </span>
     <span class='ocr_line' id='line_1_15' title="bbox 493 1303 1741 1364; baseline -0.001 -15"><span class='ocrx_word' id='word_1_69' title='bbox 493 1307 516 1349; x_wconf 89' lang='grc' dir='ltr'>ὁ</span> <span class='ocrx_word' id='word_1_70' title='bbox 550 1307 603 1350; x_wconf 76' lang='grc' dir='ltr'><em>δέ</em></span> <span class='ocrx_word' id='word_1_71' title='bbox 630 1303 674 1363; x_wconf 82' lang='grc' dir='ltr'><em>μ’</em></span> <span class='ocrx_word' id='word_1_72' title='bbox 710 1307 1020 1362; x_wconf 80' lang='grc' dir='ltr'><em>ἠκολούθησεν</em></span> <span class='ocrx_word' id='word_1_73' title='bbox 1052 1306 1178 1364; x_wconf 82' lang='grc' dir='ltr'><em>μέχρι</em></span> <span class='ocrx_word' id='word_1_74' title='bbox 1209 1313 1289 1349; x_wconf 91' lang='grc' dir='ltr'><em>τοῦ</em></span> <span class='ocrx_word' id='word_1_75' title='bbox 1320 1307 1430 1363; x_wconf 91' lang='grc' dir='ltr'><em>πρὸς</em></span> <span class='ocrx_word' id='word_1_76' title='bbox 1461 1307 1542 1361; x_wconf 86' lang='grc' dir='ltr'><em>τὴν</em></span> <span class='ocrx_word' id='word_1_77' title='bbox 1574 1307 1741 1362; x_wconf 83' lang='grc' dir='ltr'><em>θύραν·</em></span> 
     </span>
     <span class='ocr_line' id='line_1_16' title="bbox 492 1376 1518 1434; baseline -0.002 -13"><span class='ocrx_word' id='word_1_78' title='bbox 492 1380 641 1421; x_wconf 81' lang='grc' dir='ltr'><em>ἔπειτα</em></span> <span class='ocrx_word' id='word_1_79' title='bbox 673 1386 842 1434; x_wconf 85' lang='grc' dir='ltr'><em>φοιτῶν</em></span> <span class='ocrx_word' id='word_1_80' title='bbox 873 1377 946 1421; x_wconf 87' lang='grc' dir='ltr'><em>καὶ</em></span> <span class='ocrx_word' id='word_1_81' title='bbox 977 1379 1232 1421; x_wconf 80' lang='grc' dir='ltr'><em>κολακεύων</em></span> <span class='ocrx_word' id='word_1_82' title='bbox 1264 1377 1342 1433; x_wconf 83' lang='grc' dir='ltr'><em>ἐμέ</em></span> <span class='ocrx_word' id='word_1_83' title='bbox 1369 1393 1414 1420; x_wconf 90' lang='grc' dir='ltr'><em>τε</em></span> <span class='ocrx_word' id='word_1_84' title='bbox 1445 1376 1518 1420; x_wconf 84' lang='grc' dir='ltr'><em>καὶ</em></span> 
     </span>
     <span class='ocr_line' id='line_1_17' title="bbox 453 1448 1001 1506; baseline 0 -14"><span class='ocrx_word' id='word_1_85' title='bbox 453 1463 474 1492; x_wconf 80' lang='lat'>5</span> <span class='ocrx_word' id='word_1_86' title='bbox 494 1451 574 1505; x_wconf 88' lang='grc' dir='ltr'><em>τὴν</em></span> <span class='ocrx_word' id='word_1_87' title='bbox 606 1448 756 1506; x_wconf 77' lang='grc' dir='ltr'><em>μητέρ’</em></span> <span class='ocrx_word' id='word_1_88' title='bbox 794 1452 906 1504; x_wconf 86' lang='grc' dir='ltr'><em>ἔγνω</em></span> <span class='ocrx_word' id='word_1_89' title='bbox 939 1449 1001 1505; x_wconf 88' lang='grc' dir='ltr'><em>μ’.</em></span> 
     </span>
    </p>

    <p class='ocr_par' dir='ltr' id='par_1_10' title="bbox 269 1535 1848 2418">
     <span class='ocr_line' id='line_1_18' title="bbox 397 1535 1846 1588; baseline -0.001 -12"><span class='ocrx_word' id='word_1_90' title='bbox 397 1537 668 1588; x_wconf 83' lang='lat' dir='ltr'>Hermogenes</span> <span class='ocrx_word' id='word_1_91' title='bbox 707 1538 764 1575; x_wconf 94' lang='lat' dir='ltr'><em>De</em></span> <span class='ocrx_word' id='word_1_92' title='bbox 803 1538 881 1576; x_wconf 86' lang='lat' dir='ltr'>inv.</span> <span class='ocrx_word' id='word_1_93' title='bbox 914 1539 959 1587; x_wconf 86' lang='lat'><em>4,</em></span> <span class='ocrx_word' id='word_1_94' title='bbox 1001 1540 1049 1576; x_wconf 88' lang='lat'><em>11</em></span> <span class='ocrx_word' id='word_1_95' title='bbox 1084 1551 1121 1587; x_wconf 88' lang='lat' dir='ltr'><em>p.</em></span> <span class='ocrx_word' id='word_1_96' title='bbox 1158 1538 1238 1576; x_wconf 84' lang='lat'><em>177</em></span> <span class='ocrx_word' id='word_1_97' title='bbox 1267 1536 1392 1575; x_wconf 82' lang='lat' dir='ltr'>Walz.</span> <span class='ocrx_word' id='word_1_98' title='bbox 1446 1537 1545 1586; x_wconf 88' lang='lat'>255,</span> <span class='ocrx_word' id='word_1_99' title='bbox 1581 1537 1635 1574; x_wconf 86' lang='lat'><em>28</em></span> <span class='ocrx_word' id='word_1_100' title='bbox 1664 1535 1846 1587; x_wconf 84' lang='lat' dir='ltr'>Spengel.</span> 
     </span>
     <span class='ocr_line' id='line_1_19' title="bbox 281 1589 1848 1652; baseline 0 -18"><span class='ocrx_word' id='word_1_101' title='bbox 281 1595 382 1635; x_wconf 78' lang='grc' dir='ltr'><em>ὅπου</em></span> <span class='ocrx_word' id='word_1_102' title='bbox 410 1593 445 1634; x_wconf 82' lang='grc' dir='ltr'><em>δ’</em></span> <span class='ocrx_word' id='word_1_103' title='bbox 475 1594 526 1635; x_wconf 70' lang='grc' dir='ltr'><em>ἂν</em></span> <span class='ocrx_word' id='word_1_104' title='bbox 552 1594 572 1635; x_wconf 87' lang='grc' dir='ltr'><em>ὃ</em></span> <span class='ocrx_word' id='word_1_105' title='bbox 598 1602 695 1644; x_wconf 83' lang='grc' dir='ltr'><em>νοῦς</em></span> <span class='ocrx_word' id='word_1_106' title='bbox 727 1595 882 1648; x_wconf 85' lang='grc' dir='ltr'><em>αἰσχρὸς</em></span> <span class='ocrx_word' id='word_1_107' title='bbox 907 1589 947 1652; x_wconf 77' lang='grc' dir='ltr'><em>ᾗ,</em></span> <span class='ocrx_word' id='word_1_108' title='bbox 968 1595 1059 1635; x_wconf 72' lang='grc' dir='ltr'><em>’τότε</em></span> <span class='ocrx_word' id='word_1_109' title='bbox 1079 1595 1186 1648; x_wconf 84' lang='grc' dir='ltr'><em>χρεία</em></span> <span class='ocrx_word' id='word_1_110' title='bbox 1210 1601 1279 1647; x_wconf 82' lang='grc' dir='ltr'><em>τῆς</em></span> <span class='ocrx_word' id='word_1_111' title='bbox 1306 1594 1538 1646; x_wconf 88' lang='grc' dir='ltr'><em>σεμνότητος</em></span> <span class='ocrx_word' id='word_1_112' title='bbox 1563 1599 1633 1634; x_wconf 82' lang='grc' dir='ltr'><em>τοῦ</em></span> <span class='ocrx_word' id='word_1_113' title='bbox 1658 1593 1848 1646; x_wconf 81' lang='grc' dir='ltr'><em>λόγου...</em></span> 
     </span>
     <span class='ocr_line' id='line_1_20' title="bbox 279 1653 1848 1712; baseline -0.001 -18"><span class='ocrx_word' id='word_1_114' title='bbox 279 1653 332 1702; x_wconf 82' lang='grc' dir='ltr'><em>ὡς</em></span> <span class='ocrx_word' id='word_1_115' title='bbox 363 1654 470 1707; x_wconf 77' lang='grc' dir='ltr'><em>παρὰ</em></span> <span class='ocrx_word' id='word_1_116' title='bbox 500 1658 552 1711; x_wconf 79' lang='grc' dir='ltr'><em>τῷ</em></span> <span class='ocrx_word' id='word_1_117' title='bbox 579 1656 819 1712; x_wconf 74' lang='grc' dir='ltr'><em>Μενάνδρῳ.</em></span> <span class='ocrx_word' id='word_1_118' title='bbox 887 1654 1122 1707; x_wconf 81' lang='grc' dir='ltr'><em>πυθομένου</em></span> <span class='ocrx_word' id='word_1_119' title='bbox 1154 1655 1228 1708; x_wconf 82' lang='grc' dir='ltr'><em>γάρ</em></span> <span class='ocrx_word' id='word_1_120' title='bbox 1266 1670 1371 1702; x_wconf 87' lang='grc' dir='ltr'><em>τινος</em></span> <span class='ocrx_word' id='word_1_121' title='bbox 1408 1654 1528 1707; x_wconf 81' lang='grc' dir='ltr'><em>κόρης</em></span> <span class='ocrx_word' id='word_1_122' title='bbox 1563 1660 1647 1701; x_wconf 88' lang='grc' dir='ltr'><em>πῶς</em></span> <span class='ocrx_word' id='word_1_123' title='bbox 1678 1653 1737 1705; x_wconf 85' lang='grc' dir='ltr'><em>εἴη</em></span> <span class='ocrx_word' id='word_1_124' title='bbox 1771 1654 1848 1693; x_wconf 83' lang='grc' dir='ltr'><em>διε-</em></span> 
     </span>
     <span class='ocr_line' id='line_1_21' title="bbox 280 1711 1847 1768; baseline -0.001 -14"><span class='ocrx_word' id='word_1_125' title='bbox 280 1713 510 1766; x_wconf 83' lang='grc' dir='ltr'><em>φθαρμένη,</em></span> <span class='ocrx_word' id='word_1_126' title='bbox 542 1721 692 1766; x_wconf 79' lang='grc' dir='ltr'><em>σεμνῶς</em></span> <span class='ocrx_word' id='word_1_127' title='bbox 717 1714 950 1768; x_wconf 79' lang='grc' dir='ltr'><em>ἀφηγήσατο</em></span> <span class='ocrx_word' id='word_1_128' title='bbox 981 1721 1141 1767; x_wconf 83' lang='grc' dir='ltr'><em>πρᾶγμα</em></span> <span class='ocrx_word' id='word_1_129' title='bbox 1167 1713 1326 1766; x_wconf 86' lang='grc' dir='ltr'><em>αἰσχρὸν</em></span> <span class='ocrx_word' id='word_1_130' title='bbox 1345 1711 1510 1765; x_wconf 83' lang='grc' dir='ltr'><em>ὀνόμασι</em></span> <span class='ocrx_word' id='word_1_131' title='bbox 1536 1713 1746 1765; x_wconf 86' lang='grc' dir='ltr'><em>βελτίστοις</em></span> <span class='ocrx_word' id='word_1_132' title='bbox 1769 1715 1847 1753; x_wconf 85' lang='grc' dir='ltr'><em>κτλ.</em></span> 
     </span>
     <span class='ocr_line' id='line_1_22' title="bbox 278 1770 1848 1827; baseline 0 -15"><span class='ocrx_word' id='word_1_133' title='bbox 278 1773 319 1813; x_wconf 90' lang='grc' dir='ltr'><em>τὸ</em></span> <span class='ocrx_word' id='word_1_134' title='bbox 351 1773 424 1827; x_wconf 81' lang='grc' dir='ltr'><em>γὰρ</em></span> <span class='ocrx_word' id='word_1_135' title='bbox 457 1774 707 1827; x_wconf 80' lang='grc' dir='ltr'><em>διεφθάρθαι</em></span> <span class='ocrx_word' id='word_1_136' title='bbox 742 1773 809 1814; x_wconf 84' lang='grc' dir='ltr'><em>καὶ</em></span> <span class='ocrx_word' id='word_1_137' title='bbox 843 1774 1035 1826; x_wconf 81' lang='grc' dir='ltr'><em>ὑβρίσθαι</em></span> <span class='ocrx_word' id='word_1_138' title='bbox 1072 1779 1222 1825; x_wconf 86' lang='grc' dir='ltr'><em>σεμνῶς</em></span> <span class='ocrx_word' id='word_1_139' title='bbox 1245 1771 1363 1827; x_wconf 53' lang='grc' dir='ltr'><em>εἔγνω</em></span> <span class='ocrx_word' id='word_1_140' title='bbox 1396 1770 1455 1825; x_wconf 81' lang='grc' dir='ltr'><em>με’</em></span> <span class='ocrx_word' id='word_1_141' title='bbox 1498 1771 1620 1812; x_wconf 84' lang='grc' dir='ltr'><em>εἰπὼν</em></span> <span class='ocrx_word' id='word_1_142' title='bbox 1659 1771 1848 1824; x_wconf 81' lang='grc' dir='ltr'><em>ἐκόσμησε</em></span> 
     </span>
     <span class='ocr_line' id='line_1_23' title="bbox 277 1831 1844 1890; baseline 0 -19"><span class='ocrx_word' id='word_1_143' title='bbox 277 1839 438 1886; x_wconf 81' lang='grc' dir='ltr'><em>πρᾶγμα</em></span> <span class='ocrx_word' id='word_1_144' title='bbox 469 1832 628 1887; x_wconf 86' lang='grc' dir='ltr'><em>αἰσχρὸν</em></span> <span class='ocrx_word' id='word_1_145' title='bbox 667 1832 876 1890; x_wconf 72' lang='grc' dir='ltr'><em>σεμνοτέρα</em></span> <span class='ocrx_word' id='word_1_146' title='bbox 913 1833 1032 1887; x_wconf 91' lang='grc' dir='ltr'><em>λόγου</em></span> <span class='ocrx_word' id='word_1_147' title='bbox 1071 1831 1267 1873; x_wconf 83' lang='grc' dir='ltr'><em>συνθέσει.</em></span> <span class='ocrx_word' id='word_1_148' title='bbox 1318 1834 1488 1872; x_wconf 73' lang='lat' dir='ltr'>Plautus</span> <span class='ocrx_word' id='word_1_149' title='bbox 1519 1833 1614 1872; x_wconf 76' lang='lat' dir='ltr'>Oist.</span> <span class='ocrx_word' id='word_1_150' title='bbox 1651 1835 1687 1881; x_wconf 89' lang='lat'><em>1,</em></span> <span class='ocrx_word' id='word_1_151' title='bbox 1722 1835 1758 1882; x_wconf 93' lang='lat'><em>1,</em></span> <span class='ocrx_word' id='word_1_152' title='bbox 1791 1834 1844 1872; x_wconf 84' lang='lat'><em>91</em></span> 
     </span>
     <span class='ocr_line' id='line_1_24' title="bbox 269 1889 1844 1943; baseline -0.001 -11"><span class='ocrx_word' id='word_1_153' title='bbox 269 1906 346 1942; x_wconf 72' lang='lat' dir='ltr'><em>per</em></span> <span class='ocrx_word' id='word_1_154' title='bbox 370 1889 562 1942; x_wconf 56' lang='lat' dir='ltr'><em>Dionysia</em></span> <span class='ocrx_word' id='word_1_155' title='bbox 586 1895 708 1933; x_wconf 73' lang='lat' dir='ltr'><em>mdter</em></span> <span class='ocrx_word' id='word_1_156' title='bbox 731 1907 920 1943; x_wconf 71' lang='lat' dir='ltr'><em>pompam</em></span> <span class='ocrx_word' id='word_1_157' title='bbox 949 1894 1013 1933; x_wconf 79' lang='lat' dir='ltr'><em>me&#39;</em></span> <span class='ocrx_word' id='word_1_158' title='bbox 1033 1897 1243 1943; x_wconf 73' lang='lat' dir='ltr'><em>spectatum</em></span> <span class='ocrx_word' id='word_1_159' title='bbox 1268 1895 1389 1933; x_wconf 58' lang='lat' dir='ltr'><em>(laxit.</em></span> <span class='ocrx_word' id='word_1_160' title='bbox 1437 1894 1530 1932; x_wconf 78' lang='lat' dir='ltr'><em>dum</em></span> <span class='ocrx_word' id='word_1_161' title='bbox 1553 1893 1664 1931; x_wconf 83' lang='lat' dir='ltr'>redeo&#39;</span> <span class='ocrx_word' id='word_1_162' title='bbox 1689 1893 1844 1931; x_wconf 79' lang='lat' dir='ltr'><strong><em>domum</em></strong></span> 
     </span>
     <span class='ocr_line' id='line_1_25' title="bbox 278 1953 1847 2002; baseline 0 -11"><span class='ocrx_word' id='word_1_163' title='bbox 278 1953 495 2001; x_wconf 71' lang='lat' dir='ltr'><em>co&#39;nspicillo</em></span> <span class='ocrx_word' id='word_1_164' title='bbox 533 1954 769 1993; x_wconf 68' lang='grc' dir='ltr'><em>οόκεεοκίιιεέ</em></span> <span class='ocrx_word' id='word_1_165' title='bbox 805 1955 1022 1993; x_wconf 74' lang='lat' dir='ltr'><em>cldnculum</em></span> <span class='ocrx_word' id='word_1_166' title='bbox 1057 1965 1117 1992; x_wconf 81' lang='lat' dir='ltr'><em>me</em></span> <span class='ocrx_word' id='word_1_167' title='bbox 1146 1965 1266 2002; x_wconf 76' lang='lat' dir='ltr'>usque</span> <span class='ocrx_word' id='word_1_168' title='bbox 1297 1954 1350 1992; x_wconf 74' lang='grc' dir='ltr'><em>άιῐ</em></span> <span class='ocrx_word' id='word_1_169' title='bbox 1379 1954 1488 2002; x_wconf 74' lang='lat' dir='ltr'>foris.</span> <span class='ocrx_word' id='word_1_170' title='bbox 1549 1953 1639 1991; x_wconf 74' lang='lat' dir='ltr'><em>inde</em></span> <span class='ocrx_word' id='word_1_171' title='bbox 1676 1953 1720 1991; x_wconf 76' lang='lat' dir='ltr'><em>in</em></span> <span class='ocrx_word' id='word_1_172' title='bbox 1750 1953 1847 1991; x_wconf 73' lang='lat' dir='ltr'><em>ami-</em></span> 
     </span>
     <span class='ocr_line' id='line_1_26' title="bbox 277 2011 1847 2058; baseline 0 -7"><span class='ocrx_word' id='word_1_173' title='bbox 277 2014 408 2051; x_wconf 75' lang='lat' dir='ltr'><em>citiam</em></span> <span class='ocrx_word' id='word_1_174' title='bbox 437 2014 655 2053; x_wconf 70' lang='lat' dir='ltr'><em>insinuavit</em></span> <span class='ocrx_word' id='word_1_175' title='bbox 691 2015 776 2053; x_wconf 79' lang='lat' dir='ltr'><em>cu&#39;m</em></span> <span class='ocrx_word' id='word_1_176' title='bbox 811 2017 935 2052; x_wconf 71' lang='lat' dir='ltr'><em>matre</em></span> <span class='ocrx_word' id='word_1_177' title='bbox 966 2017 1001 2052; x_wconf 77' lang='lat' dir='ltr'><em>et</em></span> <span class='ocrx_word' id='word_1_178' title='bbox 1029 2014 1176 2052; x_wconf 60' lang='lat' dir='ltr'>mecum</span> <span class='ocrx_word' id='word_1_179' title='bbox 1206 2014 1341 2058; x_wconf 76' lang='lat' dir='ltr'><em>simul,</em></span> <span class='ocrx_word' id='word_1_180' title='bbox 1372 2013 1581 2056; x_wconf 64' lang='lat' dir='ltr'><em>blanditiis,</em></span> <span class='ocrx_word' id='word_1_181' title='bbox 1611 2011 1847 2056; x_wconf 55' lang='lat' dir='ltr'><em>muneribus,</em></span> 
     </span>
     <span class='ocr_line' id='line_1_27' title="bbox 277 2066 1847 2123; baseline -0.001 -13"><span class='ocrx_word' id='word_1_182' title='bbox 277 2073 398 2111; x_wconf 78' lang='lat' dir='ltr'>donis.</span> <span class='ocrx_word' id='word_1_183' title='bbox 463 2074 500 2110; x_wconf 90' lang='lat'>1.</span> <span class='ocrx_word' id='word_1_184' title='bbox 532 2069 604 2122; x_wconf 80' lang='grc' dir='ltr'><em>μὲν</em></span> <span class='ocrx_word' id='word_1_185' title='bbox 636 2073 725 2111; x_wconf 83' lang='lat' dir='ltr'>add.</span> <span class='ocrx_word' id='word_1_186' title='bbox 759 2074 877 2112; x_wconf 90' lang='lat' dir='ltr'>Dobr.</span> <span class='ocrx_word' id='word_1_187' title='bbox 940 2073 1111 2112; x_wconf 74' lang='lat' dir='ltr'>fortasse</span> <span class='ocrx_word' id='word_1_188' title='bbox 1142 2066 1194 2123; x_wconf 76' lang='grc' dir='ltr'><em>ἦν</em></span> <span class='ocrx_word' id='word_1_189' title='bbox 1226 2071 1465 2111; x_wconf 89' lang='grc' dir='ltr'><em>Διονυσίων.</em></span> <span class='ocrx_word' id='word_1_190' title='bbox 1534 2073 1572 2110; x_wconf 87' lang='grc'><em>2.</em></span> <span class='ocrx_word' id='word_1_191' title='bbox 1602 2069 1757 2122; x_wconf 79' lang='grc' dir='ltr'><em>πομπή·</em></span> <span class='ocrx_word' id='word_1_192' title='bbox 1785 2066 1847 2109; x_wconf 84' lang='grc' dir='ltr'><em>’πὶ</em></span> 
     </span>
     <span class='ocr_line' id='line_1_28' title="bbox 276 2128 1846 2184; baseline 0 -15"><span class='ocrx_word' id='word_1_193' title='bbox 276 2129 349 2181; x_wconf 77' lang='grc' dir='ltr'><em>τὴν</em></span> <span class='ocrx_word' id='word_1_194' title='bbox 380 2129 482 2170; x_wconf 87' lang='grc' dir='ltr'><em>θέαν</em></span> <span class='ocrx_word' id='word_1_195' title='bbox 514 2129 556 2170; x_wconf 79' lang='grc' dir='ltr'><em>δὲ</em></span> <span class='ocrx_word' id='word_1_196' title='bbox 587 2131 713 2184; x_wconf 82' lang='grc' dir='ltr'><em>μήτηρ</em></span> <span class='ocrx_word' id='word_1_197' title='bbox 745 2128 785 2182; x_wconf 84' lang='grc' dir='ltr'><em>μ’</em></span> <span class='ocrx_word' id='word_1_198' title='bbox 820 2130 966 2184; x_wconf 75' lang='grc' dir='ltr'><em>ἤγαγεν</em></span> <span class='ocrx_word' id='word_1_199' title='bbox 999 2145 1046 2170; x_wconf 85' lang='lat' dir='ltr'><em>ex</em></span> <span class='ocrx_word' id='word_1_200' title='bbox 1080 2133 1221 2170; x_wconf 76' lang='lat' dir='ltr'>Plauto</span> <span class='ocrx_word' id='word_1_201' title='bbox 1249 2131 1452 2182; x_wconf 78' lang='lat' dir='ltr'>Herwerd.</span> <span class='ocrx_word' id='word_1_202' title='bbox 1473 2131 1615 2170; x_wconf 88' lang='lat' dir='ltr'>Mnem.</span> <span class='ocrx_word' id='word_1_203' title='bbox 1635 2143 1673 2169; x_wconf 92' lang='lat' dir='ltr'>n.</span> <span class='ocrx_word' id='word_1_204' title='bbox 1693 2129 1751 2168; x_wconf 86' lang='lat' dir='ltr'><em>VI</em></span> <span class='ocrx_word' id='word_1_205' title='bbox 1779 2131 1846 2169; x_wconf 81' lang='lat'><em>77.</em></span> 
     </span>
     <span class='ocr_line' id='line_1_29' title="bbox 278 2186 1846 2242; baseline -0.002 -12"><span class='ocrx_word' id='word_1_206' title='bbox 278 2192 316 2230; x_wconf 89' lang='grc'><em>3.</em></span> <span class='ocrx_word' id='word_1_207' title='bbox 349 2205 394 2241; x_wconf 89' lang='grc' dir='ltr'><em>με</em></span> <span class='ocrx_word' id='word_1_208' title='bbox 426 2190 563 2240; x_wconf 83' lang='lat' dir='ltr'>Vind.]</span> <span class='ocrx_word' id='word_1_209' title='bbox 599 2206 675 2242; x_wconf 93' lang='grc' dir='ltr'><em>μοι.</em></span> <span class='ocrx_word' id='word_1_210' title='bbox 725 2189 1002 2242; x_wconf 80' lang='grc' dir='ltr'><em>ἠκολούθησεν</em></span> <span class='ocrx_word' id='word_1_211' title='bbox 1033 2192 1154 2230; x_wconf 89' lang='lat' dir='ltr'>Dobr.</span> <span class='ocrx_word' id='word_1_212' title='bbox 1175 2191 1276 2230; x_wconf 83' lang='lat' dir='ltr'>Adv.</span> <span class='ocrx_word' id='word_1_213' title='bbox 1307 2191 1348 2230; x_wconf 88' lang='lat' dir='ltr'><em>II</em></span> <span class='ocrx_word' id='word_1_214' title='bbox 1381 2189 1484 2239; x_wconf 83' lang='lat'><em>285]</em></span> <span class='ocrx_word' id='word_1_215' title='bbox 1522 2187 1784 2240; x_wconf 81' lang='grc' dir='ltr'><em>ἠκολούθησε.</em></span> <span class='ocrx_word' id='word_1_216' title='bbox 1824 2186 1846 2228; x_wconf 78' lang='grc' dir='ltr'><strong>ὁ</strong></span> 
     </span>
     <span class='ocr_line' id='line_1_30' title="bbox 278 2244 1843 2301; baseline -0.001 -13"><span class='ocrx_word' id='word_1_217' title='bbox 278 2246 315 2288; x_wconf 80' lang='grc' dir='ltr'><em>δ’</em></span> <span class='ocrx_word' id='word_1_218' title='bbox 351 2249 676 2301; x_wconf 83' lang='grc' dir='ltr'><em>ἐπηκολούθησεν</em></span> <span class='ocrx_word' id='word_1_219' title='bbox 706 2251 944 2301; x_wconf 85' lang='lat' dir='ltr'>Bernhardy</span> <span class='ocrx_word' id='word_1_220' title='bbox 970 2250 1082 2301; x_wconf 69' lang='lat' dir='ltr'>Synt.</span> <span class='ocrx_word' id='word_1_221' title='bbox 1110 2252 1177 2289; x_wconf 89' lang='grc'><em>98.</em></span> <span class='ocrx_word' id='word_1_222' title='bbox 1228 2248 1248 2289; x_wconf 88' lang='grc' dir='ltr'>ὀ</span> <span class='ocrx_word' id='word_1_223' title='bbox 1275 2246 1311 2288; x_wconf 82' lang='grc' dir='ltr'><em>δ’</em></span> <span class='ocrx_word' id='word_1_224' title='bbox 1346 2247 1623 2300; x_wconf 74' lang='grc' dir='ltr'><em>ἠκολούθησεν</em></span> <span class='ocrx_word' id='word_1_225' title='bbox 1654 2249 1719 2288; x_wconf 87' lang='lat' dir='ltr'><em>vel</em></span> <span class='ocrx_word' id='word_1_226' title='bbox 1750 2245 1771 2287; x_wconf 84' lang='grc' dir='ltr'><em>ὅ</em></span> <span class='ocrx_word' id='word_1_227' title='bbox 1803 2244 1843 2286; x_wconf 82' lang='grc' dir='ltr'><em>δ’</em></span> 
     </span>
     <span class='ocr_line' id='line_1_31' title="bbox 275 2306 1843 2361; baseline -0.001 -13"><span class='ocrx_word' id='word_1_228' title='bbox 275 2306 492 2360; x_wconf 84' lang='grc' dir='ltr'><em>ἠκολούθει</em></span> <span class='ocrx_word' id='word_1_229' title='bbox 528 2324 596 2360; x_wconf 92' lang='grc' dir='ltr'><em>μοι</em></span> <span class='ocrx_word' id='word_1_230' title='bbox 634 2310 837 2350; x_wconf 80' lang='lat' dir='ltr'>Herwerd.</span> <span class='ocrx_word' id='word_1_231' title='bbox 912 2312 949 2349; x_wconf 87' lang='grc'><em>4.</em></span> <span class='ocrx_word' id='word_1_232' title='bbox 983 2308 1049 2361; x_wconf 82' lang='grc' dir='ltr'><em>ἐμέ</em></span> <span class='ocrx_word' id='word_1_233' title='bbox 1079 2323 1117 2348; x_wconf 87' lang='grc' dir='ltr'><em>τε</em></span> <span class='ocrx_word' id='word_1_234' title='bbox 1148 2307 1214 2348; x_wconf 84' lang='grc' dir='ltr'><em>καὶ</em></span> <span class='ocrx_word' id='word_1_235' title='bbox 1245 2310 1334 2350; x_wconf 79' lang='lat' dir='ltr'>add.</span> <span class='ocrx_word' id='word_1_236' title='bbox 1365 2309 1485 2348; x_wconf 87' lang='lat' dir='ltr'>Dobr.</span> <span class='ocrx_word' id='word_1_237' title='bbox 1561 2309 1599 2347; x_wconf 89' lang='lat'><em>5.</em></span> <span class='ocrx_word' id='word_1_238' title='bbox 1636 2306 1843 2361; x_wconf 87' lang='grc' dir='ltr'><em>γινώσκειν</em></span> 
     </span>
     <span class='ocr_line' id='line_1_32' title="bbox 276 2369 686 2418; baseline 0.002 -11"><span class='ocrx_word' id='word_1_239' title='bbox 276 2371 325 2407; x_wconf 74' lang='lat' dir='ltr'><em>ut</em></span> <span class='ocrx_word' id='word_1_240' title='bbox 356 2369 424 2408; x_wconf 75' lang='lat' dir='ltr'>lat.</span> <span class='ocrx_word' id='word_1_241' title='bbox 458 2381 686 2418; x_wconf 72' lang='lat' dir='ltr'>cogmoscere.</span> 
     </span>
    </p>
   </div>
   <div class='ocr_carea' id='block_1_8' title="bbox 490 2471 1480 2826">
    <p class='ocr_par' dir='ltr' id='par_1_11' title="bbox 490 2471 1480 2826">
     <span class='ocr_line' id='line_1_33' title="bbox 1022 2471 1107 2514; baseline -0.012 0"><span class='ocrx_word' id='word_1_242' title='bbox 1022 2471 1107 2514; x_wconf 83' lang='lat'><em>559</em></span> 
     </span>
     <span class='ocr_line' id='line_1_34' title="bbox 492 2555 1428 2613; baseline -0.002 -15"><span class='ocrx_word' id='word_1_243' title='bbox 492 2556 632 2611; x_wconf 85' lang='grc' dir='ltr'><em>λύπης</em></span> <span class='ocrx_word' id='word_1_244' title='bbox 664 2557 812 2613; x_wconf 80' lang='grc' dir='ltr'><em>ἰατρός</em></span> <span class='ocrx_word' id='word_1_245' title='bbox 843 2555 963 2598; x_wconf 82' lang='grc' dir='ltr'><em>ἐστιν</em></span> <span class='ocrx_word' id='word_1_246' title='bbox 995 2555 1250 2611; x_wconf 85' lang='grc' dir='ltr'><em>ἀνθρώποις</em></span> <span class='ocrx_word' id='word_1_247' title='bbox 1281 2555 1428 2608; x_wconf 88' lang='grc' dir='ltr'><em>λόγος·</em></span> 
     </span>
     <span class='ocr_line' id='line_1_35' title="bbox 490 2624 1480 2683; baseline -0.003 -14"><span class='ocrx_word' id='word_1_248' title='bbox 490 2634 632 2683; x_wconf 82' lang='grc' dir='ltr'><em>ψυχῆς</em></span> <span class='ocrx_word' id='word_1_249' title='bbox 663 2628 747 2683; x_wconf 79' lang='grc' dir='ltr'><em>γὰρ</em></span> <span class='ocrx_word' id='word_1_250' title='bbox 779 2624 910 2677; x_wconf 84' lang='grc' dir='ltr'><em>οὗτος</em></span> <span class='ocrx_word' id='word_1_251' title='bbox 939 2628 1075 2683; x_wconf 87' lang='grc' dir='ltr'><em>μόνος</em></span> <span class='ocrx_word' id='word_1_252' title='bbox 1107 2627 1194 2682; x_wconf 83' lang='grc' dir='ltr'><em>ἔχει</em></span> <span class='ocrx_word' id='word_1_253' title='bbox 1223 2626 1480 2681; x_wconf 86' lang='grc' dir='ltr'><em>θελκτήρια·</em></span> 
     </span>
     <span class='ocr_line' id='line_1_36' title="bbox 491 2695 1440 2752; baseline -0.002 -12"><span class='ocrx_word' id='word_1_254' title='bbox 491 2697 670 2752; x_wconf 81' lang='grc' dir='ltr'><em>λέγουσι</em></span> <span class='ocrx_word' id='word_1_255' title='bbox 703 2697 741 2740; x_wconf 82' lang='grc' dir='ltr'><em>δ’</em></span> <span class='ocrx_word' id='word_1_256' title='bbox 780 2698 917 2740; x_wconf 85' lang='grc' dir='ltr'><em>αὐτὸν</em></span> <span class='ocrx_word' id='word_1_257' title='bbox 949 2698 996 2740; x_wconf 80' lang='lat' dir='ltr'><em>oc</em></span> <span class='ocrx_word' id='word_1_258' title='bbox 1022 2697 1158 2740; x_wconf 79' lang='grc' dir='ltr'><em>πάλαι</em></span> <span class='ocrx_word' id='word_1_259' title='bbox 1189 2695 1440 2751; x_wconf 84' lang='grc' dir='ltr'><em>σοφώτατοι</em></span> 
     </span>
     <span class='ocr_line' id='line_1_37' title="bbox 491 2766 1089 2826; baseline 0 -15"><span class='ocrx_word' id='word_1_260' title='bbox 491 2769 667 2813; x_wconf 82' lang='grc' dir='ltr'><em>ἀστεῖον</em></span> <span class='ocrx_word' id='word_1_261' title='bbox 698 2766 813 2812; x_wconf 80' lang='grc' dir='ltr'><em>εἶναι</em></span> <span class='ocrx_word' id='word_1_262' title='bbox 844 2769 1089 2826; x_wconf 74' lang='grc' dir='ltr'><em>φάρμακον.</em></span> 
     </span>
    </p>
   </div>
   <div class='ocr_carea' id='block_1_9' title="bbox 281 2850 1842 2969">
    <p class='ocr_par' dir='ltr' id='par_1_12' title="bbox 281 2850 1842 2969">
     <span class='ocr_line' id='line_1_38' title="bbox 397 2850 1842 2906; baseline -0.001 -12"><span class='ocrx_word' id='word_1_263' title='bbox 397 2856 578 2906; x_wconf 83' lang='lat' dir='ltr'>Compar.</span> <span class='ocrx_word' id='word_1_264' title='bbox 611 2857 713 2896; x_wconf 89' lang='lat' dir='ltr'>Men.</span> <span class='ocrx_word' id='word_1_265' title='bbox 747 2858 787 2895; x_wconf 67' lang='lat' dir='ltr'><em>eb</em></span> <span class='ocrx_word' id='word_1_266' title='bbox 806 2856 907 2895; x_wconf 88' lang='lat' dir='ltr'>Phil.</span> <span class='ocrx_word' id='word_1_267' title='bbox 932 2857 1015 2895; x_wconf 89' lang='grc'><em>362</em></span> <span class='ocrx_word' id='word_1_268' title='bbox 1048 2851 1290 2906; x_wconf 84' lang='grc' dir='ltr'><em>Μένανδρος</em></span> <span class='ocrx_word' id='word_1_269' title='bbox 1321 2853 1409 2904; x_wconf 84' lang='grc' dir='ltr'><em>περὶ</em></span> <span class='ocrx_word' id='word_1_270' title='bbox 1439 2853 1556 2906; x_wconf 90' lang='grc' dir='ltr'><em>λόγου</em></span> <span class='ocrx_word' id='word_1_271' title='bbox 1576 2850 1842 2906; x_wconf 74' lang='lat' dir='ltr'>(studemund</span> 
     </span>
     <span class='ocr_line' id='line_1_39' title="bbox 281 2910 1842 2969; baseline -0.003 -12"><span class='ocrx_word' id='word_1_272' title='bbox 281 2917 363 2957; x_wconf 88' lang='grc'><em>182</em></span> <span class='ocrx_word' id='word_1_273' title='bbox 380 2928 435 2966; x_wconf 87' lang='lat' dir='ltr'>sq.</span> <span class='ocrx_word' id='word_1_274' title='bbox 463 2930 498 2966; x_wconf 88' lang='lat' dir='ltr'>p.</span> <span class='ocrx_word' id='word_1_275' title='bbox 534 2910 621 2969; x_wconf 82' lang='lat'>32).</span> <span class='ocrx_word' id='word_1_276' title='bbox 682 2929 718 2955; x_wconf 86' lang='lat' dir='ltr'>v.</span> <span class='ocrx_word' id='word_1_277' title='bbox 756 2920 790 2954; x_wconf 92' lang='lat'>1.</span> <span class='ocrx_word' id='word_1_278' title='bbox 825 2918 848 2954; x_wconf 88' lang='lat'>2</span> <span class='ocrx_word' id='word_1_279' title='bbox 891 2915 1020 2955; x_wconf 79' lang='lat' dir='ltr'>Schol.</span> <span class='ocrx_word' id='word_1_280' title='bbox 1052 2914 1193 2953; x_wconf 74' lang='lat' dir='ltr'>Venet.</span> <span class='ocrx_word' id='word_1_281' title='bbox 1223 2914 1338 2953; x_wconf 90' lang='lat' dir='ltr'>Hom.</span> <span class='ocrx_word' id='word_1_282' title='bbox 1370 2914 1416 2952; x_wconf 92' lang='lat' dir='ltr'>Il.</span> <span class='ocrx_word' id='word_1_283' title='bbox 1453 2916 1518 2964; x_wconf 86' lang='lat'><em>15,</em></span> <span class='ocrx_word' id='word_1_284' title='bbox 1551 2914 1634 2953; x_wconf 87' lang='grc'><em>393</em></span> <span class='ocrx_word' id='word_1_285' title='bbox 1676 2910 1842 2953; x_wconf 84' lang='grc' dir='ltr'><em>Μέναν-</em></span> 
     </span>
    </p>
   </div>
   <div class='ocr_carea' id='block_1_10' title="bbox 1969 2450 2014 3334">
    <p class='ocr_par' dir='ltr' id='par_1_13' title="bbox 1969 2450 2014 3334">
     <span class='ocr_line' id='line_1_40' title="bbox 1969 2450 2014 3334; baseline 0 0"><span class='ocrx_word' id='word_1_286' title='bbox 1969 2450 2014 3334; x_wconf 95' lang='lat' dir='ltr'><em> </em></span> 
     </span>
    </p>
   </div>
  </div>
 </body>
</html>
