2014 3334
796 234 1005 271 ΑΔΗΛῼΝ
1029 235 1291 271 ΔΡΑΜΑΤῼΝ
1743 234 1828 276 347

369 346 604 388 Athenaeus
639 350 677 399 1,
709 348 800 388 32b
837 347 1006 400 μυρίνης
1043 345 1086 388 δὲ
1123 342 1233 396 οἶνος
1275 351 1397 388 κεῖται
1434 346 1539 401 παρὰ
1572 346 1831 404 Ποσειδίππῳ

250 410 330 448 κτλ.
392 407 516 460 δίψης
545 406 700 461 ἀρωγὸς
730 408 936 448 Horwerd.
966 408 1068 448 Nov.
1096 408 1186 449 add.
1217 408 1305 448 crit.
1337 410 1404 449 45.
1440 410 1478 460 6,
1510 408 1672 448 minime
1704 404 1831 459 ‘inge-

247 463 391 519 niose’,
421 469 468 509 ut
499 468 704 509 iudicabat
729 468 848 508 Mein.
869 468 987 508 Anal.
1006 468 1102 508 Ath2
1132 470 1198 518 16,
1231 482 1476 520 quamquam
1500 469 1720 520 Antiphan.
1746 469 1831 508 150

249 527 398 579 δίψους
415 525 584 582 ἀρωγόν.
632 525 780 576 ἄποτος
799 527 957 568 Goraes.
1007 528 1177 582 μυρίνης
1196 527 1326 578 Pors.]
1359 528 1565 582 μυρρίνης.
1615 528 1831 580 efiDiphil.

251 590 323 640 17,
358 590 424 629 10.
492 588 749 628 scribendum
791 588 952 629 videtur
994 587 1252 644 λιψουρὸς
1295 586 1496 637 ἀτόπως
1540 589 1642 629 conl.
1686 588 1830 629 Aesch-

247 647 423 700 Choeph.
457 649 554 689 756.
605 646 780 688 ‘urinam
812 645 920 690 ciet'.

1011 741 1069 785 35

366 827 663 879 Harpocration
685 829 753 878 98,
775 831 800 869 8
837 825 911 880 τὴν
941 827 1132 882 πενιχρὰν
1163 828 1288 883 κόρην
1312 861 1321 869 .
1342 861 1350 870 .
1372 833 1534 882 θῆσσαν
1565 827 1831 882 ὀνομάζουσιν

248 887 291 927 οἷ
313 883 489 928 Ἀττικοί.
536 886 771 942 ἐπάναγκες
790 886 832 929 δὲ
857 883 910 941 ἦν
935 890 1016 937 τοῖς
1047 887 1202 942 ἔγγιστα
1233 887 1376 943 γένους
1400 888 1469 938 τὰς
1499 889 1658 942 θήσσας
1682 887 1709 942 ἢ
1734 893 1830 942 λαμ-

247 947 386 1000 βάνειν
421 946 520 1001 πρὸς
556 948 686 1002 γάμον
723 946 750 1001 ἢ
787 946 806 988 ε’
836 955 938 1002 μνᾶς
977 948 1155 1001 διδόναι,
1193 947 1246 998 ὡς
1283 948 1350 990 καὶ
1387 949 1660 999 Ποσείδιππός
1695 964 1775 990 που
1809 948 1830 990 ὁ

247 1007 419 1060 κωμικός
449 1018 585 1060 φησιν.

1006 1091 1063 1134 36

531 1172 781 1231 προσ-ἔκοψε
813 1179 874 1233 τῷ
907 1174 1133 1234 ἀνθρώπῳ

366 1259 455 1301 ἀντὶ
485 1266 556 1301 τοῦ
587 1258 885 1314 ἧλλοτριώσατο.
936 1261 1062 1310 οὕτως
1082 1262 1367 1311 Ποσείδιππος.
1418 1263 1588 1303 Photius
1612 1266 1653 1303 et
1672 1264 1828 1303 Suidas.

246 1318 497 1373 προσέκοψεν
528 1321 645 1361 Phot.
683 1320 910 1374 προσέκοψε
946 1321 1174 1379 τάνθρώπῳ
1205 1324 1323 1363 Mein.
1374 1324 1399 1364 i.
1427 1338 1460 1364 e.
1490 1326 1715 1364 succensuit.
1779 1326 1829 1363 cf.

246 1381 487 1482 messaling.
519 1381 636 1421 Diod.
660 1384 697 1434 1,
719 1384 771 1423 71
807 1385 848 1422 et
879 1383 1064 1434 exempla
1095 1384 1145 1423 ab
1179 1384 1319 1423 eodem
1351 1383 1403 1423 ad
1432 1386 1502 1436 13,
1534 1386 1591 1425 80
1625 1387 1829 1436 congesta.

301 1442 364 1481 exi
393 1471 403 1481 .
435 1443 503 1482 81.

1006 1525 1062 1566 37

532 1607 582 1650 τὸ
614 1612 692 1663 τῆς
723 1606 872 1659 ἐλαίας
903 1605 1097 1665 δένδρον

365 1692 474 1746 παρὰ
503 1686 774 1752 Ποσειδίππῳ.
828 1694 1003 1736 Cramer.
1037 1696 1183 1736 Anecd.
1217 1695 1286 1737 Ox.
1321 1697 1361 1736 II
1395 1699 1493 1738 277.
1534 1710 1608 1738 scr.
1635 1696 1762 1746 ἐλάας.

1006 1813 1062 1856 38

532 1883 822 1942 ὀνυχιστήρια
853 1885 989 1947 λξπτά

271 2030 323 2070 dd
365 1968 483 2069 σὲαρίιῗς
500 1971 773 2032 Ποσειδίππῳ.
817 1972 961 2011 Pollux
985 1974 1051 2024 10,
1078 1973 1170 2012 140.
1221 1976 1284 2013 est
1314 1979 1518 2026 μαχαιρῶν
1550 1988 1689 2027 genus.
1721 1973 1830 2029 παρὰ

246 2043 270 2070 a,
326 2059 336 2070 .
405 2044 425 2070 e
486 2044 540 2071 er.

1005 2112 1062 2155 39

532 2172 694 2223 ἄθετος

366 2256 387 2298 ὁ
413 2248 614 2311 ἀποίητος.
652 2258 756 2299 οὕτω
776 2259 1061 2308 Ποσείδιππος.
1111 2261 1283 2302 Bekker.
1305 2261 1452 2302 Anecd.
1475 2264 1574 2314 350,
1596 2265 1664 2304 21.
1697 2264 1828 2305 ποσίδ.

245 2319 330 2359 cod.
362 2341 418 2347 —
452 2319 684 2371 ambiguam
716 2321 837 2360 habeb
867 2321 1186 2371 explicationem.

1005 2437 1065 2481 40

532 2493 809 2548 αὐθέκαστος

366 2581 639 2632 Ποσείδιππος
675 2581 763 2623 ἀντὶ
799 2589 870 2626 τοῦ
908 2582 1038 2626 ἁπλοῦ
1079 2583 1278 2640 ἐχρήσατο.
1339 2586 1511 2626 Bekker.
1544 2586 1693 2628 Aneod.
1727 2588 1826 2639 462,

248 2644 316 2688 32.
379 2643 428 2683 cf.
459 2643 629 2683 Philem.
662 2645 730 2697 89,
765 2647 802 2685 7.

502 2768 504 2770 v
1003 2738 1060 2782 41

532 2794 560 2851 ἡ
591 2796 743 2852 ἔπηλις

365 2880 446 2922 ἔστι
474 2880 583 2937 παρὰ
613 2883 864 2941 Ποσιδίππῳ.
914 2886 1084 2926 Bekker.
1105 2885 1253 2925 Anecd.
1277 2887 1379 2938 424,
1413 2888 1481 2927 26.
1543 2886 1688 2927 Suidas
1720 2885 1825 2939 ἀπη-

247 2940 404 2995 λιώτης·
442 2940 463 2983 ὁ
495 2940 660 2995 ἄνεμος.
681 2974 690 2983 .
712 2942 798 2985 ‚uoci
834 2944 964 2986 πάντα
994 2944 1040 2987 τὰ
1072 2945 1189 2998 ὅμοια
1219 2948 1358 2999 ψιλῶς.
1414 2945 1482 2987 καὶ
1513 2943 1538 2999 ἡ
1571 2945 1706 3000 ἕπηλις
1746 2946 1826 2989 ἔστι
