2014 3334
227 225 312 267 568
611 219 614 223 '
876 223 1139 257 ΑΔΕΣΠΟΤΑ

972 331 1060 373 932
1122 347 1124 349 ’

513 414 798 471 ἄνδροσάθης
808 446 820 468 ,
852 413 1152 470 ἀνδροσάθων

347 502 517 541 Bekker.
554 502 701 540 Anecd.
730 502 832 551 394,
859 502 882 540 5
923 498 1276 552 ἀνδροσά[ν]θων’
1319 500 1466 554 μεγάλα
1509 499 1607 552 ἔχων
1651 500 1796 540 αἰδοῖα.

230 564 271 601 et
294 562 389 602 ibid.
417 563 470 601 27
504 559 779 611 ἀνδροσάθης·
811 558 955 610 ἀνδρὸς
986 558 1119 599 αἰδοῖα
1152 557 1263 611 ἔχων.
1318 560 1488 611 Hesych.
1523 558 1796 612 ἀνδροσάθης·

231 619 375 675 ἀνδρὸς
402 620 557 660 αἰδοῖον
582 618 608 672 ’ἢ
634 619 780 673 μεγάλα
806 619 940 659 αἰδοῖα
965 617 1075 670 ἔχων.
1113 619 1221 658 Suid.
1243 617 1522 671 ἀνδροσάθων.
1559 621 1608 658 cf.
1628 619 1797 659 Lobeck·

232 682 388 720 Pathol.
414 681 513 731 prol.
541 682 608 730 93,
636 682 692 719 20
724 682 765 718 eb
796 679 983 718 Teleclid.
1011 680 1079 718 65.
1127 678 1253 718 Arist.
1278 679 1371 730 Lys.
1400 681 1525 718 1119.

971 795 1058 837 933

518 855 878 910 ἀνεκαλαμήσατο

353 940 593 993 ἀνεθέρισεν.
643 941 880 991 Hesychius.
915 943 1089 991 corrupt.
1123 941 1291 979 Bekker.
1324 941 1471 980 Anecd.
1498 942 1596 990 396,
1623 942 1676 980 27
1710 938 1800 979 ἀνε-

235 1000 437 1041 καλέσατο·
470 999 701 1052 ἀνεθέρισεν
734 998 997 1054 (ἀνεθρόησεν
1029 994 1225 1054 Eadem).
1275 1000 1502 1039 comoediae
1532 999 1658 1038 tribui
1685 1012 1800 1050 posse

234 1062 447 1101 videbatur
478 1062 578 1100 conl.
611 1059 872 1111 ἐκκαλαμᾶται
902 1059 1028 1098 Arist.
1055 1059 1172 1109 Vesp.
1201 1061 1297 1099 609.
1354 1058 1650 1110 ἐσκαλαμᾶσθαι
1680 1059 1799 1110 Vesp.

236 1123 333 1161 381.
382 1134 454 1160 nec
480 1121 611 1168 mirer,
645 1121 678 1159 si
703 1122 860 1159 mutata
890 1120 1115 1169 paullulum
1141 1119 1432 1170 significatione
1458 1119 1630 1158 comicus
1657 1118 1800 1168 aliquis

235 1194 283 1219 ea
314 1194 409 1220 voce
440 1193 537 1219 usus
571 1181 622 1219 sit
654 1180 856 1219 aemulum
889 1192 962 1217 sua
992 1179 1196 1218 imitatum
1228 1191 1430 1218 accusans.

979 1294 1067 1337 934

523 1354 854 1397 ἀνεκνάδαλλον

355 1428 629 1481 ἀνέκνων[εν].
681 1427 854 1478 ἕκνιζον,
886 1426 939 1476 ὡς
970 1428 1013 1468 οἱ
1046 1426 1325 1481 ὄρτυγοπῶλαι.
1374 1428 1611 1479 Hesychius.
1661 1427 1804 1467 Pollux
1862 1435 1864 1437 ’

241 1493 279 1542 9,
309 1492 391 1530 108
418 1488 459 1528 τὸ
491 1489 647 1529 κόπτειν
678 1487 771 1535 τοὺς
796 1486 961 1541 ὄρτυγας
986 1486 1051 1526 καὶ
1076 1486 1387 1527 ἀνακναδάλλειν
1413 1486 1478 1525 καὶ
1503 1485 1744 1538 άνερεθίζειν
1764 1516 1774 1525 .
1794 1516 1804 1525 .

239 1548 306 1589 καὶ
341 1555 462 1589 ταῦτα
495 1548 536 1588 ἐκ
566 1554 644 1587 τῶν
682 1545 1000 1600 ὀρτυγοκοπικῶν
1039 1545 1254 1598 ὀνομάτων.
1310 1547 1534 1597 Hesychius
1565 1547 1803 1585 translatam

240 1609 571 1660 significabionem
603 1608 710 1658 dicit,
743 1608 914 1647 comicae
947 1608 1088 1658 opinor
1119 1607 1296 1658 originis.

526 1780 927 1840 ἀνεπικόρρι(σ)τος
975 1722 1062 1765 935

358 1870 605 1923 ἀνύβριστος.
659 1870 896 1921 Hesychius.
952 1870 1085 1920 Etym.
1118 1883 1169 1908 m.
1202 1870 1303 1919 103,
1337 1870 1390 1907 33
1430 1862 1804 1920 ἀνεπικόρ(ρ)ιστος·

240 1930 485 1983 ἀνύβριστος.
553 1930 724 1969 comicae
768 1929 921 1968 incudis
965 1932 1042 1979 est,
1085 1929 1223 1967 fictum
1263 1942 1310 1966 ex
1355 1927 1511 1978 vulgari
1559 1925 1622 1966 ἐπὶ
1663 1925 1806 1978 κόρρης

240 1990 396 2030 τύπτειν
434 1991 497 2030 vel
534 1989 747 2028 πατάσσειν
786 1984 909 2043 (Plat.
945 1989 1064 2040 Gorg.
1097 1990 1224 2027 4860.
1258 1988 1388 2027 5086.
1420 1989 1548 2027 527a,
1598 1987 1804 2026 Demosth.

243 2052 311 2102 21,
339 2045 454 2103 147).

984 2104 1070 2146 936

528 2165 822 2220 ἀνερριχῶντο

362 2241 532 2279 Bekkel.
563 2239 712 2277 Anecd.
741 2240 837 2288 398,
865 2240 919 2277 20
952 2235 1056 2289 χερσὶ
1086 2235 1152 2275 καὶ
1183 2234 1273 2275 ποσι
1305 2234 1655 2287 περιδρασσόμενοι
1686 2234 1807 2289 ἀνήρ-

245 2315 370 2352 χοντο.
430 2299 525 2338 ibid.
556 2301 626 2348 19,
655 2299 708 2337 25
742 2300 783 2337 et
820 2298 958 2336 Thom.
997 2297 1102 2348 Mag.
1139 2294 1421 2349 ἀναριχᾶσθαι·
1458 2294 1566 2334 πάνυ
1600 2291 1748 2345 Ἀττικὴ
1781 2292 1806 2346 ἡ

246 2359 374 2410 φωνή.
437 2357 617 2408 σημαίνει
655 2354 696 2396 δὲ
727 2355 768 2396 τὸ
807 2359 887 2403 τοῖς
922 2355 1016 2395 ποσὶ
1051 2354 1118 2394 καὶ
1148 2358 1231 2402 ταῖς
1262 2352 1391 2427 χερσὶν
1422 2353 1680 2427 ἀντεχόμενον
1711 2353 1807 2393 ἀνα-

245 2419 426 2485 βαίνειν,
464 2413 551 2457 οἷον
595 2414 825 2467 ἀνέρποντα.
887 2415 929 2455 οἱ
969 2413 1011 2454 δὲ
1049 2415 1122 2455 δύο
1161 2428 1207 2464 ρρ
1243 2413 1460 2467 γράφοντες
1506 2411 1807 2465 ἁμαρτάνουσιν.

246 2479 352 2530 quod
396 2479 430 2517 si
472 2490 612 2517 verum
654 2480 733 2526 est,
777 2476 1042 2526 inperfectum
1083 2474 1335 2514 scribendum
1373 2471 1625 2524 ἀνηριχῶντο.
1686 2474 1808 2512 Moer.

252 2541 344 2588 190,
373 2539 426 2577 33
455 2537 580 2575 Bekk.
612 2533 901 2586 ἀναρριχᾶσθαι
929 2530 1110 2581 Ἀττικοί,
1144 2533 1375 2590 προβαίνειν
1406 2530 1589 2584 ἀνέρπων
1608 2529 1808 2584 Ἕλληνες.

247 2597 474 2650 ἀνερριχᾶτο
507 2599 568 2634 est
600 2595 724 2634 Arist.
756 2595 847 2633 Pac.
876 2597 942 2634 70.
991 2594 1234 2632 Aristaenet.
1264 2596 1298 2644 1,
1326 2593 1394 2631 20.
1450 2590 1808 2644 ἀναρριχησάμενος

248 2658 409 2696 Lucian.
441 2656 604 2705 Lexiph.
632 2657 670 2694 8.
720 2655 878 2704 saepius
904 2667 950 2692 ea
980 2665 1075 2694 voce
1106 2653 1171 2692 usi
1202 2655 1295 2691 sunt
1325 2652 1578 2702 posteriores.

988 2768 1072 2810 937

532 2829 748 2872 ἀνισῶσαι

369 2905 538 2944 Bekker.
571 2903 719 2943 Anecd.
746 2905 820 2954 80,
848 2905 871 2942 9
909 2900 973 2942 ἐπὶ
1010 2906 1080 2941 τοῦ
1110 2904 1245 2940 πλεῖον
1278 2899 1403 2953 ἐγχέαι
1432 2903 1536 2939 πιεῖν
1566 2901 1618 2955 τῷ
1650 2898 1812 2951 1ὕστερον
