<?xml version="1.0" encoding="UTF-8"?>
<!DOCTYPE html PUBLIC "-//W3C//DTD XHTML 1.0 Transitional//EN"
    "http://www.w3.org/TR/xhtml1/DTD/xhtml1-transitional.dtd">
<html xmlns="http://www.w3.org/1999/xhtml" xml:lang="en" lang="en">
 <head>
  <title>
</title>
<meta http-equiv="Content-Type" content="text/html;charset=utf-8" />
  <meta name='ocr-system' content='tesseract 3.04.00' />
  <meta name='ocr-capabilities' content='ocr_page ocr_carea ocr_par ocr_line ocrx_word'/>
</head>
<body>
  <div class='ocr_page' id='page_1' title='image "./comicorumatticor03kockuoft_0064.png"; bbox 0 0 2014 3334; ppageno 0'>
   <div class='ocr_carea' id='block_1_1' title="bbox 269 206 1199 274">
    <p class='ocr_par' dir='ltr' id='par_1_1' title="bbox 269 206 1199 274">
     <span class='ocr_line' id='line_1_1' title="bbox 269 206 1199 274; baseline -0.011 0"><span class='ocrx_word' id='word_1_1' title='bbox 269 235 327 274; x_wconf 86' lang='lat'><em>44</em></span> <span class='ocrx_word' id='word_1_2' title='bbox 628 206 630 209; x_wconf 11' lang='lat' dir='ltr'><em>V</em></span> <span class='ocrx_word' id='word_1_3' title='bbox 800 239 804 242; x_wconf 72' lang='grc'><strong>’</strong></span> <span class='ocrx_word' id='word_1_4' title='bbox 904 232 1199 267; x_wconf 79' lang='grc' dir='ltr'><strong>ΜΕΝΑΝΔΡΟΤ</strong></span> 
     </span>
    </p>
   </div>
   <div class='ocr_carea' id='block_1_2' title="bbox 269 329 1838 514">
    <p class='ocr_par' dir='ltr' id='par_1_2' title="bbox 269 329 1838 514">
     <span class='ocr_line' id='line_1_2' title="bbox 271 329 1836 396; baseline -0.002 -11"><span class='ocrx_word' id='word_1_5' title='bbox 271 347 403 396; x_wconf 86' lang='lat' dir='ltr'>Dobr.,</span> <span class='ocrx_word' id='word_1_6' title='bbox 437 343 478 384; x_wconf 82' lang='grc' dir='ltr'><em>δὲ</em></span> <span class='ocrx_word' id='word_1_7' title='bbox 511 329 670 384; x_wconf 55' lang='lat' dir='ltr'>sublata</span> <span class='ocrx_word' id='word_1_8' title='bbox 701 345 820 383; x_wconf 79' lang='lat' dir='ltr'>simul</span> <span class='ocrx_word' id='word_1_9' title='bbox 851 344 1175 394; x_wconf 74' lang='lat' dir='ltr'>interpunctione</span> <span class='ocrx_word' id='word_1_10' title='bbox 1193 355 1294 393; x_wconf 84' lang='lat' dir='ltr'>quae</span> <span class='ocrx_word' id='word_1_11' title='bbox 1327 345 1420 382; x_wconf 86' lang='lat' dir='ltr'>ante</span> <span class='ocrx_word' id='word_1_12' title='bbox 1451 341 1492 382; x_wconf 89' lang='grc' dir='ltr'><em>τὸ</em></span> <span class='ocrx_word' id='word_1_13' title='bbox 1518 345 1606 382; x_wconf 83' lang='lat' dir='ltr'>erat</span> <span class='ocrx_word' id='word_1_14' title='bbox 1623 344 1673 382; x_wconf 87' lang='grc' dir='ltr'><em>Η.</em></span> <span class='ocrx_word' id='word_1_15' title='bbox 1699 343 1836 382; x_wconf 81' lang='lat' dir='ltr'>Iacobi</span> 
     </span>
     <span class='ocr_line' id='line_1_3' title="bbox 270 399 1838 459; baseline -0.001 -16"><span class='ocrx_word' id='word_1_16' title='bbox 270 401 407 459; x_wconf 80' lang='lat' dir='ltr'>(Mein.</span> <span class='ocrx_word' id='word_1_17' title='bbox 449 405 507 443; x_wconf 88' lang='lat' dir='ltr'><em>ed.</em></span> <span class='ocrx_word' id='word_1_18' title='bbox 545 405 639 442; x_wconf 89' lang='lat' dir='ltr'>min.</span> <span class='ocrx_word' id='word_1_19' title='bbox 676 399 780 454; x_wconf 82' lang='lat' dir='ltr'>XX).</span> <span class='ocrx_word' id='word_1_20' title='bbox 849 405 896 442; x_wconf 85' lang='lat' dir='ltr'><em>cf.</em></span> <span class='ocrx_word' id='word_1_21' title='bbox 938 416 1040 453; x_wconf 84' lang='lat' dir='ltr'>quae</span> <span class='ocrx_word' id='word_1_22' title='bbox 1084 403 1362 442; x_wconf 82' lang='lat' dir='ltr'>adnotavimus</span> <span class='ocrx_word' id='word_1_23' title='bbox 1407 402 1458 441; x_wconf 82' lang='lat' dir='ltr'><em>ad</em></span> <span class='ocrx_word' id='word_1_24' title='bbox 1495 403 1620 442; x_wconf 84' lang='lat' dir='ltr'>Arist.</span> <span class='ocrx_word' id='word_1_25' title='bbox 1658 403 1731 454; x_wconf 86' lang='lat' dir='ltr'><em>Eq.</em></span> <span class='ocrx_word' id='word_1_26' title='bbox 1769 404 1838 443; x_wconf 82' lang='lat'><em>26.</em></span> 
     </span>
     <span class='ocr_line' id='line_1_4' title="bbox 269 462 975 514; baseline -0.003 -11"><span class='ocrx_word' id='word_1_27' title='bbox 269 464 487 514; x_wconf 83' lang='lat' dir='ltr'>Antiphan.</span> <span class='ocrx_word' id='word_1_28' title='bbox 522 465 617 502; x_wconf 87' lang='lat'>153.</span> <span class='ocrx_word' id='word_1_29' title='bbox 661 462 843 502; x_wconf 84' lang='lat' dir='ltr'>Menand.</span> <span class='ocrx_word' id='word_1_30' title='bbox 878 465 975 502; x_wconf 82' lang='lat'><strong>377.</strong></span> 
     </span>
    </p>
   </div>
   <div class='ocr_carea' id='block_1_3' title="bbox 391 601 1651 728">
    <p class='ocr_par' dir='ltr' id='par_1_3' title="bbox 391 601 1651 728">
     <span class='ocr_line' id='line_1_5' title="bbox 896 601 1211 635; baseline 0.006 -2"><span class='ocrx_word' id='word_1_31' title='bbox 896 601 1211 635; x_wconf 84' lang='grc' dir='ltr'>ΕΓΧΕῙΡΙΔῙΟΝ</span> 
     </span>
     <span class='ocr_line' id='line_1_6' title="bbox 391 672 1651 728; baseline -0.002 -10"><span class='ocrx_word' id='word_1_32' title='bbox 391 679 449 718; x_wconf 83' lang='lat' dir='ltr'><em>Cf.</em></span> <span class='ocrx_word' id='word_1_33' title='bbox 482 691 582 728; x_wconf 86' lang='lat' dir='ltr'>quae</span> <span class='ocrx_word' id='word_1_34' title='bbox 616 677 664 716; x_wconf 85' lang='lat' dir='ltr'><em>ad</em></span> <span class='ocrx_word' id='word_1_35' title='bbox 699 676 854 727; x_wconf 82' lang='lat' dir='ltr'>Sophili</span> <span class='ocrx_word' id='word_1_36' title='bbox 881 672 1136 728; x_wconf 82' lang='grc' dir='ltr'><em>Ἐγχειρίδιον</em></span> <span class='ocrx_word' id='word_1_37' title='bbox 1168 676 1448 716; x_wconf 83' lang='lat' dir='ltr'>adnotavimus</span> <span class='ocrx_word' id='word_1_38' title='bbox 1480 676 1520 714; x_wconf 93' lang='grc' dir='ltr'><em>ΙΙ</em></span> <span class='ocrx_word' id='word_1_39' title='bbox 1552 678 1651 715; x_wconf 90' lang='grc'><em>445.</em></span> 
     </span>
    </p>
   </div>
   <div class='ocr_carea' id='block_1_4' title="bbox 481 817 1451 1028">
    <p class='ocr_par' dir='ltr' id='par_1_4' title="bbox 481 817 1451 1028">
     <span class='ocr_line' id='line_1_7' title="bbox 1009 817 1090 858; baseline 0.012 -1"><span class='ocrx_word' id='word_1_40' title='bbox 1009 817 1090 858; x_wconf 78' lang='grc'><em>149</em></span> 
     </span>
     <span class='ocr_line' id='line_1_8' title="bbox 482 896 1450 957; baseline -0.001 -15"><span class='ocrx_word' id='word_1_41' title='bbox 482 900 562 955; x_wconf 90' lang='grc' dir='ltr'><em>οὐχ</em></span> <span class='ocrx_word' id='word_1_42' title='bbox 595 900 705 942; x_wconf 84' lang='grc' dir='ltr'><em>ὅθεν</em></span> <span class='ocrx_word' id='word_1_43' title='bbox 736 899 791 942; x_wconf 77' lang='grc' dir='ltr'><em>ἂν</em></span> <span class='ocrx_word' id='word_1_44' title='bbox 824 896 949 957; x_wconf 72' lang='grc' dir='ltr'><em>ᾤμην</em></span> <span class='ocrx_word' id='word_1_45' title='bbox 981 899 1191 954; x_wconf 85' lang='grc' dir='ltr'><em>ἠτύχηκα·</em></span> <span class='ocrx_word' id='word_1_46' title='bbox 1224 900 1368 942; x_wconf 86' lang='grc' dir='ltr'><em>πάντα</em></span> <span class='ocrx_word' id='word_1_47' title='bbox 1401 897 1450 942; x_wconf 75' lang='grc' dir='ltr'><em>δὲ</em></span> 
     </span>
     <span class='ocr_line' id='line_1_9' title="bbox 481 969 1451 1028; baseline 0 -15"><span class='ocrx_word' id='word_1_48' title='bbox 481 973 533 1013; x_wconf 84' lang='grc' dir='ltr'><em>τὰ</em></span> <span class='ocrx_word' id='word_1_49' title='bbox 565 969 675 1026; x_wconf 79' lang='grc' dir='ltr'><em>μηδὲ</em></span> <span class='ocrx_word' id='word_1_50' title='bbox 706 969 1040 1028; x_wconf 84' lang='grc' dir='ltr'><em>προσδοκώμεν’</em></span> <span class='ocrx_word' id='word_1_51' title='bbox 1077 972 1282 1014; x_wconf 80' lang='grc' dir='ltr'><em>ἔκστασιν</em></span> <span class='ocrx_word' id='word_1_52' title='bbox 1313 970 1451 1027; x_wconf 81' lang='grc' dir='ltr'><em>φέρει.</em></span> 
     </span>
    </p>
   </div>
   <div class='ocr_carea' id='block_1_5' title="bbox 260 1065 1835 1300">
    <p class='ocr_par' dir='ltr' id='par_1_5' title="bbox 260 1065 1835 1300">
     <span class='ocr_line' id='line_1_10' title="bbox 388 1065 1835 1122; baseline 0.001 -14"><span class='ocrx_word' id='word_1_53' title='bbox 388 1070 583 1109; x_wconf 82' lang='lat' dir='ltr'>Stobaeus</span> <span class='ocrx_word' id='word_1_54' title='bbox 615 1069 753 1108; x_wconf 84' lang='lat' dir='ltr'>Floril.</span> <span class='ocrx_word' id='word_1_55' title='bbox 789 1071 889 1119; x_wconf 91' lang='lat'>104,</span> <span class='ocrx_word' id='word_1_56' title='bbox 931 1072 953 1108; x_wconf 84' lang='lat'><strong>7</strong></span> <span class='ocrx_word' id='word_1_57' title='bbox 1000 1068 1249 1120; x_wconf 77' lang='grc' dir='ltr'><em>Μενάνδρου</em></span> <span class='ocrx_word' id='word_1_58' title='bbox 1277 1065 1534 1122; x_wconf 84' lang='grc' dir='ltr'><em>Ἐγχειριδίου</em></span> <span class='ocrx_word' id='word_1_59' title='bbox 1567 1069 1615 1108; x_wconf 93' lang='grc' dir='ltr'><em>Α.</em></span> <span class='ocrx_word' id='word_1_60' title='bbox 1677 1072 1835 1119; x_wconf 79' lang='lat' dir='ltr'>partem</span> 
     </span>
     <span class='ocr_line' id='line_1_11' title="bbox 265 1123 1834 1183; baseline 0 -15"><span class='ocrx_word' id='word_1_61' title='bbox 265 1130 529 1180; x_wconf 74' lang='lat' dir='ltr'>posteriorem</span> <span class='ocrx_word' id='word_1_62' title='bbox 561 1129 755 1168; x_wconf 84' lang='lat' dir='ltr'>Stobaeus</span> <span class='ocrx_word' id='word_1_63' title='bbox 787 1129 934 1178; x_wconf 82' lang='lat' dir='ltr'>repetit</span> <span class='ocrx_word' id='word_1_64' title='bbox 964 1129 1069 1167; x_wconf 85' lang='lat' dir='ltr'>Flor.</span> <span class='ocrx_word' id='word_1_65' title='bbox 1093 1131 1189 1179; x_wconf 89' lang='lat'>111,</span> <span class='ocrx_word' id='word_1_66' title='bbox 1213 1132 1261 1167; x_wconf 87' lang='lat'>11</span> <span class='ocrx_word' id='word_1_67' title='bbox 1297 1134 1367 1168; x_wconf 83' lang='grc' dir='ltr'><em>τοῦ</em></span> <span class='ocrx_word' id='word_1_68' title='bbox 1390 1127 1514 1167; x_wconf 81' lang='grc' dir='ltr'><em>αὐτοῦ</em></span> <span class='ocrx_word' id='word_1_69' title='bbox 1547 1123 1834 1183; x_wconf 81' lang='grc' dir='ltr'><em>(Μενάνδρου)</em></span> 
     </span>
     <span class='ocr_line' id='line_1_12' title="bbox 260 1185 1833 1242; baseline 0.001 -15"><span class='ocrx_word' id='word_1_70' title='bbox 260 1185 516 1242; x_wconf 85' lang='grc' dir='ltr'><em>Ἐγχειριδίου</em></span> <span class='ocrx_word' id='word_1_71' title='bbox 548 1190 596 1226; x_wconf 91' lang='lat' dir='ltr'><em>A.</em></span> <span class='ocrx_word' id='word_1_72' title='bbox 665 1193 698 1227; x_wconf 90' lang='lat'>1.</span> <span class='ocrx_word' id='word_1_73' title='bbox 730 1186 819 1240; x_wconf 81' lang='grc' dir='ltr'><em>οὐχ]</em></span> <span class='ocrx_word' id='word_1_74' title='bbox 860 1186 934 1227; x_wconf 86' lang='grc' dir='ltr'><em>οὐκ</em></span> <span class='ocrx_word' id='word_1_75' title='bbox 967 1188 1049 1226; x_wconf 91' lang='lat' dir='ltr'><em>AB.</em></span> <span class='ocrx_word' id='word_1_76' title='bbox 1111 1186 1286 1240; x_wconf 77' lang='grc' dir='ltr'><em>ητύχηκα</em></span> <span class='ocrx_word' id='word_1_77' title='bbox 1323 1189 1487 1228; x_wconf 85' lang='lat' dir='ltr'>Porson.</span> <span class='ocrx_word' id='word_1_78' title='bbox 1525 1189 1638 1227; x_wconf 83' lang='lat' dir='ltr'>Mise.</span> <span class='ocrx_word' id='word_1_79' title='bbox 1672 1188 1774 1238; x_wconf 91' lang='lat'><em>250]</em></span> <span class='ocrx_word' id='word_1_80' title='bbox 1807 1185 1833 1239; x_wconf 80' lang='grc' dir='ltr'>ἡ</span> 
     </span>
     <span class='ocr_line' id='line_1_13' title="bbox 264 1245 1072 1300; baseline -0.001 -13"><span class='ocrx_word' id='word_1_81' title='bbox 264 1248 359 1300; x_wconf 95' lang='grc' dir='ltr'><em>τύχη</em></span> <span class='ocrx_word' id='word_1_82' title='bbox 390 1246 468 1287; x_wconf 85' lang='grc' dir='ltr'><em>καὶ.</em></span> <span class='ocrx_word' id='word_1_83' title='bbox 531 1250 568 1287; x_wconf 85' lang='grc'><em>2.</em></span> <span class='ocrx_word' id='word_1_84' title='bbox 600 1245 716 1299; x_wconf 82' lang='grc' dir='ltr'><em>μηδὲ]</em></span> <span class='ocrx_word' id='word_1_85' title='bbox 750 1246 802 1298; x_wconf 81' lang='grc' dir='ltr'><em>μὴ</em></span> <span class='ocrx_word' id='word_1_86' title='bbox 837 1248 946 1287; x_wconf 77' lang='lat' dir='ltr'>Stob.</span> <span class='ocrx_word' id='word_1_87' title='bbox 976 1250 1072 1286; x_wconf 89' lang='lat'>111.</span> 
     </span>
    </p>
   </div>
   <div class='ocr_carea' id='block_1_6' title="bbox 549 1388 1405 1528">
    <p class='ocr_par' dir='ltr' id='par_1_6' title="bbox 549 1388 1405 1528">
     <span class='ocr_line' id='line_1_14' title="bbox 1006 1388 1090 1430; baseline 0.012 -1"><span class='ocrx_word' id='word_1_88' title='bbox 1006 1388 1090 1430; x_wconf 79' lang='lat'>150</span> 
     </span>
     <span class='ocr_line' id='line_1_15' title="bbox 549 1466 1405 1528; baseline 0 -14"><span class='ocrx_word' id='word_1_89' title='bbox 549 1476 629 1514; x_wconf 85' lang='grc' dir='ltr'><em>τοῦ</em></span> <span class='ocrx_word' id='word_1_90' title='bbox 661 1469 701 1512; x_wconf 88' lang='grc' dir='ltr'><em>δ’</em></span> <span class='ocrx_word' id='word_1_91' title='bbox 738 1466 823 1526; x_wconf 78' lang='grc' dir='ltr'><em>ἆρα</em></span> <span class='ocrx_word' id='word_1_92' title='bbox 853 1472 1115 1527; x_wconf 82' lang='grc' dir='ltr'><em>Κωρυκαϊος</em></span> <span class='ocrx_word' id='word_1_93' title='bbox 1146 1471 1405 1528; x_wconf 80' lang='grc' dir='ltr'><em>ἠκροάσατο.</em></span> 
     </span>
    </p>
   </div>
   <div class='ocr_carea' id='block_1_7' title="bbox 261 1567 1833 2454">
    <p class='ocr_par' dir='ltr' id='par_1_7' title="bbox 261 1567 1833 2454">
     <span class='ocr_line' id='line_1_16' title="bbox 383 1567 1832 1622; baseline 0 -13"><span class='ocrx_word' id='word_1_94' title='bbox 383 1571 554 1609; x_wconf 81' lang='lat' dir='ltr'>Photius</span> <span class='ocrx_word' id='word_1_95' title='bbox 594 1574 633 1609; x_wconf 88' lang='lat' dir='ltr'><em>et</em></span> <span class='ocrx_word' id='word_1_96' title='bbox 671 1571 814 1609; x_wconf 81' lang='lat' dir='ltr'>Suidas</span> <span class='ocrx_word' id='word_1_97' title='bbox 852 1571 1089 1622; x_wconf 86' lang='grc' dir='ltr'><em>Κωρυκαῖος</em></span> <span class='ocrx_word' id='word_1_98' title='bbox 1120 1600 1128 1608; x_wconf 95' lang='grc'><em>.</em></span> <span class='ocrx_word' id='word_1_99' title='bbox 1155 1600 1164 1609; x_wconf 97' lang='grc'><em>.</em></span> <span class='ocrx_word' id='word_1_100' title='bbox 1190 1600 1199 1609; x_wconf 93' lang='grc'><em>.</em></span> <span class='ocrx_word' id='word_1_101' title='bbox 1232 1569 1331 1609; x_wconf 78' lang='grc' dir='ltr'><em>ὅθεν</em></span> <span class='ocrx_word' id='word_1_102' title='bbox 1367 1568 1433 1609; x_wconf 86' lang='grc' dir='ltr'><em>καὶ</em></span> <span class='ocrx_word' id='word_1_103' title='bbox 1469 1567 1495 1621; x_wconf 77' lang='grc' dir='ltr'>ἡ</span> <span class='ocrx_word' id='word_1_104' title='bbox 1526 1570 1718 1622; x_wconf 83' lang='grc' dir='ltr'><em>παροιμία</em></span> <span class='ocrx_word' id='word_1_105' title='bbox 1753 1573 1832 1609; x_wconf 85' lang='grc' dir='ltr'><em>κτλ.</em></span> 
     </span>
     <span class='ocr_line' id='line_1_17' title="bbox 264 1626 1831 1685; baseline 0.001 -17"><span class='ocrx_word' id='word_1_106' title='bbox 264 1628 507 1682; x_wconf 84' lang='grc' dir='ltr'><em>Μένανδρος</em></span> <span class='ocrx_word' id='word_1_107' title='bbox 534 1626 785 1685; x_wconf 81' lang='grc' dir='ltr'><em>Ἐγχειριδίῳ.</em></span> <span class='ocrx_word' id='word_1_108' title='bbox 831 1630 1028 1668; x_wconf 83' lang='lat' dir='ltr'>Zenobius</span> <span class='ocrx_word' id='word_1_109' title='bbox 1055 1633 1093 1681; x_wconf 91' lang='lat'><em>4,</em></span> <span class='ocrx_word' id='word_1_110' title='bbox 1123 1631 1175 1669; x_wconf 83' lang='lat'><em>75</em></span> <span class='ocrx_word' id='word_1_111' title='bbox 1208 1631 1445 1681; x_wconf 87' lang='grc' dir='ltr'><em>Κωρυκαῖος</em></span> <span class='ocrx_word' id='word_1_112' title='bbox 1476 1627 1706 1681; x_wconf 76' lang='grc' dir='ltr'><em>ἠκροάζετο·</em></span> <span class='ocrx_word' id='word_1_113' title='bbox 1737 1628 1831 1669; x_wconf 86' lang='grc' dir='ltr'><em>ταύ-</em></span> 
     </span>
     <span class='ocr_line' id='line_1_18' title="bbox 263 1685 1832 1745; baseline 0.001 -18"><span class='ocrx_word' id='word_1_114' title='bbox 263 1704 331 1740; x_wconf 88' lang='grc' dir='ltr'><em>της</em></span> <span class='ocrx_word' id='word_1_115' title='bbox 363 1688 606 1740; x_wconf 84' lang='grc' dir='ltr'><em>Μένανδρος</em></span> <span class='ocrx_word' id='word_1_116' title='bbox 638 1687 828 1740; x_wconf 82' lang='grc' dir='ltr'><em>μέμνηται</em></span> <span class='ocrx_word' id='word_1_117' title='bbox 860 1688 902 1728; x_wconf 80' lang='grc' dir='ltr'><em>ἐν</em></span> <span class='ocrx_word' id='word_1_118' title='bbox 933 1692 985 1745; x_wconf 81' lang='grc' dir='ltr'><em>τῷ</em></span> <span class='ocrx_word' id='word_1_119' title='bbox 1008 1685 1247 1745; x_wconf 77' lang='grc' dir='ltr'><em>Ἐγχειριδίῳ</em></span> <span class='ocrx_word' id='word_1_120' title='bbox 1279 1719 1289 1728; x_wconf 94' lang='grc'><em>.</em></span> <span class='ocrx_word' id='word_1_121' title='bbox 1309 1719 1318 1728; x_wconf 92' lang='grc'><em>.</em></span> <span class='ocrx_word' id='word_1_122' title='bbox 1339 1719 1348 1728; x_wconf 95' lang='grc'><em>.</em></span> <span class='ocrx_word' id='word_1_123' title='bbox 1380 1686 1406 1740; x_wconf 76' lang='grc' dir='ltr'>ἡ</span> <span class='ocrx_word' id='word_1_124' title='bbox 1438 1690 1629 1741; x_wconf 85' lang='grc' dir='ltr'><em>παροιμία</em></span> <span class='ocrx_word' id='word_1_125' title='bbox 1661 1687 1723 1728; x_wconf 79' lang='grc' dir='ltr'><em>ἐπὶ</em></span> <span class='ocrx_word' id='word_1_126' title='bbox 1754 1694 1832 1728; x_wconf 83' lang='grc' dir='ltr'><em>τῶν</em></span> 
     </span>
     <span class='ocr_line' id='line_1_19' title="bbox 265 1746 1833 1802; baseline 0.001 -15"><span class='ocrx_word' id='word_1_127' title='bbox 265 1748 492 1788; x_wconf 81' lang='grc' dir='ltr'><em>δοκούντων</em></span> <span class='ocrx_word' id='word_1_128' title='bbox 535 1746 606 1799; x_wconf 81' lang='grc' dir='ltr'><em>μὲν</em></span> <span class='ocrx_word' id='word_1_129' title='bbox 650 1748 781 1800; x_wconf 80' lang='grc' dir='ltr'><em>λάθρα</em></span> <span class='ocrx_word' id='word_1_130' title='bbox 823 1748 1082 1800; x_wconf 82' lang='grc' dir='ltr'><em>πράττεσθαι,</em></span> <span class='ocrx_word' id='word_1_131' title='bbox 1126 1749 1180 1796; x_wconf 86' lang='grc' dir='ltr'><em>εἰς</em></span> <span class='ocrx_word' id='word_1_132' title='bbox 1223 1754 1371 1802; x_wconf 86' lang='grc' dir='ltr'><em>γνῶσιν</em></span> <span class='ocrx_word' id='word_1_133' title='bbox 1410 1747 1452 1788; x_wconf 83' lang='grc' dir='ltr'><em>δὲ</em></span> <span class='ocrx_word' id='word_1_134' title='bbox 1490 1747 1722 1801; x_wconf 81' lang='grc' dir='ltr'><em>ἐρχομένων.</em></span> <span class='ocrx_word' id='word_1_135' title='bbox 1784 1749 1833 1788; x_wconf 80' lang='lat' dir='ltr'><em>cf.</em></span> 
     </span>
     <span class='ocr_line' id='line_1_20' title="bbox 263 1806 1831 1860; baseline 0 -13"><span class='ocrx_word' id='word_1_136' title='bbox 263 1809 434 1859; x_wconf 81' lang='lat' dir='ltr'>Hesych.</span> <span class='ocrx_word' id='word_1_137' title='bbox 454 1810 691 1859; x_wconf 84' lang='grc' dir='ltr'><em>Κωρυκαῖος</em></span> <span class='ocrx_word' id='word_1_138' title='bbox 715 1806 942 1860; x_wconf 79' lang='grc' dir='ltr'><em>ἠκροάζετο·</em></span> <span class='ocrx_word' id='word_1_139' title='bbox 974 1809 1166 1860; x_wconf 85' lang='grc' dir='ltr'><em>παροιμία</em></span> <span class='ocrx_word' id='word_1_140' title='bbox 1184 1807 1292 1860; x_wconf 83' lang='grc' dir='ltr'><em>παρὰ</em></span> <span class='ocrx_word' id='word_1_141' title='bbox 1316 1812 1398 1856; x_wconf 85' lang='grc' dir='ltr'><em>τοῖς</em></span> <span class='ocrx_word' id='word_1_142' title='bbox 1422 1812 1620 1860; x_wconf 81' lang='grc' dir='ltr'><em>κωμικοῖς.</em></span> <span class='ocrx_word' id='word_1_143' title='bbox 1653 1809 1701 1848; x_wconf 84' lang='lat' dir='ltr'><em>cf.</em></span> <span class='ocrx_word' id='word_1_144' title='bbox 1722 1808 1831 1847; x_wconf 85' lang='lat' dir='ltr'>Suid.</span> 
     </span>
     <span class='ocr_line' id='line_1_21' title="bbox 262 1863 1831 1920; baseline 0.001 -14"><span class='ocrx_word' id='word_1_145' title='bbox 262 1873 332 1907; x_wconf 83' lang='grc' dir='ltr'><em>τοῦ</em></span> <span class='ocrx_word' id='word_1_146' title='bbox 374 1864 410 1906; x_wconf 73' lang='grc' dir='ltr'><em>δ’</em></span> <span class='ocrx_word' id='word_1_147' title='bbox 457 1863 533 1919; x_wconf 76' lang='grc' dir='ltr'><em>ἆρα</em></span> <span class='ocrx_word' id='word_1_148' title='bbox 577 1866 597 1907; x_wconf 86' lang='grc' dir='ltr'>ὁ</span> <span class='ocrx_word' id='word_1_149' title='bbox 636 1869 882 1920; x_wconf 87' lang='grc' dir='ltr'><em>Κωρυκαῖος.</em></span> <span class='ocrx_word' id='word_1_150' title='bbox 945 1869 1131 1907; x_wconf 78' lang='lat' dir='ltr'>Eustath.</span> <span class='ocrx_word' id='word_1_151' title='bbox 1167 1870 1298 1919; x_wconf 90' lang='lat'>1534,</span> <span class='ocrx_word' id='word_1_152' title='bbox 1338 1870 1393 1908; x_wconf 86' lang='lat'><em>54</em></span> <span class='ocrx_word' id='word_1_153' title='bbox 1438 1867 1480 1907; x_wconf 81' lang='grc' dir='ltr'><em>ἐκ</em></span> <span class='ocrx_word' id='word_1_154' title='bbox 1522 1873 1591 1920; x_wconf 76' lang='grc' dir='ltr'><em>τῆς</em></span> <span class='ocrx_word' id='word_1_155' title='bbox 1632 1867 1831 1919; x_wconf 84' lang='grc' dir='ltr'><em>Κωρύκου</em></span> 
     </span>
     <span class='ocr_line' id='line_1_22' title="bbox 262 1922 1832 1980; baseline 0 -14"><span class='ocrx_word' id='word_1_156' title='bbox 262 1927 453 1978; x_wconf 87' lang='grc' dir='ltr'><em>παροιμία</em></span> <span class='ocrx_word' id='word_1_157' title='bbox 489 1932 559 1966; x_wconf 80' lang='grc' dir='ltr'><em>τοῦ</em></span> <span class='ocrx_word' id='word_1_158' title='bbox 599 1924 633 1966; x_wconf 86' lang='grc' dir='ltr'><em>δ’</em></span> <span class='ocrx_word' id='word_1_159' title='bbox 676 1922 738 1979; x_wconf 75' lang='grc' dir='ltr'><em>ἆρ’</em></span> <span class='ocrx_word' id='word_1_160' title='bbox 781 1925 801 1966; x_wconf 86' lang='grc' dir='ltr'>ὁ</span> <span class='ocrx_word' id='word_1_161' title='bbox 838 1927 1047 1979; x_wconf 86' lang='grc' dir='ltr'><em>Κωρύκιος</em></span> <span class='ocrx_word' id='word_1_162' title='bbox 1084 1925 1315 1980; x_wconf 79' lang='grc' dir='ltr'><em>ἠκροάζετο,</em></span> <span class='ocrx_word' id='word_1_163' title='bbox 1352 1926 1441 1980; x_wconf 87' lang='grc' dir='ltr'><em>περὶ</em></span> <span class='ocrx_word' id='word_1_164' title='bbox 1477 1922 1526 1978; x_wconf 78' lang='grc' dir='ltr'><em>ἧς</em></span> <span class='ocrx_word' id='word_1_165' title='bbox 1564 1927 1606 1967; x_wconf 83' lang='grc' dir='ltr'><em>ἐν</em></span> <span class='ocrx_word' id='word_1_166' title='bbox 1643 1931 1725 1975; x_wconf 83' lang='grc' dir='ltr'><em>τοῖς</em></span> <span class='ocrx_word' id='word_1_167' title='bbox 1761 1932 1832 1966; x_wconf 83' lang='grc' dir='ltr'><em>τοῦ</em></span> 
     </span>
     <span class='ocr_line' id='line_1_23' title="bbox 262 1982 1830 2040; baseline 0.001 -16"><span class='ocrx_word' id='word_1_168' title='bbox 262 1992 500 2039; x_wconf 82' lang='grc' dir='ltr'><em>περιηγητοῦ</em></span> <span class='ocrx_word' id='word_1_169' title='bbox 533 1983 716 2037; x_wconf 80' lang='lat' dir='ltr'>(Dionys.</span> <span class='ocrx_word' id='word_1_170' title='bbox 749 1987 903 2037; x_wconf 81' lang='lat' dir='ltr'>Perieg.</span> <span class='ocrx_word' id='word_1_171' title='bbox 937 1984 1042 2040; x_wconf 79' lang='lat'><em>855)</em></span> <span class='ocrx_word' id='word_1_172' title='bbox 1076 1982 1302 2038; x_wconf 80' lang='grc' dir='ltr'><em>δεδήλωται.</em></span> <span class='ocrx_word' id='word_1_173' title='bbox 1364 1988 1545 2038; x_wconf 88' lang='lat' dir='ltr'>Append.</span> <span class='ocrx_word' id='word_1_174' title='bbox 1577 1988 1759 2039; x_wconf 86' lang='lat' dir='ltr'><strong>proverb.</strong></span> <span class='ocrx_word' id='word_1_175' title='bbox 1792 1990 1830 2037; x_wconf 89' lang='grc'><em>4,</em></span> 
     </span>
     <span class='ocr_line' id='line_1_24' title="bbox 265 2045 1832 2099; baseline 0 -15"><span class='ocrx_word' id='word_1_176' title='bbox 265 2048 331 2085; x_wconf 85' lang='grc'><em>96.</em></span> <span class='ocrx_word' id='word_1_177' title='bbox 375 2047 524 2096; x_wconf 86' lang='lat' dir='ltr'>optime</span> <span class='ocrx_word' id='word_1_178' title='bbox 557 2047 730 2096; x_wconf 84' lang='lat' dir='ltr'>explieat</span> <span class='ocrx_word' id='word_1_179' title='bbox 753 2046 889 2096; x_wconf 83' lang='lat' dir='ltr'>Steph.</span> <span class='ocrx_word' id='word_1_180' title='bbox 920 2047 1015 2097; x_wconf 87' lang='lat' dir='ltr'><strong>Byz.</strong></span> <span class='ocrx_word' id='word_1_181' title='bbox 1047 2046 1240 2099; x_wconf 88' lang='grc' dir='ltr'><em>Κώρυκος</em></span> <span class='ocrx_word' id='word_1_182' title='bbox 1260 2077 1269 2086; x_wconf 95' lang='grc'><em>.</em></span> <span class='ocrx_word' id='word_1_183' title='bbox 1290 2077 1299 2086; x_wconf 93' lang='grc'><em>.</em></span> <span class='ocrx_word' id='word_1_184' title='bbox 1320 2076 1329 2086; x_wconf 92' lang='grc'><em>.</em></span> <span class='ocrx_word' id='word_1_185' title='bbox 1349 2045 1467 2097; x_wconf 82' lang='grc' dir='ltr'><em>λιμὴν</em></span> <span class='ocrx_word' id='word_1_186' title='bbox 1487 2077 1496 2086; x_wconf 93' lang='grc'><em>.</em></span> <span class='ocrx_word' id='word_1_187' title='bbox 1517 2077 1525 2086; x_wconf 94' lang='grc'><em>.</em></span> <span class='ocrx_word' id='word_1_188' title='bbox 1546 2045 1613 2085; x_wconf 83' lang='grc' dir='ltr'><em>καὶ</em></span> <span class='ocrx_word' id='word_1_189' title='bbox 1643 2046 1783 2097; x_wconf 89' lang='grc' dir='ltr'><em>νησίον</em></span> <span class='ocrx_word' id='word_1_190' title='bbox 1798 2075 1807 2084; x_wconf 95' lang='grc'><em>.</em></span> <span class='ocrx_word' id='word_1_191' title='bbox 1823 2075 1832 2085; x_wconf 96' lang='grc'><em>.</em></span> 
     </span>
     <span class='ocr_line' id='line_1_25' title="bbox 263 2100 1831 2160; baseline 0.001 -17"><span class='ocrx_word' id='word_1_192' title='bbox 263 2100 311 2144; x_wconf 79' lang='grc' dir='ltr'><em>οὗ</em></span> <span class='ocrx_word' id='word_1_193' title='bbox 343 2104 440 2143; x_wconf 82' lang='grc' dir='ltr'><em>κατὰ</em></span> <span class='ocrx_word' id='word_1_194' title='bbox 470 2104 538 2144; x_wconf 86' lang='grc' dir='ltr'><em>τὸν</em></span> <span class='ocrx_word' id='word_1_195' title='bbox 568 2105 805 2157; x_wconf 84' lang='grc' dir='ltr'><em>παράπλουν</em></span> <span class='ocrx_word' id='word_1_196' title='bbox 835 2105 1043 2160; x_wconf 83' lang='grc' dir='ltr'><em>λῃστήριόν</em></span> <span class='ocrx_word' id='word_1_197' title='bbox 1073 2121 1107 2145; x_wconf 86' lang='grc' dir='ltr'><em>τι</em></span> <span class='ocrx_word' id='word_1_198' title='bbox 1140 2104 1236 2158; x_wconf 85' lang='grc' dir='ltr'><em>μέγα</em></span> <span class='ocrx_word' id='word_1_199' title='bbox 1267 2112 1345 2145; x_wconf 84' lang='grc' dir='ltr'><em>τῶν</em></span> <span class='ocrx_word' id='word_1_200' title='bbox 1376 2106 1624 2158; x_wconf 87' lang='grc' dir='ltr'><em>Κωρυκαίων</em></span> <span class='ocrx_word' id='word_1_201' title='bbox 1656 2103 1831 2145; x_wconf 82' lang='grc' dir='ltr'><em>ὠτακου-</em></span> 
     </span>
     <span class='ocr_line' id='line_1_26' title="bbox 263 2160 1832 2219; baseline 0 -16"><span class='ocrx_word' id='word_1_202' title='bbox 263 2163 461 2203; x_wconf 83' lang='grc' dir='ltr'><em>στούντων</em></span> <span class='ocrx_word' id='word_1_203' title='bbox 499 2163 542 2203; x_wconf 81' lang='grc' dir='ltr'><em>ἐν</em></span> <span class='ocrx_word' id='word_1_204' title='bbox 579 2168 659 2211; x_wconf 85' lang='grc' dir='ltr'><em>τοῖς</em></span> <span class='ocrx_word' id='word_1_205' title='bbox 698 2164 840 2204; x_wconf 82' lang='grc' dir='ltr'><em>αὐτόθι</em></span> <span class='ocrx_word' id='word_1_206' title='bbox 878 2163 1002 2215; x_wconf 83' lang='grc' dir='ltr'><em>λιμέσι</em></span> <span class='ocrx_word' id='word_1_207' title='bbox 1041 2160 1106 2219; x_wconf 83' lang='grc' dir='ltr'><em>(τὰ</em></span> <span class='ocrx_word' id='word_1_208' title='bbox 1142 2160 1259 2218; x_wconf 82' lang='grc' dir='ltr'><em>κατὰ)</em></span> <span class='ocrx_word' id='word_1_209' title='bbox 1297 2164 1389 2212; x_wconf 87' lang='grc' dir='ltr'><em>τοὺς</em></span> <span class='ocrx_word' id='word_1_210' title='bbox 1426 2164 1599 2218; x_wconf 81' lang='grc' dir='ltr'><em>φόρτους</em></span> <span class='ocrx_word' id='word_1_211' title='bbox 1635 2164 1701 2204; x_wconf 83' lang='grc' dir='ltr'><em>καὶ</em></span> <span class='ocrx_word' id='word_1_212' title='bbox 1739 2164 1832 2212; x_wconf 83' lang='grc' dir='ltr'><em>τοὺς</em></span> 
     </span>
     <span class='ocr_line' id='line_1_27' title="bbox 261 2221 1830 2276; baseline 0.001 -14"><span class='ocrx_word' id='word_1_213' title='bbox 261 2226 384 2270; x_wconf 82' lang='grc' dir='ltr'><em>πλοῦς</em></span> <span class='ocrx_word' id='word_1_214' title='bbox 415 2229 492 2263; x_wconf 82' lang='grc' dir='ltr'><em>τῶν</em></span> <span class='ocrx_word' id='word_1_215' title='bbox 522 2222 703 2275; x_wconf 83' lang='grc' dir='ltr'><em>ἐμπόρων</em></span> <span class='ocrx_word' id='word_1_216' title='bbox 734 2222 800 2262; x_wconf 82' lang='grc' dir='ltr'><em>καὶ</em></span> <span class='ocrx_word' id='word_1_217' title='bbox 830 2223 955 2270; x_wconf 70' lang='grc' dir='ltr'><em>οὕτως</em></span> <span class='ocrx_word' id='word_1_218' title='bbox 993 2223 1124 2271; x_wconf 83' lang='grc' dir='ltr'><em>αὐτοῖς</em></span> <span class='ocrx_word' id='word_1_219' title='bbox 1157 2221 1511 2276; x_wconf 83' lang='grc' dir='ltr'><em>ἐπιβουλευόντων,</em></span> <span class='ocrx_word' id='word_1_220' title='bbox 1545 2223 1641 2263; x_wconf 79' lang='grc' dir='ltr'><em>ὅθεν</em></span> <span class='ocrx_word' id='word_1_221' title='bbox 1672 2221 1697 2275; x_wconf 77' lang='grc' dir='ltr'><em>ἡ</em></span> <span class='ocrx_word' id='word_1_222' title='bbox 1730 2238 1830 2276; x_wconf 86' lang='grc' dir='ltr'><em>παρ-</em></span> 
     </span>
     <span class='ocr_line' id='line_1_28' title="bbox 263 2281 1830 2335; baseline 0.001 -14"><span class='ocrx_word' id='word_1_223' title='bbox 263 2282 371 2332; x_wconf 89' lang='grc' dir='ltr'><em>οιμία</em></span> <span class='ocrx_word' id='word_1_224' title='bbox 414 2281 477 2321; x_wconf 82' lang='grc' dir='ltr'><em>ἐπὶ</em></span> <span class='ocrx_word' id='word_1_225' title='bbox 513 2288 591 2322; x_wconf 84' lang='grc' dir='ltr'><em>τῶν</em></span> <span class='ocrx_word' id='word_1_226' title='bbox 628 2281 986 2335; x_wconf 78' lang='grc' dir='ltr'><em>περιεργαζομένων</em></span> <span class='ocrx_word' id='word_1_227' title='bbox 1023 2282 1069 2322; x_wconf 83' lang='grc' dir='ltr'><em>τὰ</em></span> <span class='ocrx_word' id='word_1_228' title='bbox 1106 2282 1309 2335; x_wconf 83' lang='grc' dir='ltr'><em>ἀπόρρητα</em></span> <span class='ocrx_word' id='word_1_229' title='bbox 1346 2287 1422 2323; x_wconf 85' lang='grc' dir='ltr'><em>κτλ.</em></span> <span class='ocrx_word' id='word_1_230' title='bbox 1484 2285 1532 2322; x_wconf 84' lang='lat' dir='ltr'><em>of.</em></span> <span class='ocrx_word' id='word_1_231' title='bbox 1570 2285 1691 2322; x_wconf 83' lang='lat' dir='ltr'>etiam</span> <span class='ocrx_word' id='word_1_232' title='bbox 1729 2296 1830 2334; x_wconf 85' lang='lat' dir='ltr'>quae</span> 
     </span>
     <span class='ocr_line' id='line_1_29' title="bbox 263 2341 1828 2395; baseline 0.001 -15"><span class='ocrx_word' id='word_1_233' title='bbox 263 2343 506 2381; x_wconf 81' lang='lat' dir='ltr'>adnotantur</span> <span class='ocrx_word' id='word_1_234' title='bbox 543 2343 594 2381; x_wconf 82' lang='lat' dir='ltr'><em>ad</em></span> <span class='ocrx_word' id='word_1_235' title='bbox 631 2343 873 2392; x_wconf 82' lang='lat' dir='ltr'>Antiphanis</span> <span class='ocrx_word' id='word_1_236' title='bbox 913 2341 1110 2394; x_wconf 86' lang='grc' dir='ltr'><em>Κώρυκον</em></span> <span class='ocrx_word' id='word_1_237' title='bbox 1142 2344 1183 2382; x_wconf 91' lang='grc' dir='ltr'>Π</span> <span class='ocrx_word' id='word_1_238' title='bbox 1216 2345 1283 2382; x_wconf 89' lang='grc'><em>66.</em></span> <span class='ocrx_word' id='word_1_239' title='bbox 1331 2343 1516 2393; x_wconf 84' lang='lat' dir='ltr'>Dioxipp.</span> <span class='ocrx_word' id='word_1_240' title='bbox 1552 2345 1589 2382; x_wconf 88' lang='lat'><em>3.</em></span> <span class='ocrx_word' id='word_1_241' title='bbox 1624 2365 1676 2370; x_wconf 89' lang='lat'>-</span> <span class='ocrx_word' id='word_1_242' title='bbox 1710 2341 1828 2395; x_wconf 75' lang='grc' dir='ltr'><em>ἠκρο-</em></span> 
     </span>
     <span class='ocr_line' id='line_1_30' title="bbox 263 2399 923 2454; baseline 0.002 -14"><span class='ocrx_word' id='word_1_243' title='bbox 263 2401 382 2441; x_wconf 84' lang='grc' dir='ltr'><em>άσατο</em></span> <span class='ocrx_word' id='word_1_244' title='bbox 416 2401 551 2452; x_wconf 83' lang='lat' dir='ltr'>Steph.</span> <span class='ocrx_word' id='word_1_245' title='bbox 585 2400 676 2451; x_wconf 92' lang='lat' dir='ltr'><em>AV]</em></span> <span class='ocrx_word' id='word_1_246' title='bbox 704 2399 923 2454; x_wconf 79' lang='grc' dir='ltr'><em>ἠκροάζετο.</em></span> 
     </span>
    </p>
   </div>
   <div class='ocr_carea' id='block_1_8' title="bbox 381 2542 1825 2847">
    <p class='ocr_par' dir='ltr' id='par_1_8' title="bbox 381 2542 1825 2847">
     <span class='ocr_line' id='line_1_31' title="bbox 1001 2542 1082 2584; baseline 0.012 -1"><span class='ocrx_word' id='word_1_247' title='bbox 1001 2542 1082 2584; x_wconf 84' lang='grc'><em>151</em></span> 
     </span>
     <span class='ocr_line' id='line_1_32' title="bbox 902 2609 1511 2680; baseline 0 -13"><span class='ocrx_word' id='word_1_248' title='bbox 902 2626 984 2667; x_wconf 88' lang='grc' dir='ltr'><em>πίε.</em></span> <span class='ocrx_word' id='word_1_249' title='bbox 1039 2610 1095 2666; x_wconf 88' lang='grc' dir='ltr'><em>Β.</em></span> <span class='ocrx_word' id='word_1_250' title='bbox 1126 2632 1245 2667; x_wconf 80' lang='grc' dir='ltr'><em>πιεῖν</em></span> <span class='ocrx_word' id='word_1_251' title='bbox 1277 2609 1511 2680; x_wconf 79' lang='grc' dir='ltr'><em>ἀναγκάσω</em></span> 
     </span>
     <span class='ocr_line' id='line_1_33' title="bbox 545 2696 1162 2752; baseline 0 -14"><span class='ocrx_word' id='word_1_252' title='bbox 545 2696 627 2751; x_wconf 84' lang='grc' dir='ltr'><em>τὴν</em></span> <span class='ocrx_word' id='word_1_253' title='bbox 660 2697 893 2752; x_wconf 74' lang='grc' dir='ltr'><em>ἱερόσυλον</em></span> <span class='ocrx_word' id='word_1_254' title='bbox 923 2703 1084 2752; x_wconf 83' lang='grc' dir='ltr'><em>πρῶτα.</em></span> <span class='ocrx_word' id='word_1_255' title='bbox 1157 2714 1162 2718; x_wconf 93' lang='grc'><em>·</em></span> 
     </span>
     <span class='ocr_line' id='line_1_34' title="bbox 381 2791 1825 2847; baseline 0.001 -14"><span class='ocrx_word' id='word_1_256' title='bbox 381 2795 612 2833; x_wconf 81' lang='lat' dir='ltr'>Athenaeus</span> <span class='ocrx_word' id='word_1_257' title='bbox 635 2797 703 2845; x_wconf 83' lang='lat'><em>10,</em></span> <span class='ocrx_word' id='word_1_258' title='bbox 724 2796 844 2833; x_wconf 87' lang='lat' dir='ltr'>446e</span> <span class='ocrx_word' id='word_1_259' title='bbox 878 2794 942 2833; x_wconf 87' lang='grc' dir='ltr'><em>πίε</em></span> <span class='ocrx_word' id='word_1_260' title='bbox 974 2793 1218 2845; x_wconf 86' lang='grc' dir='ltr'><em>δισυλλάβως</em></span> <span class='ocrx_word' id='word_1_261' title='bbox 1250 2791 1329 2847; x_wconf 82' lang='grc' dir='ltr'><em>(ἀεὶ</em></span> <span class='ocrx_word' id='word_1_262' title='bbox 1360 2793 1676 2846; x_wconf 79' lang='grc' dir='ltr'><em>συνεσταλμένως</em></span> <span class='ocrx_word' id='word_1_263' title='bbox 1707 2795 1825 2835; x_wconf 89' lang='lat' dir='ltr'>Mein.</span> 
     </span>
    </p>
   </div>
   <div class='ocr_carea' id='block_1_9' title="bbox 262 2849 1825 2953">
    <p class='ocr_par' dir='ltr' id='par_1_9' title="bbox 262 2849 1825 2953">
     <span class='ocr_line' id='line_1_35' title="bbox 262 2849 1825 2909; baseline 0.001 -17"><span class='ocrx_word' id='word_1_264' title='bbox 262 2854 377 2892; x_wconf 85' lang='lat' dir='ltr'>Anal.</span> <span class='ocrx_word' id='word_1_265' title='bbox 404 2854 497 2892; x_wconf 86' lang='lat' dir='ltr'>Ath.</span> <span class='ocrx_word' id='word_1_266' title='bbox 526 2849 643 2907; x_wconf 89' lang='lat'>202).</span> <span class='ocrx_word' id='word_1_267' title='bbox 693 2852 936 2905; x_wconf 85' lang='grc' dir='ltr'><em>Μένανδρος</em></span> <span class='ocrx_word' id='word_1_268' title='bbox 965 2852 1007 2892; x_wconf 83' lang='grc' dir='ltr'><em>ἐν</em></span> <span class='ocrx_word' id='word_1_269' title='bbox 1029 2850 1268 2909; x_wconf 82' lang='grc' dir='ltr'><em>Ἐγχειριδίῳ</em></span> <span class='ocrx_word' id='word_1_270' title='bbox 1299 2856 1376 2893; x_wconf 88' lang='grc' dir='ltr'><em>κτλ.</em></span> <span class='ocrx_word' id='word_1_271' title='bbox 1431 2855 1495 2894; x_wconf 89' lang='grc' dir='ltr'><em>πίε</em></span> <span class='ocrx_word' id='word_1_272' title='bbox 1527 2855 1658 2894; x_wconf 90' lang='lat' dir='ltr'>verbis</span> <span class='ocrx_word' id='word_1_273' title='bbox 1683 2857 1825 2904; x_wconf 71' lang='lat' dir='ltr'>poetae</span> 
     </span>
     <span class='ocr_line' id='line_1_36' title="bbox 263 2913 572 2953; baseline 0.003 -1"><span class='ocrx_word' id='word_1_274' title='bbox 263 2913 349 2952; x_wconf 80' lang='lat' dir='ltr'><strong>add.</strong></span> <span class='ocrx_word' id='word_1_275' title='bbox 383 2913 572 2953; x_wconf 76' lang='lat' dir='ltr'>Clericus.</span> 
     </span>
    </p>
   </div>
  </div>
 </body>
</html>
