2014 3334
829 205 1165 240 ΧΑΡῙΚΛΕΙΔΗΣ
1703 204 1791 247 393

666 350 1324 422 ΦΙΛΟΣΤΕΦΑΝΟΣ

818 448 990 487 Meinek.
1023 449 1041 487 Ι
1075 450 1173 489 498.

901 528 1110 562 AHAIOZ'

324 602 385 643 Cf.
417 602 567 644 Criton.
602 605 649 656 3,
682 605 721 644 8.
773 604 944 644 fortasse
989 618 1132 645 scaena
1175 605 1337 645 fabulae
1371 605 1502 645 ‘Delos
1543 605 1634 644 fuit.
1696 618 1791 644 nam

202 663 374 703 Athenis
405 666 514 703 certe
545 677 627 704 non
657 664 747 704 fuit.
798 665 846 704 cf.
878 665 925 705 fr.
962 667 998 704 1.

982 747 1004 790 1

418 829 548 880 εἰδώς
579 839 628 872 σε
659 829 840 873 πάντων
873 829 1146 887 διαφέροντα
1177 836 1230 887 τῇ
1262 830 1396 887 τέχνῃ

417 907 470 958 τῇ
502 899 540 944 τ’
577 898 755 958 ὀξύτητι
785 903 893 959 μετὰ
927 905 1152 959 Θίβρωνα,
1187 904 1402 957 Δαίδαλε,

419 974 498 1017 τὸν
531 973 574 1026 ἐξ
602 972 824 1031 Ἀθηνῶν,
856 976 937 1019 τὸν
968 976 1249 1032 καλούμενον
1281 974 1445 1031 Πέρας,

421 1046 529 1097 δοὺς
560 1048 730 1103 μισθὸν
762 1047 816 1091 ὅν
847 1046 892 1104 μ’
928 1047 1096 1106 ᾔτησας
1125 1048 1217 1104 ἥκω
1251 1046 1373 1104 δεῦρ’
1411 1048 1545 1103 ἄγων.

328 1146 560 1186 Athenaeus
583 1149 620 1197 7,
636 1149 734 1187 292.
750 1150 774 1188 3
806 1145 1104 1199 Φιλοστέφανος
1124 1146 1168 1188 ἐν
1182 1148 1316 1205 Δηλίῳ
1336 1146 1403 1187 καὶ
1424 1145 1599 1199 ὀνόματα
1619 1146 1794 1196 ἐνδόξων

205 1205 404 1260 μαγείρων
435 1204 479 1246 ἐν
510 1206 640 1247 τοῖσδε
670 1206 870 1262 καταλέγει
895 1211 974 1249 κτλ.
1038 1211 1076 1249 2.
1112 1208 1300 1261 Θίβρωνα
1321 1207 1539 1259 Gaisford]
1578 1207 1792 1260 θίμβρωνα

205 1265 288 1306 ΑΟ.
337 1266 512 1307 Δαίδαλε
530 1266 653 1319 Mus]
682 1267 821 1309 δεδαλε
846 1269 895 1309 Α.
958 1271 997 1310 4.
1029 1265 1070 1320 μ’
1100 1269 1189 1309 add.
1211 1268 1381 1309 Casaub.
1413 1265 1524 1322 ἄγων
1545 1266 1788 1320 Schweighjj

205 1324 314 1380 ἄγων
346 1338 389 1367 σε
420 1327 468 1367 A.
562 1329 599 1369 3.
633 1329 680 1368 cf.
716 1329 854 1369 Oobess.
885 1330 935 1370 N.
967 1330 993 1369 1.
1028 1332 1095 1370 71.
1118 1332 1154 1369 2.
1211 1329 1314 1370 Plin.
1346 1329 1394 1369 N.
1428 1330 1465 1369 h.
1499 1330 1574 1381 34,
1609 1330 1663 1368 55
1703 1331 1794 1378 fecit

206 1382 468 1442 (Polyclitus)
516 1392 551 1428 et
585 1402 696 1438 quem
733 1402 915 1429 canona
951 1392 1121 1438 artifices
1150 1393 1304 1435 vocant,
1343 1391 1578 1429 lineamenta
1617 1391 1716 1429 artis
1749 1402 1794 1429 ex

206 1460 247 1487 eo
270 1451 454 1498 petentes,
485 1450 603 1489 veluti
634 1463 660 1490 a
691 1451 770 1500 leye
801 1451 985 1500 quadam.

798 1687 845 1736 Φ
874 1688 918 1738 O
946 1688 987 1736 P
1013 1687 1064 1736 M
1091 1687 1135 1737 O
1161 1688 1204 1736 Σ

861 1780 1142 1814 ATAAANTAI

496 1913 680 1968 φοίνικα

328 1997 397 2038 τὸν
434 1998 619 2054 καρπὸν
651 2030 660 2039 .
693 2030 702 2040 .
734 1998 923 2052 κέκληκεν
955 2031 964 2040 .
997 2030 1006 2040 .
1039 2031 1048 2041 .
1092 1998 1252 2052 Φόρμος
1284 1996 1305 2039 ὅ
1338 1997 1510 2050 κωμικὸς
1542 1997 1585 2038 ἐν
1609 1995 1796 2038 Ἀταλάν-

210 2074 304 2107 ταις.
354 2059 588 2101 Athenaeus
619 2062 684 2112 14,
712 2063 795 2101 652
806 2074 841 2101 a.
891 2061 993 2100 nihil
1024 2061 1186 2100 aliunde
1213 2062 1261 2100 de
1285 2061 1360 2100 hoc
1392 2060 1542 2100 comico
1575 2059 1796 2111 cognitum.

209 2120 390 2160 Phormis
420 2122 564 2171 poetae
595 2133 741 2160 nomen
773 2123 833 2161 est
866 2122 974 2173 apud
1006 2121 1183 2161 Suidam.

717 2357 971 2407 XAPIK
985 2358 1029 2406 A
1044 2358 1087 2406 Ε
1100 2358 1292 2407 ΙΔΗΣ

770 2455 942 2495 Meinek.
968 2455 988 2494 I
1014 2456 1112 2495 423.
1140 2456 1240 2495 490.

913 2547 1102 2581 ΑΛΤΣΙΣ

332 2623 479 2662 Pollux
514 2624 586 2675 10,
621 2625 705 2664 167
749 2620 774 2675 ἡ
814 2622 952 2672 ἅλυσις
995 2622 1045 2664 οὐ
1089 2622 1215 2675 μόνον
1259 2620 1323 2662 ἐπὶ
1366 2628 1436 2662 τοῦ
1482 2622 1651 2673 δεσμοῦ,
1702 2620 1799 2661 ἀλλὰ

213 2682 280 2723 καὶ
311 2682 375 2723 ἐπὶ
405 2687 475 2723 τοῦ
507 2684 736 2736 γυναικείου
768 2683 931 2736 κόσμου.
994 2684 1164 2736 Hesyeh.
1199 2680 1382 2723 ἁλύσιον·
1415 2681 1456 2722 τὸ
1488 2680 1577 2735 περὶ
1608 2679 1676 2721 τὸν
1707 2681 1799 2733 τρά-

215 2747 335 2797 χηλον
366 2742 544 2784 πλόκιον.
606 2745 655 2784 cf.
687 2743 893 2796 Aristoph.
914 2745 963 2784 fr.
985 2746 1083 2795 320,
1112 2746 1178 2783 12.
1229 2743 1416 2783 Menand.
1451 2744 1548 2782 258.
1580 2742 1799 2793 Philippid.

218 2807 286 2845 33.
319 2804 470 2844 similes
501 2804 733 2844 fabularum
764 2805 877 2844 tituli
908 2805 1162 2844 Pherecratis
1187 2805 1337 2856 Λῆροι,
1369 2802 1579 2842 Menandri
1610 2801 1800 2843 Πλόκιον.

160 2898 163 2901 .
216 2866 351 2916 potest]
388 2867 524 2904 tamen
565 2878 652 2904 esse
684 2863 822 2913 ἅλυσις
853 2865 977 2905 etiam
1007 2863 1252 2916 κατάδεσμος
1282 2864 1462 2916 magicus
1495 2857 1670 2916 (vincula
1702 2863 1799 2906 Hor,

219 2924 304 2965 Sat.
338 2927 375 2976 1,
408 2926 447 2976 8,
481 2926 547 2965 50.
599 2927 690 2966 licia
720 2924 842 2978 Verg.
875 2926 958 2965 Ecl.
992 2926 1030 2977 8,
1064 2920 1151 2976 74).
