2014 3334
334 256 421 299 660
640 241 643 246 ’
974 253 1238 287 ΑΔΕΣΠΟΤΑ,

335 371 460 414 λωνος
500 363 690 420 (Πυθίου
728 362 792 418 τε)
833 362 1058 417 κώρφέως
1086 360 1091 415 Ι
1120 362 1545 415 ἐντετορευμένων,
1581 367 1747 415 θαῦμα
1783 361 1899 417 μέγα

334 431 432 473 τοῖς
460 425 631 479 ὁρῶσιν
659 421 774 478 (μέγα
799 429 841 463 θ.
866 427 947 471 τοῖς
972 421 1043 475 ὄρ,
1069 419 1175 477 ἐντ.).
1242 425 1293 462 18
1322 422 1407 462 οὐκ
1432 421 1556 471 εῦξει
1582 423 1681 462 τότε
1709 418 1899 477 Ιχανεῖν

335 497 410 525 σοι
434 484 518 535 τὴν
542 490 631 538 γῆν
657 482 706 536 (τ.
731 500 765 537 γ.
789 500 820 536 χ.
842 479 910 537 6.),
935 481 1050 522 κατὰ
1076 488 1277 522 σεαυτοῦ
1304 478 1412 537 (add.
1437 479 1694 537 καταφανεὶς)
1719 477 1724 537 Ι
1746 480 1767 522 ὁ
1786 484 1898 522 Βελ-

333 543 623 596 λεροφόντης
653 541 923 595 περιφέρων
953 541 1002 581 τὸ
1034 542 1253 594 βυβλίον;

455 606 506 642 23
535 604 655 654 μυρία
694 603 769 656 γάρ
810 601 887 642 ἐστι
926 600 973 640 τὰ
1013 600 1375 654 ἀντιμαρτυροῦντα
1414 604 1467 658 τῷ
1508 601 1685 654 σχήματι,
1725 600 1899 653 βάδισμα

334 662 399 702 καὶ
425 661 559 713 φωνὴ
587 659 650 717 (φ.
675 659 734 716 τε)
759 660 838 701 καὶ
861 661 1091 714 τράχηλος
1111 659 1512 712 ἐπικεκλασμένος
1533 659 1538 715 Ι
1560 659 1637 700 καὶ
1655 660 1898 712 ψιμύθιον

333 721 411 761 καὶ
442 723 639 774 μαστίχη
671 720 749 760 καὶ
780 726 932 772 φῦκος
964 715 1050 775 (καὶ
1079 720 1257 772 μαστίχη,
1283 720 1418 771 4φῦκός
1447 735 1486 760 τε
1516 719 1583 760 καὶ
1606 715 1683 774 ψ.).

455 784 508 822 25
535 780 723 834 ταμιεύου
754 779 966 834 τάργύριον
998 811 1007 820 .
1033 809 1043 819 .
1075 778 1134 827 ὡς
1165 780 1289 819 οἴκοι
1319 779 1386 820 καὶ
1416 779 1531 819 κατὰ
1561 778 1712 830 πολλὴν
1743 777 1897 830 ἀσφά-

332 845 462 881 λειαν
505 846 653 880 ταῦτα
699 844 857 880 ποιεῖν
900 838 978 879 καὶ
1020 839 1219 891 πάσχειν
1259 838 1366 895 ἔχῃς
1406 836 1479 894 (ὡς
1519 839 1590 879 οἴκ.
1622 842 1750 878 ποιεῖν
1777 840 1784 887 Ι
1811 835 1896 878 κατ’

333 899 427 951 ἀσφ.
459 906 580 940 ταῦτα
610 899 676 939 καὶ
706 899 821 952 πάσχ.
853 895 935 953 ἐχ).

966 991 1259 1035 1473-1477

452 1068 654 1107 Lucianus
686 1067 867 1106 Calumn.
897 1069 917 1105 1
954 1064 1115 1105 δεινόν
1146 1080 1188 1119 γε
1214 1062 1239 1117 ἡ
1268 1061 1339 1119 (ὡς
1365 1066 1399 1105 δ.
1426 1061 1527 1119 ἐστ’)
1559 1063 1800 1118 ἄγνοια...
1819 1064 1898 1105 τὸν

332 1126 530 1167 ἑκάστου
563 1128 671 1180 βίον
700 1122 705 1181 Ι
734 1122 1092 1179 ἐπηλυγάζουσ’·
1130 1124 1179 1164 ἐν
1217 1124 1363 1180 σκότῳ
1399 1130 1500 1178 γοῦν
1535 1120 1896 1180 πλανωμένοιςΙ

332 1188 474 1234 πάντες
515 1182 705 1240 (fortasse
746 1182 877 1239 ἡμεῖς)
920 1184 1141 1236 ἐοίκαμεν
1182 1180 1391 1238 (ἔοιγμεν),
1431 1187 1580 1236 μᾶλλον
1620 1182 1662 1224 δὲ
1700 1187 1899 1235 τυφλοῖς

333 1247 472 1298 ὅμοια
503 1245 818 1297 πεπόνθαμεν
851 1241 936 1297 (καὶ
967 1259 998 1284 τ.
1028 1258 1118 1284 πεπ.
1147 1241 1151 1297 Ι
1181 1239 1261 1298 ὅμ.)
1283 1274 1292 1283 .
1311 1274 1322 1283 .
1341 1275 1351 1286 .
1370 1242 1468 1297 λέγω
1501 1242 1575 1283 δὲ.
1595 1274 1604 1284 .
1626 1275 1634 1283 .
1661 1242 1897 1296 ἀποβλέπων

332 1307 494 1358 μάλιστα
528 1306 583 1353 εἰς
623 1304 690 1353 τὰς
730 1304 804 1345 οὐκ
844 1303 1008 1356 ἀληθεῖς
1037 1302 1135 1343 κατὰ
1167 1303 1360 1355 συνήθων
1390 1302 1457 1343 καὶ
1487 1304 1614 1354 φίλων
1647 1303 1897 1356 διαβολάς,

331 1363 404 1416 ὑφ’
429 1360 485 1404 ὧν
510 1363 600 1416 ἤδη
626 1363 692 1404 καὶ
718 1360 844 1404 οἶκοι
869 1362 1124 1403 ἀνάστατοι
1151 1358 1272 1417 (οἶκοι
1296 1362 1371 1416 γὰρ
1390 1361 1469 1414 ’ἤδη
1490 1363 1693 1415 διαβολαῖς
1713 1357 1866 1416 ἀνάστ.)
1889 1358 1893 1417 Ι

331 1424 585 1478 γεγόνασιν
631 1423 697 1463 καὶ
742 1423 904 1471 πόλεις
950 1421 1100 1476 ἄρδην
1147 1421 1413 1462 ἀπολώλασι
1460 1418 1571 1477 (ἅρδ.
1617 1418 1652 1461 τ’
1701 1421 1896 1470 ἐξαπολώ-

332 1488 444 1524 λασιν
475 1480 548 1538 π.).
578 1479 582 1538 Ι

453 1546 477 1582 5
503 1542 703 1582 κατόπιν
736 1540 783 1581 δὲ
814 1540 1031 1594 ἠκολούθει
1054 1545 1296 1588 πενθικῶς
1320 1556 1388 1589 τις
1414 1538 1737 1592 ἐσκευασμένη
1759 1536 1763 1595 Ι
1787 1536 1896 1595 (add.

334 1598 484 1657 ἕπεται)
517 1602 814 1654 μελανείμων
845 1600 922 1640 καὶ
958 1599 1379 1653 κατεσπαραγμένη
1407 1602 1413 1649 1
1441 1601 1701 1640 Μετάνοια.
1757 1603 1896 1652 μελαν-

332 1663 454 1714 είμων
485 1676 561 1703 vox
593 1662 760 1714 tragica,
793 1662 863 1701 sed
893 1661 935 1700 in
965 1661 1040 1700 tali
1070 1674 1113 1699 re
1145 1661 1269 1700 etiam
1298 1661 1524 1700 comoediae
1556 1663 1663 1711 apta.

453 1725 476 1761 6
515 1727 657 1774 τριῶν
694 1719 699 1772 Ι
737 1719 887 1760 ὄντων
929 1719 1214 1773 προσώπων,
1256 1719 1475 1772 καθάπερ
1519 1718 1568 1758 ἐν
1610 1723 1693 1766 ταῖς
1734 1734 1895 1775 κωμῳ-

333 1782 478 1832 δίαις,
518 1776 603 1831 Ι..
635 1812 644 1821 .
703 1783 725 1820 7
758 1779 1082 1833 παραγάγωμεν
1124 1778 1204 1819 τὸν
1247 1777 1649 1832 πρωταγωνιστὴν
1693 1774 1786 1833 (τὸν
1831 1793 1897 1831 πρ.

330 1836 515 1894 παράγω)
547 1845 628 1880 τοῦ
661 1839 916 1892 δράματος,
945 1839 950 1888 Ι
978 1836 1075 1891 λέγω
1109 1836 1150 1878 δὲ
1181 1837 1262 1878 τὸν
1292 1837 1462 1890 ποιητὴν
1489 1833 1583 1892 (scr.
1609 1833 1791 1893 εὑρετὴν)
1816 1843 1899 1890 τῆς

333 1901 572 1952 διαβολῆς.
636 1894 751 1946 οὗτος
791 1897 834 1938 δὲ
875 1897 924 1949 δὴ
966 1896 1019 1946 ὡς
1059 1895 1131 1950 μὲν
1172 1897 1246 1938 οὐκ
1277 1893 1466 1952 (fortasse
1498 1896 1551 1945 ὡς
1582 1894 1618 1937 δ’
1655 1893 1892 1952 οὐδαμῶς)Ι

331 1959 513 2013 ἀγαθὸς
545 1957 801 2011 ἅνθρωπός
833 1954 970 2011 (ἅνθρ.
1002 1953 1084 2011 ἀγ.)
1111 1956 1224 2008 ἐστι,
1255 1963 1394 1997 πᾶσιν
1420 1952 1530 2009 οἶμαι
1553 1956 1796 2010 γνώριμον
1818 1952 1895 2012 Ι..

333 2023 357 2058 8
385 2018 515 2059 ἔπειτα
546 2016 594 2057 δὲ
626 2016 685 2066 ὡς
722 2014 794 2072 (ὡς
820 2014 879 2072 δ’)
913 2015 1078 2064 ἄδικος
1110 2015 1130 2057 ὅ
1162 2022 1338 2065 τοιοῦτος
1373 2015 1452 2056 καὶ
1487 2016 1765 2070 παράνομός
1801 2015 1897 2057 ἐστι

333 2075 455 2133 (licha.
487 2077 566 2117 ἐστι
596 2076 662 2117 καὶ
692 2075 752 2131 π.)
783 2076 1008 2129 κάσεβής,
1036 2078 1041 2125 Ι
1070 2075 1209 2132 ῥᾴδιον
1239 2080 1496 2127 καταμαθεῖν.

454 2141 505 2177 19
534 2133 615 2176 εἶτ’
645 2135 829 2176 ἐπειδὰν
857 2132 994 2190 (ἐπὰν)
1020 2135 1153 2183 ἐντὸς
1184 2136 1305 2184 ἅπαξ
1330 2142 1408 2175 τῶν
1433 2142 1597 2188 τειχῶν
1623 2132 1776 2189 (τειχῶν
1800 2135 1867 2175 aaz.
1890 2131 1894 2190 Ι

332 2193 424 2250 ἐντ.)
457 2195 709 2250 γένωνται,
746 2199 1050 2250 πυρπολοῦσι
1086 2196 1239 2235 πάντα
1274 2194 1352 2235 καὶ
1391 2196 1396 2245 Ι
1436 2195 1606 2235 κάουσι
1642 2194 1721 2236 καὶ
1752 2195 1898 2246 σφάτ-

332 2269 471 2297 τουσι
500 2255 566 2296 καὶ
597 2255 890 2306 ἐξελαύνουσιν,
921 2251 986 2295 οἷα
1016 2254 1119 2302 εἰκὸς
1150 2253 1408 2307 ἁλισκομένης
1438 2261 1572 2307 ψυχῆς
1598 2287 1606 2296 .
1634 2286 1641 2294 .
1667 2254 1760 2308 ἔργα
1785 2251 1897 2294 εἶναι.

452 2319 505 2356 25
539 2314 613 2355 εἰσὶ
653 2314 695 2355 δέ
731 2330 854 2366 τινες,
892 2316 932 2354 οἳ
966 2313 1043 2355 κᾶν
1081 2315 1267 2366 μάθωσιν
1303 2314 1468 2367 ὕστερον
1505 2313 1651 2362 ἀδίκως
1688 2315 1896 2366 διαβεβλη-

332 2375 474 2427 μένους
510 2372 603 2427 παρ’
640 2374 774 2422 αὐτοῖς
810 2373 902 2422 τοὺς
939 2375 1101 2425 φίλους,
1139 2373 1262 2426 ὅμως
1302 2370 1375 2413 ὑπ’
1411 2374 1599 2426 αἰσχύνης
1631 2370 1808 2427 (αἰδοῦς)
1829 2405 1836 2413 .
1857 2406 1865 2414 .
1887 2406 1895 2413 .

333 2433 419 2474 οὐδ’
449 2435 515 2474 ἔτι
545 2435 783 2486 προσίεσθαι
814 2432 926 2474 οὐδὲ
956 2432 1275 2487 προσβλέπειν
1307 2429 1420 2485 (οὐδὲ
1444 2448 1510 2486 πρ.
1538 2430 1611 2487 ἔτι)
1634 2428 1638 2487 Ι
1661 2437 1894 2485 τολμῶσιν

332 2494 495 2542 αὐτοῖς
526 2494 679 2547 ὥσπερ
710 2491 1020 2546 ἠδικημένοι,
1052 2493 1109 2533 ὅτι
1140 2491 1264 2545 μηδὲν
1295 2491 1532 2541 ἀδικοῦντας
1562 2491 1799 2546 ἐπέγνωσαν.

897 2611 979 2673 147
985 2611 1023 2653 8.
1056 2610 1203 2653 1479.·
1219 2609 1332 2652 1480

453 2697 654 2736 Lucianus
691 2697 796 2736 Dial.
838 2699 998 2736 mel-etr.
1025 2698 1071 2750 4,
1097 2698 1119 2736 1
1155 2691 1213 2735 δι’
1255 2692 1315 2746 ἣν
1354 2694 1585 2742 τοσαύτας
1625 2691 1767 2748 ὀργὰς
1805 2700 1895 2735 τῶν

333 2754 512 2807 γονέων
537 2754 760 2808 ἠνέσχετο
787 2751 884 2810 (τῶν
909 2772 944 2808 γ.
968 2754 1031 2807 ἠν.
1060 2756 1066 2806 Ι
1094 2752 1195 2809 ὀργ.)
1221 2754 1275 2794 οὐ
1301 2753 1517 2807 βουληθεὶς
1547 2752 1630 2805 τὴν
1661 2754 1895 2794 πλουσίαν

335 2814 523 2867 ἐκείνην
566 2813 641 2869 (ἐκ.
682 2814 765 2855 οὐκ·
797 2813 947 2855 ἐθέλων
986 2813 1059 2866 τὴν
1101 2810 1184 2869 πλ.)
1218 2815 1226 2863 Ι
1256 2820 1403 2867 γῆμαι
1433 2812 1570 2853 πέντε
1603 2812 1787 2866 προικὸς
1816 2813 1893 2852 τά-

336 2876 483 2924 λαντα,
523 2873 576 2923 ὡς
616 2874 770 2928 ἔλεγον,
811 2873 1150 2928 ἐπιφερομένην
1190 2869 1409 2924 (ταλάντων
1444 2871 1560 2921 ,πέντε
1599 2876 1743 2926 προῖκα
1777 2887 1891 2926 φερο-

335 2930 485 2986 μένην).
