2014 3334
328 247 415 288 674
972 250 1234 284 ΑΔΕΣΠΟΤΑ

330 366 419 399 τῶν
453 358 708 410 στημόνων.
746 359 751 406 Ι
786 356 900 398 αἵδ’
935 357 1178 412 ’ἠρίθμουν
1211 358 1266 411 δὴ
1301 356 1408 415 (add.
1440 361 1568 401 πάντα
1599 361 1664 417 τὰ)
1695 377 1895 416 προσερ-

330 417 545 470 ραμμένα
572 417 576 470 Ι
605 422 702 465 τοῖς
743 417 1048 470 ὑποδήμασίν
1080 435 1158 471 μου
1189 420 1466 471 καττύματα.
1501 417 1506 473 Ι
1541 424 1639 474 836,
1674 425 1695 462 1
1735 423 1817 474 μία
1847 421 1897 463 δὲ

328 480 668 529 προσελθοῦσα
696 477 701 527 1
729 477 877 518 πόσον
906 477 992 517 οὐκ
1018 478 1216 530 ἐλούσω,
1248 480 1360 531 φησί,
1391 474 1581 532 χρόνον;
1609 512 1617 522 .
1643 511 1653 520 .
1678 480 1782 534 ἐμοὶ
1811 480 1896 534 μὲν

327 537 434 589 γάρ,
477 535 532 587 νὴ
577 535 662 587 τὴν
696 534 1002 589 Ἀφροδίτην,
1041 538 1198 586 δοκεῖς
1231 536 1306 591 (ἐμ.
1338 555 1376 591 μ.
1406 556 1440 592 γ.
1473 540 1569 592 δοκ,
1596 537 1602 592 Ι
1630 539 1680 592 νὴ
1712 556 1741 581 τ.
1769 538 1897 596 Ἀφρ.,

329 591 474 649 εὐθὺς)
501 591 547 638 ἐξ
580 595 688 636 ὅτου
719 595 961 649 παρεγένου
994 593 1182 652 (’γένου).
1211 595 1216 650 Ι
1739 636 1750 657 <

451 658 548 707 837,
584 658 636 694 14
670 654 804 695 ἀκούω
837 653 872 695 δ’
909 655 1011 708 ὑμᾶς
1043 688 1050 696 .
1079 687 1088 696 .
1117 657 1272 711 σφόδρα
1303 656 1541 710 ἁρμόζεσθαι
1573 655 1762 713 (fortasse
1786 659 1897 712 ’ὑμεῖς

326 714 401 768 γὰρ
434 712 672 767 ἆρμόττεσθέ
702 710 804 769 πως)
835 714 951 769 πρὸς
982 716 1091 764 τοὺς
1122 716 1327 771 τρόπους
1361 716 1367 768 Ι
1395 713 1503 771 (add.
1528 715 1638 772 τοὺς)
1671 725 1759 759 τῶν
1791 718 1923 773 ἔρα»

326 780 464 813 στῶν·
503 774 708 827 ἅρμοσαι
747 773 801 825 δὴ
843 771 952 829 (add.
983 774 1048 815 καὶ
1086 776 1134 816 σύ
1166 772 1228 831 γε)
1263 775 1269 829 Ι
1301 776 1417 831 πρὸς
1453 777 1532 817 τὸν
1570 777 1664 829 ἐμόν
1706 775 1894 831 (fortasse

324 833 423 887 πρὸς
458 833 526 873 τὸν
568 833 714 886 τρόπον
754 833 822 874 τὸν
865 831 1097 888 ἡμέτερον),
1140 833 1190 884 ὃς
1236 837 1498 889 λαμβάνειν
1526 835 1531 888 Ι
1560 837 1752 889 εἴωθεν,
1795 838 1894 891 οὐχὶ
1930 859 1932 865 ⁸

326 893 516 932 διδόναι
548 890 616 945 (οὐ
643 894 676 932 δ.
697 890 767 947 τι),
798 893 875 933 καὶ
907 894 1105 945 μάλιστα
1136 893 1238 947 μέν,
1266 896 1272 946 Ι
1300 890 1330 935 ὦ
1362 896 1580 948 φιλτάτη,
1611 895 1677 936 καὶ
1709 896 1806 945 δός·
1837 898 1893 938 οὐ

323 951 410 1005 γὰρ
448 950 649 1004 ἄμεινον
686 951 836 1000 ἄλλως
873 952 1105 1006 ἁρμόσαιο
1145 950 1214 1009 (οὐ
1238 971 1272 1008 γ.
1299 953 1389 1009 ἆρμ.
1414 953 1450 1009 γ’
1485 954 1536 995 ἂν
1569 953 1573 1008 Ι
1602 954 1665 1008 ἅμ.
1698 954 1817 1010 hm)-
1854 957 1896 997 εἰ

323 1010 371 1050 δὲ
402 1011 484 1062 μή,
512 1010 517 1065 Ι
546 1011 598 1063 μὴ
633 1008 740 1066 (add.
773 1008 892 1067 γοῦν)
924 1010 965 1064 μ’
1000 1012 1189 1054 ἀπαίτει
1220 1013 1380 1066 μηδέν.

890 1165 1014 1208 1551.
1050 1166 1176 1208 1552.
1213 1166 1325 1210 1553

439 1264 658 1313 ΑΙυὶΡΙιιῸη
696 1266 731 1314 1,
764 1266 831 1312 39,
866 1266 888 1302 2
928 1270 1078 1303 πᾶσαι
1108 1270 1344 1317 παρῆμεν,
1380 1265 1608 1316 Θεττάλη,
1639 1266 1890 1320 Μοσχάριον,

325 1324 436 1373 Θαΐς,
463 1319 719 1376 Ἀνθράκιον,
750 1323 928 1374 Πετάλη,
964 1324 1177 1375 Θρυαλλίς,
1208 1325 1416 1376 Μυρρίνη,
1450 1325 1641 1377 Χρυσίον,
1673 1326 1891 1377 Ζευξίππη,

322 1382 423 1421 ὅπου
456 1381 522 1422 καὶ
557 1381 849 1433 Φιλουμένη,
879 1380 884 1434 Ι
911 1383 1036 1423 καίτοι
1072 1379 1260 1435 (fortasse
1292 1382 1390 1434 αὕτη
1423 1381 1466 1422 δὲ
1496 1380 1655 1437 καίπερ)
1685 1399 1888 1438 γεγαμη-

319 1440 434 1493 μένη
466 1442 750 1494 προσφάτως
782 1437 863 1493 (πρ.
890 1437 943 1495 γ.)
973 1445 979 1491 Ι
1006 1441 1071 1481 καὶ
1103 1441 1424 1494 ζηλοτυπουμένη
1453 1441 1458 1494 Ι
1486 1442 1565 1482 τὸν
1596 1442 1742 1483 καλὸν
1773 1442 1888 1484 ἀπο-

321 1502 580 1552 κοιμίσασα
611 1499 761 1554 ἄνδρα
787 1499 863 1554 (sic
881 1502 1084 1552 Hel-cher„
1104 1501 1171 1541 τὸν
1190 1498 1303 1554 ἄνδρ’
1327 1501 1443 1542 ἀποκ.
1474 1501 1542 1541 τὸν
1567 1499 1669 1555 καλ.)
1701 1500 1777 1554 ὀψὲ
1802 1502 1888 1555 μέν,

322 1560 427 1612 ὅμως
471 1559 513 1599 δὲ
555 1566 723 1612 παρῆν.
771 1560 778 1609 Ι
822 1563 846 1599 3
887 1556 991 1600 οἷον
1034 1558 1167 1612 ἡμῶν
1209 1560 1381 1614 ἐγένετο
1422 1556 1528 1616 (οἷον
1561 1558 1596 1600 δ’
1631 1561 1684 1615 ε’γ.
1714 1559 1802 1616 ῆμ.)
1839 1562 1886 1603 τὸ

319 1619 604 1671 συμπόσιον·
635 1620 680 1659 τί
719 1619 804 1672 γὰρ
845 1618 851 1670 Ι
885 1618 970 1671 οὐχ
1006 1620 1195 1671 ἅψομαί
1230 1632 1314 1660 σου
1342 1617 1529 1674 (fortasse
1562 1622 1651 1660 add.
1682 1624 1735 1678 τῷ
1766 1619 1887 1678 λόγῳ)

317 1685 397 1731 τῆς
427 1680 643 1731 καρδίας;
673 1679 678 1730 Ι
707 1678 829 1718 ὅσων
862 1675 969 1732 (add.
995 1675 1054 1733 τε)
1086 1680 1288 1731 χαρίτων
1325 1683 1509 1732 πλῆρες.
1560 1676 1695 1736 ᾠδαί,
1733 1681 1886 1733 σκώμ-

318 1753 456 1789 ματα,
490 1735 496 1791 Ι
528 1738 671 1786 πότος
708 1738 763 1786 εἰς
794 1736 1065 1789 ἀλεκτρυόνων
1099 1735 1224 1795 ᾠδάς,
1255 1738 1380 1792 μύρα,
1424 1737 1672 1790 στέφανοι,
1715 1740 1885 1794 τραγή-

317 1813 446 1848 ματα.
498 1796 730 1845 ὑπόσκιός
760 1810 836 1836 τισι
868 1798 1076 1849 δάφναις
1107 1793 1165 1850 ἦν
1195 1796 1220 1850 ἡ
1254 1799 1526 1846 κατάκλισις
1552 1794 1802 1852 (τραγήματ’·
1833 1795 1885 1852 ἦν

315 1857 454 1897 ὑπόσκ.
482 1854 487 1909 Ι
517 1858 732 1908 δάφναισιν
757 1854 782 1908 ἡ
809 1852 880 1911 κ.)·
907 1857 962 1896 ἲν
987 1858 1135 1908 μόνον
1166 1855 1279 1909 ἡμῖν
1306 1857 1370 1911 ((ὲν
1395 1854 1432 1897 δ’
1460 1855 1526 1909 ἡμ.
1552 1853 1610 1912 μ.)
1639 1856 1644 1912 Ι
1673 1857 1884 1899 ἐνέλειπε

315 1913 390 1969 (sic
422 1918 541 1956 Dobr.
573 1931 646 1967 pro
678 1912 822 1971 ἔλιπε),
860 1916 930 1967 σύ,
967 1916 1014 1956 τὰ
1052 1914 1088 1956 δ’
1129 1915 1227 1956 ἄλλα
1258 1915 1319 1958 οὔ.
1358 1913 1365 1970 Ι
1405 1919 1432 1956 4
1462 1917 1691 1965 πολλάκις
1723 1917 1882 1971 ἔκραι-

315 1976 610 2028 παλήσαμεν,
643 1976 762 2016 οὕτω
796 1973 832 2014 δ’
867 1973 993 2027 ἡδέως
1023 1974 1245 2029 ὀλιγάκις.
1281 1976 1287 2026 Ι

432 2035 474 2075 τὸ
501 2032 535 2075 δ’
565 2030 640 2075 οὖν
664 2036 847 2086 πλείστην
870 2033 967 2087 ἡμῖν
998 2036 1302 2088 παρασκευάσαν
1327 2033 1480 2088 τέρψιν,
1511 2036 1622 2087 δεινή
1653 2052 1709 2084 τις
1741 2040 1880 2088 φιλο-

313 2096 441 2134 νικία
478 2094 634 2147 κατέσχε
669 2095 892 2147 Θρυαλλίδα
929 2094 994 2134 καὶ
1027 2096 1247 2148 Μυρρίνην
1277 2093 1375 2149 ὑπὲρ
1406 2101 1475 2148 τῆς
1505 2101 1648 2149 πυγῆς,
1675 2093 1682 2148 Ι
1709 2095 1881 2150 ποτέρα

312 2155 504 2206 κρείττω
542 2154 621 2194 καὶ
659 2153 964 2207 ἆπαλωτέραν
1003 2154 1229 2203 ἐπιδείξει
1266 2157 1325 2209 (π.
1354 2152 1456 2194 ’πιδ.
1488 2156 1686 2208 κρείττονα
1717 2154 1841 2210 χάπ.).
1871 2152 1876 2211 Ι

311 2213 378 2253 καὶ
414 2214 572 2267 πρώτη
610 2215 838 2267 Μυρρίνη
875 2213 924 2253 τὸ
963 2215 1136 2261 ζωνίον
1170 2212 1176 2268 Ι
1209 2214 1407 2265 λύσασα,
1444 2214 1626 2267 βόμβυξ
1664 2211 1700 2253 δ’
1735 2210 1794 2266 ἦν
1831 2215 1878 2255 τὸ

311 2273 555 2325 χιτώνιον,
590 2270 696 2326 (add.
729 2269 884 2326 βαβαί),
913 2269 918 2326 Ι
947 2269 999 2313 δι’
1034 2273 1158 2313 αὐτοῦ
1188 2272 1454 2326 τρέμουσαν
1485 2270 1588 2314 οἷον
1619 2273 1792 2324 μυελὸν
1824 2272 1879 2328 (τὶ

311 2332 395 2383 μελὶ
415 2329 518 2387 cod.)
537 2331 563 2384 ἢ
583 2332 762 2383 πηκτὸν
781 2333 898 2385 γάλα
921 2328 924 2386 Ι
947 2331 1020 2383 τὴν
1039 2330 1171 2383 ὀσφὺν
1196 2332 1532 2385 ἀνεσάλευσεν,
1557 2331 1878 2385 ὑποβλέπουσα

311 2392 365 2439 εἰς
396 2392 605 2432 τούπίσω
625 2387 713 2441 (ὧδ’
737 2392 792 2439 εἰς
810 2390 921 2431 τούπ.
949 2391 956 2444 Ι
983 2389 1111 2445 βλέπ.)
1142 2391 1259 2444 πρὸς
1289 2391 1341 2431 τὰ
1372 2392 1606 2444 κινήματα
1636 2397 1717 2444 τῆς
1746 2399 1877 2446 πυγῆς

312 2448 399 2503 (τῆς
430 2450 546 2504 ἕδρας
576 2450 684 2502 κιν.).
713 2451 718 2500 Ι
745 2450 871 2503 ἠρέμα
903 2448 939 2490 δ’
974 2447 1079 2491 οἷον
1113 2448 1218 2505 (οἷον
1245 2448 1304 2505 δ’)
1336 2450 1595 2505 ἕνεργοῦσά
1625 2467 1661 2491 τι
1691 2451 1875 2504 ἐρωτικὸν
1908 2505 1911 2507 ,

308 2509 617 2559 ὑπεστέναξεν
655 2506 874 2564 (ἐνεργοῦσ’
916 2506 1024 2565 ἐστ),
1062 2508 1162 2550 ὥστ’
1210 2508 1286 2562 ἐμὲ
1327 2513 1332 2561 Ι
1371 2509 1427 2562 νὴ
1472 2510 1558 2563 τὴν
1589 2508 1875 2564 Ἀφροδίτην

307 2573 679 2623 καταπλαγῆναι.
1178 2593 1184 2598 ·

428 2633 453 2670 5
498 2629 553 2670 οὐ
597 2628 689 2682 μὴν
731 2628 901 2669 ἀπεῐπέ
930 2626 968 2683 γ’
1002 2627 1028 2681 ἡ
1065 2630 1317 2682 Θρυαλλίς,
1360 2628 1475 2669 ἀλλὰ
1519 2625 1632 2680 (add.
1665 2625 1754 2684 καὶ)
1783 2626 1789 2684 Ι
1821 2636 1872 2685 τῇ

307 2687 541 2745 ἀκολασίᾳ
566 2685 684 2743 (τάκ.)
707 2690 1127 2741 παρευδοκίμησεν
1152 2688 1276 2739 αὐτήν
1302 2683 1571 2742 (Μυρρίνην).
1594 2684 1681 2743 Ι“οὐ
1700 2688 1774 2742 γὰρ
1795 2689 1872 2728 διὰ

306 2749 744 2803 παραπετασμάτων
776 2745 885 2801 ε’γώ’
918 2749 1041 2801 φησίν
1073 2745 1347 2802 εἀγωνιοῦμαι,
1382 2746 1475 2787 οὐδὲ
1511 2747 1759 2800 ἀκκιζομένη,
1790 2745 1868 2788 ἀλλ’

306 2804 393 2847 οἷον
413 2808 456 2848 ἐν
474 2810 668 2864 γυμνικῷ·
694 2806 760 2847 καὶ
785 2807 859 2861 γὰρ
879 2808 927 2847 οὐ
952 2811 1065 2860 φιλεῖ
1081 2807 1300 2860 προφάσεις
1319 2804 1455 2860 ἀγῶν’.
1505 2805 1571 2846 καὶ
1590 2806 1772 2847 ἀποδῦσα
1793 2803 1870 2861 (sic

308 2867 444 2908 Cobet.
465 2871 506 2907 et
525 2863 733 2922 Hercher.)
765 2866 813 2907 τὸ
839 2867 1062 2919 χιτώνιον
1090 2863 1095 2921 Ι
1123 2866 1187 2906 καὶ
1215 2866 1384 2919 μικρὸν
1415 2865 1756 2918 ὑποσιμώσασα
1787 2865 1871 2917 τὴν

305 2923 479 2979 ὀσφύν,
512 2924 660 2978 Εἰδού,
689 2925 695 2978 Ι
722 2926 887 2966 σκόπει
912 2926 960 2966 τὸ
986 2922 1164 2980 χρῶμα’
1197 2926 1343 2978 φησίν
1375 2923 1449 2974 εὡς
1544 2922 1868 2981 ἀκήρατονἸ..
