2014 3334
243 246 328 288 732
623 230 626 235 ’
757 248 1101 281 SUPPLEMENTA
1126 248 1233 281 νοτ..
1261 248 1297 280 11

827 354 1207 388 APOLLOPHANES

359 419 424 457 Fr.
453 421 489 457 4.
535 419 581 457 cf.
615 418 737 457 Arist.
778 418 935 458 Thesm.
963 419 1059 458 617.
1115 417 1276 457 Ararot.
1306 419 1341 458 7.
1397 431 1443 458 ac
1475 417 1648 470 δημίζειν
1678 417 1802 457 Arist.

241 478 357 528 Vesp.
387 479 482 518 699.

907 545 1139 579 EPILYCUS

359 595 421 647 Fr.
450 609 488 658 3,
516 609 552 647 3.
603 609 650 647 of.
683 608 852 648 Lobeck.
884 608 1083 660 Aglaoph.
1109 609 1151 648 II
1179 609 1303 648 1064.

878 723 1162 758 EUTHYCLES

357 788 421 826 Fr.
450 790 486 826 2.
518 787 710 827 Libanius
742 787 825 827 IIII
852 789 948 839 160,
976 789 1028 827 21
1063 787 1251 828 λίθινοί
1277 801 1422 838 τινες,
1452 785 1542 840 περὶ
1571 781 1629 826 ὦν
1652 784 1678 839 ἡ
1705 785 1803 838 καλὴ

239 847 429 899 παροιμία
461 843 574 900 (βοῦς
606 843 802 900 ἕβδομος’.

912 1034 994 1077 VO
1008 1034 1054 1077 L.
1080 1035 1134 1077 ΙΙ.

359 1135 603 1173 Criminatur
635 1133 678 1174 O.
706 1134 871 1174 Orusius
895 1133 1039 1172 Philol.
1067 1133 1197 1172 XLVI
1224 1135 1319 1173 606.
1351 1135 1372 1172 7
1406 1135 1554 1172 temere
1585 1147 1608 1172 a
1631 1147 1695 1173 me
1727 1147 1806 1173 me-

239 1194 347 1232 diam
385 1207 505 1245 quam
543 1195 681 1233 dicunt
719 1194 963 1234 comoediam
1001 1194 1203 1232 sublatam
1241 1205 1325 1232 esse
1367 1205 1585 1244 aureasque
1616 1193 1806 1232 Meinekii

239 1254 288 1292 de
320 1266 366 1292 ea
403 1254 756 1293 commentationes
796 1253 1006 1292 contemni.
1061 1253 1209 1292 rectius
1242 1253 1289 1292 de
1321 1266 1369 1292 ea
1400 1266 1444 1292 re
1475 1253 1710 1302 cogitabunt
1736 1249 1814 1304 qui*

238 1315 367 1352 totam
398 1326 526 1352 meam
559 1313 874 1363 disputationem
906 1313 947 1351 II
983 1315 1047 1351 11.
1085 1314 1149 1360 12,
1179 1325 1260 1352 non
1289 1325 1412 1351 unam
1444 1312 1619 1363 aliquam
1647 1315 1804 1351 senten-

239 1373 338 1411 tiam
377 1374 594 1422 separatim
627 1386 674 1411 ex
706 1386 752 1412 ea
784 1375 1014 1423 excerptam
1049 1372 1232 1423 legerint.
1292 1385 1546 1423 nequaquam
1577 1371 1682 1411 enim
1713 1385 1804 1411 con-

239 1434 372 1472 temno
404 1433 660 1483 Meinekium,
693 1433 761 1471 sed
793 1433 840 1471 de
871 1433 1029 1470 mutata
1060 1432 1174 1470 initio
1208 1432 1358 1473 saeculi
1382 1445 1417 1470 a.
1445 1431 1536 1470 Chr.
1574 1431 1710 1482 quarti
1742 1444 1804 1470 co-

238 1491 418 1531 moediae
450 1492 582 1531 indole
615 1492 829 1532 consentio.
879 1492 926 1530 de
957 1491 1115 1530 nomine
1141 1491 1344 1543 dissentio,
1376 1493 1416 1530 et
1441 1505 1533 1530 cum
1560 1492 1804 1530 mutationes

241 1551 334 1589 illae
372 1552 584 1601 paullatim
622 1551 884 1600 invaluerint,
917 1551 993 1590 duo
1025 1551 1302 1590 tantummodo
1330 1553 1370 1590 et
1394 1551 1556 1589 nomina
1587 1552 1628 1589 et
1658 1563 1806 1602 genera

240 1611 465 1649 comoediae
505 1611 726 1662 antiquitus
765 1611 954 1650 distincta
993 1623 1078 1649 esse
1116 1610 1233 1649 hodie
1266 1623 1423 1660 quoque
1462 1610 1674 1649 contendo:
1711 1623 1806 1648 nam

240 1670 288 1708 de
321 1670 494 1720 Didymo
531 1671 685 1709 mediae
716 1673 821 1709 teste
853 1683 927 1721 ego
960 1670 1119 1720 quidem
1151 1670 1409 1709 vehementer
1440 1669 1591 1708 dubito.
1652 1669 1806 1709 Aristo-

239 1730 361 1768 telem
399 1731 552 1780 autem,
585 1730 698 1768 cuius
729 1730 1007 1768 testimonium
1039 1729 1136 1768 satis
1169 1731 1284 1768 caute
1316 1729 1413 1767 mihi
1447 1729 1609 1768 videbar
1632 1729 1674 1767 Π
1702 1731 1752 1768 11
1782 1741 1807 1767 a

241 1789 405 1838 reliquis
432 1790 646 1829 secrevisse
673 1789 867 1839 omnibus,
892 1791 1097 1828 mortuum
1120 1801 1206 1828 esse
1226 1801 1271 1828 eo
1291 1791 1470 1839 tempore
1491 1802 1570 1839 quo
1589 1788 1806 1827 Menander

239 1849 396 1887 fabulas
429 1849 569 1888 docere
601 1849 777 1900 coeperit
807 1849 931 1888 etiam
960 1850 1121 1899 praeter
1152 1848 1338 1887 Crusium
1369 1850 1464 1887 sunt
1494 1848 1563 1898 qui
1594 1848 1733 1887 sciant.

873 1963 1176 1998 ANTIPHANES

359 2028 421 2066 Fr.
450 2030 486 2067 3.
518 2030 746 2068 inusitatum
778 2041 863 2068 esse
894 2040 965 2068 vas
997 2040 1044 2066 ex
1075 2040 1153 2077 quo
1188 2026 1324 2066 bibere
1354 2026 1488 2066 nescio
1521 2026 1608 2078 quis
1641 2026 1804 2066 iubetur

240 2087 391 2126 indicat
422 2088 490 2138 qui
521 2089 737 2138 respondet
768 2085 866 2141 μέγα
896 2086 938 2127 τὸ
971 2086 1147 2139 φορτίον.

361 2148 398 2186 5.
429 2147 616 2187 Eustath.
645 2150 771 2196 1702,
798 2149 851 2187 53
886 2142 951 2201 (O.
978 2146 1162 2192 Kaehler.
1189 2145 1470 2184 Wochenschr.
1496 2145 1523 2184 f.
1548 2145 1669 2184 klass.
1701 2145 1803 2184 Phil.

244 2208 370 2257 1885,
399 2201 504 2261 902)
531 2205 596 2246 καὶ
627 2204 810 2261 ὀρτύγιον
840 2204 988 2260 λέγεται
1018 2204 1125 2257 παρὰ
1155 2208 1236 2252 τοῖς
1265 2207 1454 2257 κωμικοῖς
1483 2202 1806 2256 ὑποκοριστικῶς,

240 2261 288 2305 οὗ
320 2271 454 2318 χρῆσις
485 2264 527 2305 τὸ
558 2267 693 2306 τίσυον
726 2261 820 2320 (sic)
852 2269 981 2306 ποιεῖν
1014 2265 1182 2304 δύνασαι
1213 2261 1290 2318 ὄρτ.
1315 2272 1359 2315 ψ.
1386 2262 1494 2316 ἔχων.

361 2328 396 2364 6.
429 2326 571 2377 χαρίεν.
622 2328 669 2366 cf.
702 2327 895 2377 supplem.
929 2326 1033 2365 Plat.
1068 2326 1162 2364 150.
1313 2321 1316 2324 ¹

363 2387 427 2423 16.
461 2386 508 2424 cf.
536 2386 705 2425 Lobeok.
738 2386 935 2438 Aglaoph.
966 2386 1078 2424 1036
1112 2386 1152 2422 et
1184 2383 1311 2422 Schol.
1345 2383 1547 2422 Demosth.
1576 2383 1644 2433 54,
1673 2384 1737 2422 14.

361 2447 426 2483 21.
459 2445 671 2484 Herodian.
699 2446 720 2485 I
745 2447 848 2496 356,
877 2447 929 2484 17
962 2443 1003 2484 τὸ
1035 2442 1220 2483 κλισίον
1256 2440 1364 2493 παρὰ
1394 2444 1474 2495 τοῖς
1507 2438 1693 2489 Ἀττικοῖς
1722 2440 1765 2482 τὸ
1791 2453 1807 2481 ῑ

241 2503 411 2544 ἕκτεῖνον
448 2504 710 2556 παροξύνεται
741 2503 794 2552 ὡς
824 2503 866 2544 τὸ
892 2504 1057 2556 θηρίον,
1094 2501 1202 2553 παρὰ
1241 2499 1282 2541 δὲ
1314 2498 1469 2557 Ὁμήρῳ
1501 2499 1694 2541 συστέλλει
1722 2499 1765 2540 τὸ
1791 2512 1806 2539 ῖ

241 2562 304 2602 καὶ
342 2564 692 2617 προπαροξύνεται.
735 2565 777 2603 II
805 2566 908 2615 903,
937 2567 960 2604 7
987 2562 1029 2602 τὸ
1067 2562 1216 2604 κλισίον
1255 2559 1362 2614 παρὰ
1399 2559 1441 2600 τὸ
1479 2561 1592 2601 κλείω
1630 2559 1751 2612 ἐστίν,
1781 2557 1804 2600 ὃ

241 2623 422 2674 σημαίνει
452 2622 493 2662 τὸ
525 2622 700 2676 περιέχω.

361 2685 428 2735 24,
455 2685 492 2722 3
519 2685 557 2722 4.
600 2686 693 2734 post
728 2682 964 2735 κεράννυται
999 2682 1155 2733 plenius
1192 2680 1444 2731 interpungit
1481 2681 1524 2719 et
1561 2681 1695 2719 cetera
1723 2692 1805 2718 una

243 2743 443 2781 sententia
473 2743 543 2782 uni
574 2756 768 2794 personae
800 2743 1007 2782 continuat
1038 2741 1192 2780 Kaibel.

361 2803 427 2841 25.
461 2803 509 2841 de
541 2801 752 2858 ἐλευθερίῳ
779 2801 894 2842 ὕδατι
919 2803 967 2841 cf.
994 2800 1271 2840 Wilamowitz.
1297 2765 1432 2838 Herm.
1458 2799 1616 2838 XVHII
1641 2800 1740 2850 463,
1765 2799 1803 2837 4.

241 2861 432 2900 inlustrat
468 2863 724 2912 proverbium
767 2862 890 2901 etiam
927 2862 1010 2901 cod.
1051 2861 1175 2900 Paris.
1214 2860 1343 2910 suppl.
1388 2871 1446 2909 gr.
1482 2860 1564 2898 676
1587 2858 1613 2896 S
1660 2854 1801 2911 (Cohn.

243 2921 510 2972 Paroemiogr.
541 2936 578 2972 p.
607 2916 682 2975 77)
713 2935 750 2961 n.
777 2923 844 2960 51.
1185 2942 1188 2947 ·
