2014 3334
0 388 13 502 ἓ

0 506 25 627 ἓ

0 633 10 659 ἱ
52 656 54 659 .

0 661 10 728 ε

0 805 23 834 ΙΆ

746 239 912 275 ΑΔΗΛΑ
938 239 1199 275 ΟΠΟΤΕΡΑΣ
1669 239 1758 282 593

184 350 244 393 ὅτι
273 350 350 407 γὰρ
379 349 446 391 καὶ
477 347 544 391 ἐπ’
587 349 861 402 ἀνθρώπων
891 350 1079 391 τάσσουσι
1108 348 1194 402 τὴν
1232 351 1460 403 φορίνην,
1502 351 1626 404 δῆλον
1656 354 1764 392 ποιεῖ

140 447 146 453 .
176 407 376 463 Ἀντιφῶν
399 409 442 451 ἔν
461 407 504 463 β’
524 406 743 462 Ἀληθείας.
777 406 1110 465 (πεστορινῶσθαι
1131 405 1192 465 C.)
1215 431 1266 438 —
1290 411 1623 463 significationem
1644 412 1760 451 facile

181 483 401 523 cognoscas
433 484 479 510 ex
511 472 569 510 eis
599 483 702 521 quae
735 471 787 509 ad
819 470 1062 510 Aristomen.
1099 471 1153 509 10
1184 471 1465 511 adnotavimus
1496 471 1517 511 I
1549 473 1654 522 692,
1688 471 1759 511 ubi

181 533 319 571 tamon
351 543 453 583 quae
484 542 557 581 per
588 542 764 569 errorem
796 530 939 570 Photio
972 530 1097 569 tribui
1128 530 1462 581 Harpocrationis
1494 534 1600 570 sunt,

915 658 935 700 1
944 658 965 699 1
974 659 995 700 1
1001 658 1026 700 8

465 715 769 773 πηξιθάλαττα

298 804 468 844 Bekker.
499 803 649 844 Aneod.
683 806 750 856 61,
784 805 822 843 2.
883 803 933 843 cf.
965 805 1063 843 893.

915 932 937 975 1
947 932 967 974 1
976 931 1029 974 19

464 991 748 1047 ποδοστράβῃ

299 1078 444 1117 Pollux
475 1080 513 1126 4,
548 1080 632 1117 182
672 1074 698 1129 ἡ
724 1076 770 1117 τὰ
802 1075 1020 1130 στρέμματα
1050 1077 1376 1128 κατευθύνουσα,
1409 1077 1453 1118 ἐν
1477 1084 1523 1134 τῇ
1555 1079 1756 1136 κωμῳδίᾳ,

179 1135 380 1191 ἐργαλεῖον
412 1136 596 1191 ἰατρικόν.

704 1273 710 1284 s
913 1218 934 1260 1
944 1218 1028 1261 120

468 1289 915 1346 πολυτιμητιζόμενος

297 1375 630 1428 θεραπευόμενος.
661 1375 840 1415 Photius.
879 1375 1016 1415 Cobet.
1036 1376 1182 1415 Mnem.
1203 1377 1301 1416 VIII
1335 1379 1391 1417 20
1416 1373 1753 1429 “πολυτιμητίζειν

180 1438 243 1476 est
269 1436 472 1487 adpellare
503 1435 768 1487 πολυτίμητον
799 1437 841 1475 et
871 1437 1078 1488 tamquam
1103 1436 1222 1475 deum
1248 1433 1442 1476 salutare’
1474 1438 1575 1477 conl.
1600 1439 1756 1490 πατερί-

179 1495 273 1547 ζειν,
304 1494 526 1547 ἀδελφίζειν
557 1497 599 1535 et
629 1495 733 1535 Plat.
763 1489 1007 1547 Euthjrdem.
1041 1496 1160 1535 296d
1192 1490 1223 1535 ὦ
1254 1496 1489 1548 πολυτίμητε
1519 1495 1756 1550 Εὐθύδημε.

909 1625 930 1666 1
939 1624 993 1667 12
999 1625 1020 1666 1

463 1683 747 1740 ποντοφάρυξ

299 1770 468 1809 Bekker.
500 1770 649 1810 Anecd.
681 1772 756 1818 58,
794 1771 848 1810 32
895 1769 936 1809 εἴ
964 1784 1022 1817 τις
1058 1769 1242 1821 βούλοιτο
1282 1769 1474 1810 σκώπτειν
1510 1770 1598 1811 τινὰ
1629 1769 1755 1824 ἄπλη-

179 1840 271 1868 στον
296 1827 363 1868 καὶ
387 1828 539 1883 φάγον,
571 1828 630 1875 ὅτι
656 1826 683 1880 ἡ
709 1829 840 1881 φάρυξ
873 1827 939 1868 διὰ
970 1827 1141 1882 μέγεθος
1172 1829 1329 1882 πελάγει
1348 1829 1493 1870 ἔοικεν.
1540 1831 1755 1882 Hipponax

180 1884 340 1942 85(56)
371 1888 695 1942 ποντοχάρυβδις.
757 1890 806 1928 cf.
838 1890 960 1929 etiam
993 1890 1092 1929 893.

909 2018 930 2060 1
938 2017 1022 2060 122

465 2077 653 2133 πρατίας

298 2162 439 2202 Pollux
474 2166 512 2214 7,,
544 2165 569 2203 8
609 2162 652 2203 ἐν
682 2168 727 2219 τῇ
759 2163 947 2220 κωμῳδίᾳ
979 2160 1000 2203 6
1031 2162 1165 2215 πώλης
1196 2158 1341 2217 (Arist.
1363 2164 1434 2215 Eq.
1457 2166 1553 2204 131.
1581 2167 1619 2204 3.
1647 2163 1753 2216 140)

181 2220 310 2274 ὥσπερ
340 2220 407 2261 καὶ
432 2219 453 2262 6
478 2222 642 2274 πρατίας
667 2222 827 2276 εἴρηται.
879 2223 1049 2274 Hesych.
1081 2224 1265 2275 πρατίας·
1297 2221 1318 2263 6
1343 2222 1389 2263 τὰ
1415 2223 1585 2275 δημόσια
1610 2228 1753 2264 πωλῶν

177 2278 245 2320 καὶ
269 2281 490 2334 κηρύσσων.
535 2283 651 2323 Phot.
676 2283 858 2335 πρατίας·
890 2280 911 2322 6
936 2281 983 2322 τὰ
1010 2281 1180 2334 δημόσια
1204 2285 1360 2322 πωλῶν.
1400 2284 1526 2336 κῆρυξ
1552 2283 1752 2336 δημόσιος.

910 2411 1023 2454 1123

462 2483 839 2539 πριαμωθήσομαι

299 2566 523 2618 Hesychius
559 2567 789 2620 ξυρήσομαι.
838 2567 973 2620 ἐπειδὴ
1011 2568 1054 2609 τὸ
1085 2568 1268 2623 τραγικὸν
1304 2575 1375 2610 τοῦ
1407 2570 1593 2622 Πριάμου
1630 2571 1751 2623 πρόσ-

180 2640 291 2666 ωπον
328 2626 464 2679 ξυρίας
504 2625 618 2667 ἐστίν.
675 2629 842 2668 Photius
880 2632 921 2668 et
958 2629 1100 2668 Suidas
1155 2633 1460 2681 πριαμωθῆναι·
1507 2631 1751 2683 ξυρηθῆναι·

178 2684 222 2724 τὸ
258 2684 333 2739 γὰρ
369 2691 440 2726 τοῦ
477 2686 664 2739 Πριάμου
701 2687 917 2740 πρόσωπον
949 2689 1084 2740 ξυρίας
1124 2687 1240 2728 ἐστίν.
1291 2690 1530 2729 Eustathius
1565 2692 1692 2741 1344,
1726 2693 1750 2730 7

180 2744 222 2785 οἱ
248 2741 339 2796 μεθ’
363 2742 542 2798 Ὅμηρον
572 2745 638 2786 καὶ
667 2748 867 2800 κείρουσιν
899 2746 1021 2788 αὐτόν
1047 2744 1135 2803 (τὸν
1155 2743 1372 2802 Πρίαμον),
1422 2747 1521 2788 ὅθεν
1544 2748 1611 2789 καὶ
1635 2764 1751 2803 πρια-

179 2808 368 2857 μωθῆναι
404 2802 446 2844 τὸ
484 2804 724 2858 ξυρηθῆναι.
779 2801 832 2860 ἦν
870 2805 913 2847 δὲ
951 2813 1136 2859 σκῶμμα,
1173 2806 1257 2847 ἐπεὶ
1294 2806 1315 2846 6
1351 2807 1532 2861 τραγικὸς
1569 2809 1751 2862 Πρίαμος

179 2864 316 2917 ξυρίας
345 2863 532 2917 εἰσήγετο.
582 2866 680 2905 Poll.
700 2867 740 2917 4,
762 2869 844 2906 133
878 2865 900 2906 6
925 2867 1062 2919 ξυρίας
1086 2866 1351 2919 πρεσβύτατος
1374 2873 1453 2907 τῶν
1483 2867 1753 2922 γερόντων...

179 2921 222 2962 τὸ
251 2921 405 2977 γένειον
435 2922 479 2964 ἒν
509 2926 588 2981 χρῷ
618 2925 781 2978 κουρίας
806 2924 910 2966 ἐστὶν
941 2924 962 2966 6
991 2926 1140 2979 ξυρίας,
1170 2925 1364 2979 ἐπιμήκης
1395 2924 1452 2967 ὢν
1483 2926 1552 2976 τὰς
1575 2929 1750 2983 παρειάς.

251 2996 366 3024 Comici
385 2997 497 3032 graeci,
516 2997 563 3025 od.
583 2998 639 3026 Th.
658 2999 755 3027 Kook.
774 3000 832 3027 m.
1421 2997 1467 3030 38
