2014 3334
705 276 1054 311 SUPPLEMENTA
1080 277 1189 312 von.
1217 277 1253 311 11
1695 276 1779 319 741

776 396 1014 431 ORATINUS
1039 397 1214 432 IUNIOR

324 473 390 512 13.
423 471 512 511 add.
544 472 679 524 adesp.
710 473 822 513 1259
857 474 898 512 et
928 471 1166 525 κίσοκράτην
1199 472 1366 521 Quintil.
1397 477 1432 523 1,
1461 476 1500 523 3,
1530 476 1594 514 14.

829 588 1158 623 NAUSICRATES

319 664 384 704 Fr.
406 664 444 713 2,
469 665 534 702 12.
562 659 695 712 ‘piscis
719 664 875 709 lactens,
901 676 1012 713 quem
1037 664 1282 715 piscatorum
1308 667 1442 716 volyus
1459 665 1635 706 Sioumm
1653 669 1780 707 trans-

197 725 294 774 fiyit,
325 736 378 764 sc.
410 724 464 779 τῷ
494 719 717 775 τριόδοντι.’
768 723 811 763 Ο.
839 722 1005 763 Crusius
1036 738 1072 774 p.
1102 726 1198 764 618.

863 839 1118 874 EUPHANES

314 902 376 945 Of.
407 903 531 943 etiam
564 903 770 954 Euphron.
803 905 841 943 8.

902 995 1076 1029 ALEXIS

316 1059 381 1100 Fr.
410 1062 448 1111 2,
476 1062 500 1099 8
534 1058 641 1111 ὅμως
671 1071 744 1110 pro
776 1057 875 1106 ὅλως
908 1057 953 1098 Ο.
985 1059 1176 1100 Ribbeck.
1207 1059 1319 1099 Alaz.

311 1116 775 1174 Ἀπεγλαυκωμένος.
832 1119 963 1158 Plaut.
1001 1119 1084 1159 Mil.
1123 1119 1223 1172 glor.
1260 1122 1304 1171 2,
1340 1122 1382 1172 1,
1417 1121 1473 1160 70
1511 1122 1546 1160 ei
1581 1132 1653 1160 nos
1684 1149 1694 1160 .
1727 1152 1735 1160 .
1769 1152 1778 1160 .

192 1181 445 1232 yzaucumam
475 1182 520 1220 ob
552 1181 680 1220 oculos
705 1180 909 1219 o'biciemus
935 1179 1094 1228 eamque
1116 1181 1174 1219 ita
1200 1180 1206 1227 1
1234 1180 1425 1229 faciemus
1448 1183 1491 1219 ut
1515 1181 1616 1229 quod
1640 1181 1779 1220 viderit

195 1254 242 1281 ne
271 1242 421 1281 viderit.

313 1301 380 1341 25.
413 1301 571 1351 magnis
612 1300 695 1339 illis
733 1298 952 1351 philologis
991 1298 1189 1350 Porsono,
1235 1299 1418 1339 Dobraeo
1459 1299 1601 1339 ceteris
1638 1313 1777 1351 parem

195 1374 237 1401 se
268 1373 374 1400 nune
409 1361 452 1400 in
483 1359 782 1400 condemnando
821 1359 1048 1411 fragmento
1088 1359 1273 1411 adiungit
1304 1359 1599 1399 Herwerdenus
1630 1360 1776 1400 Mnem.

193 1435 231 1461 n.
257 1421 379 1460 ΧΠΠ
407 1422 504 1460 184.
540 1440 591 1447 -—
629 1422 666 1459 9.
699 1418 845 1470 κόμποι
877 1418 973 1458 κενὰ
1003 1423 1236 1469 ψοφοῦντες
1268 1419 1422 1459 Kaibel.

316 1481 384 1521 34.
410 1480 528 1520 scrib.
553 1483 708 1519 τοιοῦτο
734 1477 776 1518 τὸ
803 1479 884 1530 ζῆν’
901 1476 1021 1518 ἐστιν·
1048 1477 1177 1530 ὥσπερ
1201 1477 1244 1518 οἴ
1263 1478 1382 1531 κύβοι
1402 1478 1452 1519 οὐ
1475 1501 1526 1507 -
1548 1479 1775 1529 πίπτουσιν,

103 1550 114 1553 ⁴
194 1538 289 1582 οὐδὲ
314 1543 391 1582 κτλ,
454 1541 504 1580 cf.
530 1539 767 1579 Wakefield.
795 1539 892 1578 Silv.
919 1539 1006 1578 crit.
1026 1551 1089 1577 1111
1110 1540 1206 1578 141.
1258 1539 1412 1578 Nauck.
1438 1540 1530 1579 Mel.
1549 1539 1587 1577 V
1614 1541 1710 1580 235.
1737 1542 1774 1579 6.

194 1601 315 1653 Soph.
341 1602 396 1641 fr.
423 1602 507 1640 809
531 1600 580 1640 N.
612 1597 673 1639 ἀεὶ
703 1597 778 1652 γὰρ
811 1592 854 1638 εὗ
887 1597 1099 1638 πίπτουσιν
1132 1597 1174 1638 οἱ
1200 1596 1297 1646 Διὸς
1327 1598 1457 1651 κύβοι.

315 1663 381 1701 54.
413 1673 487 1711 pro
524 1660 658 1700 verbis
699 1655 987 1714 ‘fragmentum
1019 1658 1152 1709 adesp.
1184 1680 1231 1685 —
1265 1660 1331 1708 62,
1358 1654 1431 1698 40'
1465 1672 1537 1699 scr.
1570 1660 1617 1699 fr.
1653 1660 1772 1699 2781>

194 1716 321 1776 (infra
351 1735 389 1772 p.
425 1716 542 1773 744).

312 1778 388 1832 56,
429 1781 464 1819 5.
495 1781 518 1819 6
559 1778 738 1818 defendit
774 1778 1069 1817 Herwerdenus
1104 1779 1206 1818 184:
1251 1778 1392 1829 ζημίαν
1430 1782 1499 1830 τῆς
1537 1775 1674 1830 τέχνης
1709 1791 1771 1817 ex·

193 1841 455 1894 aggeratione
481 1839 633 1879 comica
653 1838 732 1878 dici
758 1850 895 1877 omnes
921 1838 990 1888 qui
1015 1851 1096 1878 non
1120 1839 1184 1877 tot
1208 1838 1335 1888 pisces
1362 1840 1498 1877 emant
1523 1841 1624 1889 quot
1649 1837 1770 1878 Calli-

193 1902 348 1942 medon.

313 1957 724 2010 Εἰσοικιζόμενος.
773 1958 816 1996 in
852 1958 931 1996 fine
972 1957 1062 1998 add.
1094 1959 1136 1996 et
1168 1956 1503 2008 Μετοικιζόμενος
1539 1957 1770 2008 Diophanti.

315 2022 383 2069 62,
416 2021 454 2060 4.
485 2017 559 2070 τὴν
590 2016 716 2070 αὐτήν
747 2017 847 2056 mire
878 2017 1174 2067 interpretatur
1206 2018 1306 2056 Ellis
1332 2018 1462 2056 Amer.
1493 2017 1632 2056 Journ.
1661 2018 1686 2057 5
1715 2013 1771 2056 ‘in

192 2084 262 2121 the
307 2093 416 2120 same
460 2074 577 2130 way',
618 2081 667 2118 ut
709 2076 923 2129 τηνάλλως,
966 2075 1039 2127 τὴν
1081 2075 1256 2129 πρώτην,
1298 2074 1372 2128 τὴν
1415 2076 1598 2129 ταχίστην
1629 2077 1679 2116 al.
1717 2099 1764 2103 —

193 2144 232 2182 8.
263 2139 433 2192 ὑόμενος
470 2140 631 2190 Emper.
676 2138 844 2178 Advers.
882 2139 924 2187 3,
959 2135 1038 2188 52]
1083 2135 1285 2188 θυόμενος
1317 2137 1365 2176 A.
1412 2158 1462 2164 —-
1503 2140 1683 2176 ceterum
1721 2138 1768 2176 cf.

192 2201 411 2252 Antiphan.
442 2200 537 2239 202.

311 2261 381 2311 85,
406 2261 445 2299 4.
477 2258 716 2298 Eustathius
746 2259 872 2309 1646,
895 2259 948 2298 25
971 2251 1035 2311 (O.
1057 2256 1243 2296 Kaehler.
1271 2254 1376 2305 903)
1403 2253 1597 2308 μνηστέον
1628 2270 1768 2307 παροι-

192 2322 284 2374 μίας
315 2315 505 2370 εἰπούσης
547 2316 590 2358 τὸ
622 2316 698 2358 ἀεί
737 2331 848 2357 ποτε
880 2311 930 2356 εὖ
968 2313 1053 2368 μὲν
1084 2314 1227 2364 ἀσκὸς
1265 2310 1314 2355 εὖ
1354 2313 1403 2355 δὲ
1440 2315 1655 2363 θύλακος
1685 2313 1767 2355 ἀν-

191 2380 411 2436 θρώποις
454 2377 571 2429 ἐστί,
616 2373 670 2417 δι’
710 2372 759 2429 ἧς
796 2375 898 2416 ἔοικε
936 2376 1161 2427 δηλοῦσθαι
1204 2374 1251 2416 τὸ
1289 2380 1371 2415 τοῦ
1409 2375 1518 2428 βίου
1554 2374 1766 2428 ἐπαμφο-

189 2441 387 2496 τερίζον.
437 2440 485 2479 cf.
520 2439 685 2478 Crusius
716 2452 752 2488 p.
782 2439 879 2478 619.

311 2502 379 2541 94.
412 2500 459 2538 de
491 2500 566 2538 hac
598 2499 686 2550 lege
717 2497 913 2537 Demetrii
943 2509 1072 2547 nuper
1103 2495 1327 2546 disputavit
1358 2495 1405 2534 G.
1431 2495 1474 2534 F.
1505 2495 1689 2547 Ungerus
1721 2495 1763 2534 in

190 2561 436 2602 Fleckeisen.
469 2572 560 2598 ann.
596 2560 722 2609 1887,
758 2558 840 2597 755
857 2569 913 2607 sq.

304 2623 370 2661 96.
405 2618 608 2670 ἐπίτηκτος
654 2618 719 2657 hic
762 2630 843 2657 non
881 2618 943 2656 est
980 2628 1126 2655 corona
1162 2615 1306 2666 poculo
1345 2615 1600 2667 agglutinata
1638 2611 1765 2667 (Her-

191 2682 311 2722 werd.
342 2674 458 2734 184),
491 2678 561 2718 sed
592 2691 689 2717 auro
722 2677 851 2726 inlita,
883 2679 1037 2725 aurata,
1071 2689 1160 2726 opp.
1194 2687 1348 2714 aureae.

312 2742 380 2791 98,
408 2741 460 2779 11
495 2735 622 2789 αὑτήν
650 2737 853 2776 Herwerd.
883 2737 979 2775 185.

307 2797 564 2852 Κρατεύας.
616 2811 707 2837 cum
744 2797 787 2835 in
825 2796 906 2835 cod.
945 2795 1145 2834 Athenaei
1181 2794 1383 2834 Marciano
1421 2806 1566 2833 nomen
1603 2793 1764 2832 fabulae

192 2864 264 2902 aut
300 2858 478 2911 κρατείας
516 2860 588 2897 aut
624 2857 784 2909 κρατίας
822 2855 1040 2906 scribatur,
1080 2854 1228 2905 ubique
1267 2854 1437 2892 formam
1475 2852 1665 2906 Κρατείας
1702 2866 1763 2892 re-

190 2921 414 2974 ponendam
452 2929 539 2957 esse
577 2920 711 2956 censet
747 2915 955 2955 Kaibelius
995 2915 1038 2953 in
1075 2914 1135 2953 ed.
1171 2914 1315 2953 Athen.
1347 2913 1367 2951 I
1392 2926 1457 2953 xt..
1507 2925 1553 2952 ac
1590 2913 1762 2952 fortasse

193 2982 286 3021 hinc
317 2977 471 3031 aliquid
503 2977 606 3017 lucis
637 2977 821 3016 adfertur
853 2971 1061 3014 Menandri
1090 2973 1316 3025 fragmento
1350 2973 1448 3013 939.
