2014 3334
897 162 1191 224 ΔΗΜΗΤΡΙΟΣ4
1747 182 1832 226 357

293 308 297 312 ’
326 317 337 329 ’
370 307 568 348 Stobaeus
594 305 733 345 Floril.
755 300 853 353 1153
889 305 940 343 12
979 300 1247 354 Τιμοστράτου
1272 290 1496 354 (τιμοστρῖκ)
1520 297 1691 337 Vindob.
1723 297 1837 336 deest

249 369 398 408 lemma
434 367 566 406 Trinc.
672 361 893 419 1.“ἕτε’ροις
931 361 1066 413 Vind.]
1112 358 1299 415 ἓτὲρους.’
1362 362 1400 399 2.
1438 357 1656 399 ἀπολαύειν
1696 354 1834 406 Vind.]

249 427 480 480 ἀπολαβεῖν.
536 422 811 477 ‘conloquitur
854 437 975 467 senex
1011 423 1121 474 frugi
1159 425 1201 462 et
1237 433 1382 472 parcus
1421 433 1513 459 cum
1551 411 1836 457 meretricula'.

252 489 371 528 Mein.
403 487 513 528 Stob.
538 486 623 526 IIII
654 498 755 525 xnn.
808 485 878 525 sed
908 484 1044 536 potius
1077 482 1263 534 coniung.
1318 477 1432 532 ἡμεῖς
1464 475 1500 519 δ’
1536 478 1578 519 οἱ
1605 475 1690 518 νέοι
1721 475 1836 516 ἀπολ.

249 543 308 589 ὧν
338 547 497 601 ἔχουσιν
529 541 592 601 (οἱ
618 540 829 600 γέροντες).

500 639 502 642 “
1027 626 1051 668 7

465 687 678 744 δυνάμεις

368 763 414 804 τὰ
446 769 523 804 τῶν
556 762 701 815 ἰατρῶν
733 761 936 816 φάρμακα.
991 759 1264 812 Τιμόστρατος.
1315 759 1486 798 Bekker.
1518 757 1668 796 Aneod.
1697 751 1765 806 9'1,
1802 758 1836 795 1.

809 963 856 1012 Φ
882 963 907 1012 I
931 962 984 1011 A
1008 962 1062 1011 H
1086 961 1138 1010 M
1163 961 1214 1009 Ω
1238 961 1286 1009 Ν

935 1042 1150 1076 ΜΙΛΗΣΙΑ

367 1110 415 1149 U.
442 1110 628 1150 Koehler.
660 1109 691 1149 I.
718 1108 765 1148 A.
789 1122 826 1148 n.
855 1109 939 1148 975
967 1121 1014 1146 111
1043 1109 1094 1147 11
1140 1104 1331 1157 Φιλήμων
1368 1100 1602 1159 νεώ(τερος)
1641 1102 1837 1157 Μιλησίᾳ.

248 1169 334 1210 ὑπε.
367 1169 537 1223 Κράτης.
588 1183 679 1210 cum
711 1171 866 1209 tertium
897 1168 1073 1219 aliquem
1104 1168 1365 1206 Philemonem
1404 1164 1623 1217 significari
1655 1177 1701 1203 ex
1734 1166 1836 1202 tem—

247 1243 389 1282 porum
414 1230 639 1270 rationibus
668 1232 775 1269 recte
802 1228 1044 1268 concluserit
1063 1226 1302 1277 Koehlerus,
1327 1239 1373 1265 ex
1401 1225 1569 1265 alterius
1589 1223 1837 1263 Philemonis

248 1291 396 1330 fabulis
430 1291 491 1343 (ΙΙ
524 1286 630 1343 540)
661 1286 762 1329 haec
793 1288 1003 1328 eximenda
1035 1290 1133 1328 erat.

742 1491 785 1539 Δ
810 1490 862 1539 Η
885 1489 939 1538 Μ
963 1488 1016 1538 Η
1040 1488 1086 1537 Τ
1110 1488 1153 1537 Ρ
1175 1488 1202 1536 Ι
1228 1487 1272 1538 O
1299 1488 1343 1536 Σ

805 1575 977 1614 Meinek.
1008 1573 1028 1612 1
1057 1574 1156 1612 265.
1184 1574 1283 1613 485.

864 1653 1218 1688 ΑΡΕΟΠΑΓΙΤΗΣ

1037 1716 1058 1757 1

446 1790 525 1848 ’σύ
558 1805 646 1845 μου
677 1794 996 1844 καταφρονεῖς,
1030 1786 1098 1829 ὅτι
1130 1786 1341 1842 μάγειρός
1374 1782 1475 1841 εἰμ’,
1508 1789 1633 1836 ἴσως·

465 1862 574 1904 ὅσον
607 1859 646 1904 δ’
684 1860 769 1903 ἀπὸ
800 1860 963 1915 ταύτης
993 1864 1070 1914 τῆς
1101 1857 1257 1914 τέχνης
1290 1856 1492 1914 εἴργασμ’
1530 1856 1631 1912 ἐγώ,

466 1932 616 1984 οὐδεὶς
646 1932 889 1989 ὑποκριτής
920 1929 1019 1974 ἐσθ’
1057 1930 1171 1982 ὅλως
1202 1929 1502 1987 εἰργασμένος.

465 2003 763 2061 καπνιζομένη
795 2003 1008 2061 τυραννὶς
1040 2002 1152 2058 αὕτη
1182 1997 1275 2045 ’σθ’
1311 2001 1338 2057 ἡ
1370 2000 1513 2058 τέχνη.

425 2089 446 2120 5
466 2077 821 2133 ἀβυρτακοποιὸς
852 2076 970 2131 παρὰ
1002 2073 1230 2118 Σέλευκον
1263 2073 1498 2129 ἐγενόμην·

463 2145 567 2207 παρ’
598 2146 867 2204 Ἀγαθοκλεῖ
895 2144 945 2190 δὲ
975 2153 1150 2204 πρῶτος
1181 2143 1402 2201 εἰσήνεγκ’
1439 2144 1525 2200 ἐγὼ

464 2218 524 2280 τῷ
557 2220 804 2277 Σικελιώτῃ
836 2220 918 2275 τὴν
949 2218 1224 2276 τυραννικὴν
1257 2223 1418 2274 φακῆν.

0 2298 17 2338 ὲ
107 2323 121 2339 .
279 2294 293 2299 “
463 2294 513 2336 τὸ
546 2292 756 2349 μέγιστον
788 2291 871 2334 οὐκ
903 2295 1075 2347 εἴρηκα·
1119 2290 1359 2346 Λαχάρους
1389 2291 1527 2344 τινός,

466 2361 530 2408 ’ὅτ’
563 2361 621 2420 ἦν
654 2363 676 2406 ὁ
711 2365 852 2419 λιμός,
886 2362 1122 2413 ἑστιῶντος
1152 2363 1259 2412 τοὺς
1290 2363 1467 2417 φίλους,

405 2449 445 2480 10
467 2435 692 2492 ἀνάληψιν
724 2431 895 2491 ἐποίησ’
932 2433 1184 2489 εἰσενέγκας
1213 2433 1452 2489 κάππαριν.

465 2511 515 2551 Β.
546 2508 723 2564 γυμνὴν
750 2503 948 2563 Ἀθηνᾶν
979 2504 1069 2550 τότ’
1107 2505 1286 2561 ἐποίησε
1318 2505 1530 2561 Λαχάρης

467 2577 602 2623 οὐδὲν
634 2579 928 2636 ἐνοχλοῦσαν·
961 2576 1010 2622 σὲ
1044 2576 1088 2621 δ’
1127 2577 1399 2634 ἐνοχλοῦντα
1430 2582 1517 2620 νῦν
1549 2576 1646 2631 ἐγώ.

0 2657 33 2749 ῗέ
371 2668 605 2707 Athenaeus
627 2668 664 2716 9,
686 2668 771 2707 405
785 2679 806 2706 e
838 2669 1101 2718 καταφρονεῖς
1123 2664 1182 2705 ὅτι
1201 2664 1385 2718 μάγειρός
1406 2664 1485 2716 εἰμι
1503 2663 1614 2711 ἴσως·
1647 2662 1742 2703 ὅσον
1763 2661 1842 2703 ἀπὸ

0 2759 20 2778 z
251 2727 394 2779 ταύτης
431 2732 500 2779 τῆς
531 2724 668 2779 τέχνης
699 2722 875 2780 εἴργασμ’
918 2724 1014 2779 ἐγώ,
1055 2724 1155 2766 κατὰ
1193 2723 1261 2764 τὸν
1298 2723 1476 2776 κωμικὸν
1508 2722 1759 2776 Δημήτριον,
1797 2720 1858 2778 ὃς.

0 2793 18 2837 ζ’
252 2787 295 2828 ἐν
326 2790 380 2844 τῷ
412 2784 718 2843 ἐπιγραφομένῳ
738 2782 995 2842 Ἀρεοπαγίτῃ
1024 2782 1131 2825 ταῦτ’
1168 2784 1343 2836 εἴρηκεν·
1376 2783 1472 2824 ὅσον
1504 2782 1583 2823 ἀπὸ
1609 2782 1754 2834 ταύτης
1773 2789 1843 2836 τῆς

0 2843 18 2901 ξ
251 2845 388 2900 τέχνης
418 2850 498 2887 κτλ.
561 2860 596 2888 v.
627 2850 661 2886 1.
699 2848 764 2886 11.
799 2848 851 2886 12
886 2859 934 2885 ex
958 2846 1106 2887 Athen.
1133 2845 1223 2885 add.
1249 2845 1297 2884 K.
1331 2840 1422 2893 (11.
1446 2846 1497 2883 12
1519 2865 1578 2871 —
1598 2842 1840 2895 ἐνοχλοῦσαν

0 2922 27 2974 3-ss
249 2913 331 2952 iam
357 2903 527 2961 Dindf.)
578 2907 626 2947 cf.
651 2919 758 2946 nunc
783 2906 907 2946 etiam
932 2905 1090 2946 Kaibel.
1153 2907 1192 2945 2.
1219 2900 1256 2944 δ’
1280 2903 1370 2944 add.
1391 2904 1508 2943 Mein.
1573 2905 1611 2943 4.
1638 2902 1737 2954 αὕτη
1752 2899 1837 2943 ’σθ’

0 2980 38 3015 fr:
