2014 3334
235 237 322 281 346
624 268 627 272 ,
847 239 1198 274 ΠοΣΕΙΔΙΠΠοΤ

234 351 320 391 Att.
345 352 380 400 1,
410 352 462 390 18
496 351 546 389 ad
578 350 867 390 defendendam
899 364 1037 391 vocem
1069 351 1282 403 quicquam
1314 351 1432 392 valet.
1482 352 1651 391 fortasse
1682 349 1802 405 ἀργή

234 405 530 521 ἓρίιῖξῃᾶοῶἒει
561 411 692 449 forma
721 409 934 450 Aristoteli
971 413 1012 450 et
1041 411 1331 462 posterioribus
1370 412 1520 451 usitata
1550 412 1599 451 cf.
1631 411 1801 452 Lobeek.

450 619 598 672 οὐδεὶς
629 620 805 672 ἀλύπως
835 622 914 664 τὸν
944 623 1046 677 βίον
1076 623 1286 677 διήγαγεν
1363 615 1372 624 ’

447 693 688 748 ἅνθρωπος
720 693 798 747 ὥν,
831 690 936 735 οὐδὲ
968 691 1094 749 μέχρι
1124 698 1205 735 τοῦ
1235 691 1389 744 τέλους
1418 693 1552 736 πάλιν

447 765 618 819 ἔμεινεν
649 764 857 820 εὐτυχῶν.
925 806 928 809 ,

352 850 533 889 Clemens
578 850 689 890 Alex.
730 851 872 890 Strom.
914 853 958 901 6,
991 853 1034 901 2,
1069 853 1122 891 13
1167 851 1436 899 Ποσείδιππος
1466 854 1541 892 κτλ.
1604 851 1800 892 Maximus

233 909 343 948 Oonf.
379 911 446 960 28,
480 911 533 949 68
567 924 603 960 p.
639 912 723 949 614
767 913 866 950 extr.
916 910 1122 950 Combefis.
1162 913 1202 950 et
1246 911 1391 950 omisso
1429 912 1604 951 auctoris
1641 912 1800 952 nomine

236 969 432 1008 Stobaeus
459 970 597 1009 Floril.
626 971 691 1017 99,
721 972 787 1009 14.
849 967 1065 1022 ἅνθρωπος
1097 967 1153 1010 ὢν
1179 968 1310 1017 οὐδεὶς
1340 967 1491 1018 ἄλυπος
1516 992 1571 998 -·
1599 970 1800 1024 διήγαγεν,

233 1025 327 1066 οὐδὲ
359 1026 466 1080 μέχρι
497 1026 631 1076 τέλους
661 1027 718 1080 ἔμ.
738 1028 814 1068 εὐτ.
836 1030 958 1081 Stob,
991 1030 1059 1069 sed
1090 1027 1307 1081 ἅνθρωπος
1338 1027 1395 1068 ὢν
1419 1032 1512 1080 post
1542 1029 1643 1083 διήγ.
1670 1031 1800 1070 Trinc.

233 1084 383 1134 ἄλυπος
418 1109 466 1115 -
503 1084 590 1127 οὐδ’
626 1085 713 1140 ἄχρι
743 1087 816 1128 τέλ.
848 1093 890 1128 et
921 1102 996 1128 om.
1027 1088 1146 1128 πάλιν
1176 1090 1280 1128 MaX.
1312 1086 1400 1142 ἄχρι
1431 1090 1551 1128 etiam
1577 1089 1699 1129 clem.
1763 1092 1798 1130 2.

233 1145 363 1194 οὐδεὶς
383 1144 425 1186 δὲ
445 1145 554 1199 μέχρι
579 1145 714 1195 τέλους
734 1148 844 1188 Grot.
877 1144 965 1187 οὐδ’
1000 1147 1095 1201 εἴγε
1114 1146 1223 1200 μέχρι
1248 1146 1381 1195 τέλους
1401 1148 1524 1188 Gaisf.
1585 1162 1656 1188 nos
1676 1149 1803 1188 secuti

234 1219 370 1245 sumus
402 1207 656 1246 Meinekium.
734 1210 771 1247 3.
804 1207 978 1260 εὐτυχῶν
1010 1208 1057 1246 V.
1091 1206 1265 1260 εὐτυχών
1298 1207 1459 1247 LClem.
1509 1206 1663 1260 ἀτυχῶν
1694 1211 1802 1250 reete

231 1267 278 1304 ut
309 1266 470 1305 videtur
501 1267 653 1306 Potter.

990 1347 1044 1390 31

445 1428 526 1484 τὴν
557 1430 743 1485 χλανίδα
774 1430 948 1484 πάντες,
982 1430 1040 1480 ὡς
1071 1431 1229 1482 ἔοικεν,
1262 1430 1344 1473 οὐκ
1375 1427 1449 1486 ἐμὲ

445 1503 798 1558 προσηγόρευον·
838 1499 943 1544 οὐδὲ
975 1496 1038 1552 εἷς
1067 1507 1153 1544 νῦν
1185 1518 1260 1557 μοι
1291 1506 1424 1545 λαλεῖ.

353 1587 548 1626 Stobaeus
586 1588 723 1626 Floril.
759 1589 812 1626 14
853 1584 959 1640 (περὶ
993 1582 1228 1640 κολακείας),
1263 1590 1284 1626 1
1319 1588 1594 1627 Ποσειδίππου
1626 1583 1720 1642 (sic)
1752 1588 1800 1627 A.

231 1646 257 1685 i.
277 1659 310 1686 e.
336 1647 516 1698 antehac,
548 1647 619 1686 ubi
650 1647 858 1697 splendida
882 1649 992 1686 veste
1024 1647 1188 1686 indutus
1216 1648 1439 1697 prodibam,
1470 1661 1605 1687 omnes
1636 1661 1698 1686 me
1729 1648 1800 1686 ad-

231 1706 455 1757 pellabant,
486 1719 591 1745 nune
622 1719 755 1745 nemo:
795 1706 930 1756 itaque
962 1719 1040 1746 non
1071 1720 1156 1757 me,
1187 1707 1256 1746 sed
1287 1709 1439 1747 vestem
1471 1707 1800 1758 adloquebantur.

988 1822 1045 1864 32

448 1906 522 1948 διὰ
552 1906 633 1960 τὴν
664 1905 823 1961 τέχνην
855 1903 936 1960 μὲν
967 1906 1219 1961 γνωρίμους
1251 1905 1498 1961 ἐκτησάμην

443 1977 650 2031 πολλούς,
671 1977 747 2020 διὰ
765 1978 844 2019 τὸν
863 1978 1030 2034 τρόπον
1049 1974 1098 2019 δὲ
1118 1979 1222 2027 τοὺς
1241 1979 1473 2027 πλείστους
1492 1978 1663 2032 φίλους.

352 2063 547 2103 Stobaeus
592 2064 729 2103 Floril.
765 2066 820 2103 37
866 2058 979 2117 (περὶ
1015 2062 1306 2117 χρηστότητος),
1347 2066 1398 2102 14
1444 2063 1720 2102 Ποσειδίππου
1752 2063 1800 2102 Α.

231 2123 392 2162 Maxim.
424 2122 535 2162 Conf.
568 2124 637 2173 57,
672 2125 754 2163 114
786 2138 824 2174 p.
853 2125 935 2162 665
970 2122 1177 2162 Combefis.
1242 2125 1278 2162 1.
1311 2121 1377 2162 διὰ
1406 2120 1479 2173 τὴν
1509 2120 1649 2174 τέχνην
1669 2121 1798 2173 Stob]

232 2179 346 2237 τέχνῃ
377 2183 479 2221 Max.
532 2179 706 2233 ‘poterat
741 2184 859 2222 homo
897 2181 1064 2234 κουρεὺς
1101 2177 1202 2221 εἶναι
1231 2179 1304 2232 τὴν
1334 2180 1473 2233 τέχνην
1505 2184 1546 2221 et
1576 2182 1667 2221 hinc
1697 2197 1799 2234 γνω-

231 2242 371 2292 ρίμους
415 2243 637 2292 permultos
686 2237 862 2282 habere'.
927 2241 1062 2281 Cobet.
1095 2242 1146 2280 N.
1177 2242 1204 2281 1.
1240 2243 1306 2281 74.
1362 2242 1426 2280 vel
1463 2253 1629 2291 coquus,
1672 2245 1719 2280 ut
1749 2241 1798 2280 H.

233 2301 368 2341 Iacobi
399 2305 433 2340 V
466 2314 610 2341 cccxx,
661 2302 795 2353 itaque
827 2314 1036 2352 perperam
1067 2299 1188 2352 τύχην
1219 2301 1336 2340 Mein.
1368 2300 1550 2339 in'Stob.

985 2416 1041 2459 33

446 2499 528 2543 οὐκ
558 2501 691 2556 ἔργον
723 2497 842 2543 ἐστὶν
874 2495 924 2542 εὐ
955 2497 1113 2554 λέγειν,
1146 2496 1241 2541 ἀλλ’
1278 2494 1327 2541 εὖ
1358 2504 1564 2554 φρονεῖν·

445 2570 602 2614 πολλοὶ
632 2572 717 2628 γὰρ
748 2567 798 2614 εὐ
830 2569 1033 2625 λέγοντες
1063 2570 1146 2613 οὐκ
1176 2571 1326 2626 ἔχουσι
1356 2575 1480 2612 νοῦν.

352 2658 545 2697 Stobaeus
572 2658 654 2697 Ecl.
678 2660 715 2708 2,
738 2659 804 2708 15,
826 2660 881 2697 24
913 2657 1113 2696 Wachsm.
1162 2656 1437 2696 Ποσειδίππου
1464 2652 1727 2710 (.οδιδίππου)
1753 2657 1796 2695 L.

237 2719 272 2756 1.
305 2720 471 2771 φρονεῖν
504 2717 639 2757 Cobet.
672 2718 720 2756 N.
747 2718 773 2757 l.
806 2715 880 2768 90]
913 2719 1054 2757 ποιεῖν.
1117 2719 1156 2756 2.
1186 2714 1361 2769 λέγοντες
1391 2710 1435 2756 εὐ
1467 2717 1510 2756 L.

988 2832 1046 2875 34

448 2916 647 2972 διψηρός,
680 2917 841 2967 ἄτοπος
872 2915 896 2958 ὁ
927 2916 1114 2972 μυρίνης
1145 2914 1169 2958 ὁ
1200 2916 1352 2971 τίμιος.
