2014 3334
25 100 37 116 ιιι
84 112 87 117 Δ
133 109 136 113 ⁸

730 246 934 281 ΑΔΗΛΩΝ
959 247 1220 282 ΔΡΑΜΑΤΩΝ
1679 245 1767 288 235

306 359 476 399 Photius
507 360 548 399 et
568 358 714 399 Suidas
737 355 963 412 “Ἠράκλεις·
995 357 1226 413 ἐπίφθεγμα
1257 358 1534 411 θαυμαστικόν
1554 389 1564 399 .
1579 389 1588 399 .
1603 389 1613 399 .
1633 357 1768 399 ἐπικα-

183 421 344 460 λοῦνται
364 416 406 459 δὲ
425 417 491 459 καὶ
511 414 609 474 (om.
629 415 758 472 Suid.)
777 418 871 467 τοὺς
883 415 1141 472 Ἡρακλείδας
1159 417 1317 471 ὁμοίως.
1363 417 1609 472 Μένανδρος
1628 415 1707 459 ἀλλ’
1736 414 1768 459 ὦ

185 475 284 532 (om.
303 475 440 533 Phot.)
453 475 718 532 Ἡρακλεῖδαι.
754 480 888 531 Etym.
909 494 959 518 m.
973 479 1124 519 Milleri
1139 475 1365 534 (Melanges
1387 475 1492 534 151)
1513 478 1770 533 ἐγκαλοῦνται

185 536 227 579 δὲ
246 537 340 588 τοὺς
352 535 611 594 Ἡρακλείδας
631 536 789 591 ὁμοίως.
835 537 1080 593 Μένανδρος
1105 536 1191 580 ἀλλ’
1213 536 1298 590 Ἡρ.
1325 555 1360 580 κ.
1380 543 1424 580 θ.
1486 541 1658 580 fortasse
1690 541 1769 580 huc

184 600 390 651 pertinent
427 599 550 640 etiam
581 613 684 652 quae
711 600 954 640 Eustathius
991 600 1118 639 tradit
1152 601 1277 648 1593,
1308 602 1361 639 14
1399 598 1468 640 τὸν
1500 597 1543 639 δὲ
1567 596 1770 653 Ἡρακλῆν

184 657 251 699 καὶ
273 655 537 713 Ἡρακλείδην
568 660 806 708 Παυσανίας
836 662 1047 700 καλεῖσθαι
1078 660 1203 712 φησίν
1236 662 1277 700 et
1310 660 1485 699 Cramer.
1517 660 1671 700 Aneed.
1697 659 1769 700 Ox.

185 719 248 759 III
281 720 368 760 390
399 720 453 759 in.
484 719 527 760 τὸ
558 718 634 774 γὰρ
666 714 697 760 ὦ
728 719 963 773 Στρεψιάδη
994 718 1060 759 καὶ
1098 719 1141 760 τὸ
1174 714 1205 760 ὦ
1231 717 1468 772 (Ηρακλείδη
1505 719 1695 773 γινόμενα
1727 718 1770 760 ἐν

185 783 230 835 τῇ
259 781 420 835 κλητικῇ
452 780 700 834 Στρεψίαδες
725 775 870 835 (Arist.
897 781 1003 820 Nub.
1033 776 1169 834 1206)
1201 779 1266 820 καὶ
1291 777 1546 834 “Ηράκλειδες
1577 780 1767 833 παιγνίου

185 838 300 892 χάριν
343 837 521 894 λέγονται
560 839 669 893 παρὰ
712 843 794 889 τοῖς
837 843 1037 892 κωμικοῖς.
1099 841 1205 880 unde
1243 841 1468 880 Meinokius
1502 841 1769 880 Menandrum

185 899 334 940 dixisse
377 903 496 951 putat
539 897 624 941 ἀλλ’
663 898 917 954 Ἡράκλειδες
959 899 1027 941 καὶ
1069 901 1172 941 θεοί.
1233 901 1313 940 nisi
1349 902 1454 941 forte
1500 902 1597 940 haee
1635 901 1771 940 omnia

186 960 388 1011 corruptis
419 961 630 1001 Menandri
667 962 873 1002 codicibus
906 962 1104 1001 debentur
1142 964 1183 1000 et
1214 964 1335 1012 poeta
1373 961 1475 1001 dixit
1507 955 1537 1000 ὦ
1563 957 1770 1014 Ἱίράκλεις

186 1034 224 1060 τε
256 1018 322 1060 καὶ
352 1020 455 1061 θεοί.

937 1079 1026 1123 894

473 1159 588 1218 ἦσαν
618 1161 855 1220 περινομαὶ
888 1169 940 1220 τῇ
972 1167 1078 1222 θεῷ.

307 1250 475 1290 Photius
506 1250 733 1304 περινομαί·
764 1251 993 1304 περιχωρίαι
1019 1254 1099 1291 κτλ.
1149 1249 1407 1304 Μένανδρος.

930 1357 1017 1399 895

991 1438 1120 1496 ἔγωγ’
1156 1439 1391 1496 ἐπίσταμαι

475 1500 619 1557 ῥινᾶν.
680 1522 686 1530 ⁸

308 1566 548 1628 Eustathius
582 1590 686 1639 998,
721 1590 777 1628 30
818 1586 896 1628 ἀπὸ
935 1593 1013 1628 τῶν
1050 1588 1241 1628 τοιούτων
1280 1587 1402 1640 ῥινῶν
1441 1588 1557 1627 δοκεῖ
1586 1585 1770 1641 λέγεσθαι

189 1645 253 1687 ε’πὶ
283 1646 436 1700 ἀπάτης
466 1646 509 1687 τὸ
536 1646 653 1700 ῥινᾶν
672 1645 775 1700 ...ἡ
810 1646 852 1688 δὲ
884 1653 1019 1701 χρῆσις
1050 1654 1121 1700 τῆς
1147 1646 1284 1696 λέξεως
1315 1646 1382 1687 καὶ
1412 1647 1520 1701 παρὰ
1539 1648 1770 1703 Παυσανίᾳ,

189 1706 233 1755 ὅς
275 1719 401 1759 φησιν
446 1707 504 1747 ὅτι
547 1707 664 1761 ῥινᾶν
707 1707 749 1748 τὸ
795 1707 1004 1756 ἐξαπατᾶν.
1065 1707 1310 1761 Μένανδρος
1341 1711 1419 1748 κτλ.
1465 1710 1506 1748 et
1546 1710 1680 1759 1822,
1713 1710 1769 1747 44

187 1765 299 1821 φέρει
331 1765 374 1808 δὲ
405 1773 545 1821 χρῆσιν
643 1767 686 1808 ἐκ
705 1768 954 1822 Μενάνδρου
980 1768 1120 1817 Αἴλιος
1147 1768 1362 1816 Διονύσιος
1392 1767 1434 1808 τὸ
1460 1771 1539 1808 κτλ.
1598 1768 1770 1808 Photius

188 1826 322 1880 ῥινᾶν’
354 1827 560 1876 ἐξαπατᾶν.
611 1828 737 1877 οὕτως
768 1827 1023 1882 Μένανδρος.
1085 1830 1258 1869 fortasse
1293 1830 1372 1868 huc
1404 1829 1580 1879 pertinet
1612 1828 1769 1868 Aelian.

188 1888 236 1927 N.
269 1901 332 1928 an.
367 1891 405 1939 9,
439 1892 476 1929 7.
539 1889 588 1928 of.
620 1890 669 1928 fr.
703 1891 800 1929 937.
851 1885 963 1929 ‘sunt
994 1889 1164 1940 parasiti
1195 1889 1410 1941 gloriantis
1442 1884 1592 1930 verba'.
1638 1889 1769 1928 Bentl.

939 2006 1028 2049 896

310 2092 551 2132 Eustathius
574 2094 686 2132 1595
716 2094 816 2132 extr.
847 2092 954 2146 μύρα
984 2091 1051 2132 καὶ
1074 2092 1266 2146 κρόμυον,
1298 2092 1340 2132 οἵ
1366 2091 1479 2132 τόποι
1509 2091 1553 2132 ἐν
1579 2088 1639 2140 οἷς
1670 2091 1770 2132 αὐτὰ

189 2146 304 2203 ἦσαν.
366 2151 469 2192 οὕτω
500 2150 567 2192 καὶ
597 2150 842 2206 Μένανδρος
873 2152 1093 2206 ἀναμενῶ
1126 2164 1193 2204 σε,
1224 2152 1338 2205 φησί,
1369 2151 1486 2207 πρὸς
1516 2150 1768 2204 τοῦλαιον,

189 2209 318 2265 ἤγουν
349 2210 451 2252 ἔνθα
482 2215 668 2252 πωλεῖται
697 2211 739 2253 τὸ
771 2212 915 2253 ἔλαιον.
978 2214 1109 2254 Schol.
1143 2214 1258 2254 Hom.
1292 2213 1435 2264 Odyss.
1463 2215 1501 2264 8,
1536 2215 1621 2253 260
1654 2210 1769 2252 Μέν-

189 2271 354 2324 ανδρος·
396 2270 662 2325 ἀνάμεινόν
693 2288 746 2324 με
777 2272 895 2328 πρὸς
925 2271 1162 2314 τοῦλαιον.

933 2379 1018 2422 897

480 2460 618 2512 αὐλὰς
649 2462 919 2518 θεραπεύειν
950 2461 1024 2505 καὶ
1056 2462 1281 2519 σατράπας

308 2546 541 2587 Athenaeus
562 2549 601 2600 5,
629 2550 747 2589 1899
780 2554 856 2589 νῦν
888 2547 930 2589 δὲ
962 2548 1008 2589 τὰ
1039 2549 1217 2602 βασίλεια
1248 2547 1430 2603 λέγουσιν
1463 2547 1602 2599 αὐλάς,
1635 2547 1768 2601 ὥσπερ

191 2603 436 2660 Μένανδρος
466 2610 545 2647 κτλ.
607 2609 656 2648 cf.
690 2609 840 2660 Diphil.
875 2611 942 2649 97.
993 2610 1115 2661 adesp
1151 2611 1246 2650 145.

935 2726 1021 2770 898

479 2807 631 2863 βούλει
662 2823 719 2863 τι,
751 2810 968 2865 Κνήμων;
1002 2808 1099 2852 εἰπέ
1126 2825 1213 2864 μοι.

310 2894 483 2935 Bekker.
519 2894 667 2935 Anecd.
707 2897 822 2936 1290
866 2899 908 2935 et
951 2896 1126 2935 Cramer.
1163 2895 1311 2935 Anecd.
1346 2895 1416 2934 Ox.
1448 2896 1529 2934 IIII
1568 2898 1679 2947 351,
1713 2898 1768 2936 25

195 2953 330 3006 βούλει
356 2950 538 3003 Ἀττικῶς
570 2953 635 2994 διὰ
666 2960 735 3008 τῆς
766 2954 800 2995 ἔι
833 2955 1076 3010 διφθόγγου,
1107 2952 1160 3003 ὡς
1197 2954 1304 3009 παρὰ
1335 2955 1566 3013 Μενάνδρῳ
1597 2959 1675 2996 κτλ.
1736 2971 1772 2995 τι
