2014 3334
0 1532 8 1569 π’*
0 1482 7 1505 v.
0 1451 12 1471 -,.·
0 1343 13 1433 ιὴν-ν-
8 1322 10 1326 ,

630 255 1035 291 ΚΩΝΕΙΑΖΟΜΕΝΑΙ
1084 255 1334 289 ΛΕΤΚΑΔΙΑ
1717 255 1743 296 8
1752 254 1778 296 9

945 412 1029 455 311

411 496 564 548 ἐπίθες
595 497 644 540 τὸ
676 502 766 554 πῦρ
797 496 824 552 ἡ
859 496 1058 552 ζάκορος·
1103 494 1268 539 οὑτωσὶ
1299 499 1454 547 καλῶς.

315 584 545 636 Etymolog.
565 597 617 624 m.
639 585 815 635 407s22
838 578 982 637 (usque
1002 583 1054 623 ad
1073 581 1238 636 ζάκορος
1264 583 1387 623 etiam
1407 584 1551 623 Miller.
1571 584 1778 635 Melanges

201 638 320 699 139),
346 644 517 685 Photius
550 646 591 683 et
623 644 768 684 Suidas
802 643 967 696 ζάκορος
992 673 1002 683 .
1028 673 1038 682 .
1065 673 1074 683 .
1100 640 1345 696 Μένανδρος
1376 643 1585 699 Λευκαδίᾳ
1617 645 1694 683 κτλ.
1750 640 1776 694 ἡ

197 703 363 758 ζάκορος
395 701 528 758 ἱερέως
559 703 704 744 οὑτωσὶ
735 706 864 752 καλῶς
895 703 1042 743 ABVE
1076 702 1184 742 Suid.

948 833 1036 876 312

483 914 539 961 οὗ
571 918 626 973 δὴ
659 916 830 972 λέγεται
862 917 1012 973 πρώτη
1046 916 1223 972 Σαπφὼ

483 991 562 1033 τὸν
595 988 880 1046 ὑπέρκομπον
901 981 1099 1045 ’θηρῶσα
1135 987 1282 1031 Φάων’

485 1063 719 1119 οἰστρῶντι
750 1063 879 1120 πόθῳ
913 1061 1040 1118 ῥῖψαι
1071 1060 1233 1117 πέτρας

484 1134 570 1177 ἀπὸ
602 1138 883 1190 τηλεφανοῦς
915 1134 1031 1190 ἅλμα
1061 1129 1156 1176 κατ’
1192 1133 1326 1189 εὐχὴν

444 1219 463 1250 5
486 1208 585 1262 σήν,
619 1202 796 1249 δέσποτ’
833 1204 941 1258 ἄναξ
993 1239 1001 1249 .
1054 1240 1061 1247 .
1114 1241 1121 1248 .
1173 1239 1182 1248 .

322 1294 468 1334 Strabo
506 1296 571 1345 10,
604 1295 688 1334 452
723 1292 799 1346 ἔχει
832 1291 873 1333 τὸ
905 1298 976 1333 τοῦ
1007 1292 1196 1333 Λευκάτα
1223 1289 1472 1340 ’Λπόλλωνος
1505 1290 1611 1344 ἱερὸν
1643 1290 1708 1330 καὶ
1740 1291 1782 1331 τὸ

197 1354 302 1407 ἅλμα
339 1353 381 1394 τὸ
420 1353 513 1402 τοὺς
556 1352 702 1406 ἔρωτας
739 1353 884 1394 παύειν
914 1350 1236 1405 πεπιστευμένον.
1288 1347 1337 1393 οὗ
1371 1350 1420 1403 δὴ
1459 1349 1606 1406 λέγεται
1647 1351 1782 1405 πρώτη

200 1413 383 1466 Σαπφώ,
422 1413 476 1462 ὥς
506 1413 586 1455 πού
619 1413 744 1466 φησιν
777 1411 797 1454 ὁ
829 1411 1095 1466 Μένανδρος,
1133 1412 1201 1453 τὸν
1233 1411 1492 1465 ὑπέρκομπον
1523 1415 1601 1451 κτλ.
1657 1410 1678 1451 ὅ
1710 1409 1781 1463 μὲν

199 1469 274 1516 οὖν
311 1472 557 1527 Μένανδρος
599 1473 761 1527 πρώτην
799 1471 967 1514 ἁλέσθαι
1008 1471 1109 1527 λέγει
1149 1472 1222 1525 τὴν
1259 1471 1433 1524 Σαπφώ.
1495 1486 1544 1512 ex
1580 1473 1784 1512 Leucadia

199 1537 432 1587 excerptum
464 1548 550 1575 esse
583 1535 763 1586 adparet.
785 1535 917 1574 Schol.
937 1533 1226 1586 Hephaestion.
1250 1536 1288 1585 9,
1311 1535 1332 1572 1
1350 1548 1387 1584 p.
1423 1535 1505 1572 126
1529 1532 1654 1573 Graisf.
1685 1530 1784 1571 κατὰ

198 1594 477 1648 περιορισμοὺς
510 1592 553 1634 δὲ
584 1593 763 1646 ἀνίσους,
796 1594 862 1635 οἴα
893 1590 999 1640 ἐστὶν
1031 1591 1056 1646 ἡ
1090 1592 1284 1646 εἰσβολὴ
1318 1598 1387 1645 τῆς
1412 1590 1647 1640 Λευκαδίας
1666 1594 1782 1632 Μεν-

201 1655 374 1708 άνδρου,
413 1669 515 1707 quae
547 1656 598 1694 ad
628 1656 704 1695 hoc
736 1656 871 1706 ipsum
903 1662 1066 1695 carmen·
1095 1655 1297 1706 pertinere
1331 1654 1520 1704 adparet,
1553 1653 1660 1705 quod
1691 1655 1784 1703 post

199 1717 415 1767 prologum
445 1716 622 1767 positum
655 1716 799 1755 fuerat.
857 1716 905 1755 cf.
938 1716 1057 1754 WIein.
1090 1716 1108 1753 Ι
1142 1716 1241 1754 443.
1285 1736 1343 1741 -
1389 1716 1426 1753 3.
1465 1711 1686 1765 οἰστρῶντι]
1727 1712 1784 1752 οἰ-

200 1776 437 1829 στροῦντιζ)
479 1788 574 1815 nam
612 1776 740 1815 Attici
779 1788 936 1826 sempe1
967 1774 1202 1827 οἰστρήσειν,
1247 1774 1469 1826 οἰστρῆσαι,
1508 1773 1784 1825 οἰστρηθῆναι.

198 1833 358 1889 πέτρας]
391 1837 562 1875 fortasse
595 1841 817 1887 σκοπιᾶς,
849 1836 900 1875 ad
932 1836 1196 1876 amovendam
1226 1835 1467 1885 positionem
1498 1834 1682 1873 debilem.
1746 1835 1784 1872 4.

200 1895 296 1946 ἀπὸ]
329 1895 427 1935 κατὰ
458 1896 665 1936 Herwerd.
698 1895 791 1935 Obs.
824 1897 913 1935 crit.
947 1898 1015 1936 88.
1049 1891 1165 1948 (Oob.
1186 1895 1232 1934 V.
1253 1890 1298 1933 l.2
1330 1888 1452 1948 277).
1483 1893 1588 1945 ἅλμα
1618 1893 1783 1932 Words-

202 1957 360 1996 wor...th
382 1956 582 1996 Theocrit.
622 1958 666 2007 3,
707 1954 781 2006 25]
824 1953 931 1995 ἀλλὰ.
1000 1957 1108 1995 recte
1146 1955 1363 1994 Wordsw.:
1412 1967 1508 1993 nam
1545 1953 1785 1993 Strabonem

202 2017 376 2056 mediam
419 2016 661 2056 sententiam
705 2016 916 2067 abrupisse
961 2016 1070 2055 credi
1112 2016 1180 2055 vix
1223 2016 1368 2065 potest
1451 2015 1487 2054 5.
1525 2012 1596 2053 σὸν
1638 2013 1784 2063 Bentl.,

203 2077 523 2129 coniungendum
551 2089 643 2116 cum
661 2073 819 2127 τέμενος
845 2077 893 2116 fr.
921 2078 1021 2127 313,
1046 2075 1154 2126 quod
1173 2075 1242 2114 ille
1274 2088 1363 2114 cum
1389 2075 1465 2113 hoc
1492 2062 1621 2128 (312)
1647 2086 1784 2113 conec-

202 2138 326 2177 tebat.
346 2137 447 2176 mihi
465 2132 550 2176 κατ’
585 2134 707 2188 εὐχήν
740 2139 974 2187 corruptum
994 2108 1035 2175 e⁷t
1055 2135 1308 2175 scribendum
1329 2135 1491 2174 videtur
1509 2130 1596 2173 κατ’
1632 2131 1786 2184 αὐλὴν

203 2195 290 2248 σήν.
333 2197 382 2236 cf.
403 2209 505 2248 quae
538 2197 821 2236 adnotavimus
847 2197 899 2236 ad
919 2197 1101 2236 Pherecr.
1122 2197 1192 2235 46.
1223 2208 1317 2234 nam
1350 2190 1411 2234 ‘cx
1436 2198 1500 2233 tuo
1530 2197 1627 2238 voto,
1659 2206 1784 2243 Quem-

202 2255 413 2297 admodum
452 2258 521 2297 tibi
562 2253 757 2296 ‘vovimus'
798 2270 889 2296 cum
932 2256 1132 2296 Meinekio
1181 2255 1423 2306 scripturam
1465 2255 1678 2306 vulgatam
1722 2267 1785 2293 ex-

202 2317 345 2368 plicari
375 2330 506 2368 posse.
525 2317 705 2368 despero.
732 2339 789 2343 —
815 2319 994 2357 ceterum
1020 2318 1069 2356 cf.
1095 2316 1212 2355 Phot.
1238 2314 1464 2366 Λευκάτης·
1498 2313 1687 2361 σκόπελος
1717 2318 1786 2365 τῆς

199 2373 387 2430 Ἠπείρου
409 2371 483 2491 (Ῥζ,
509 2373 581 2428 ἀφ’
612 2371 661 2417 οὗ
683 2375 887 2429 ῥίπτουσιν
920 2375 1065 2424 αὑτοὺς
1086 2375 1141 2423 εἰς
1160 2374 1202 2415 τὸ
1222 2373 1390 2427 πέλαγος
1416 2373 1458 2414 οἰ
1480 2374 1593 2427 ἱερεῖς
1611 2370 1790 2426 (ἐρασταί

205 2437 452 2476 Schleusner.
476 2467 485 2476 .
555 2434 717 2488 Σαπφὼ
763 2434 805 2476 δὲ
848 2436 1009 2488 πρώτην
1053 2435 1116 2476 ἐπὶ
1164 2434 1305 2475 Φάωνι
1347 2439 1461 2475 τοῦτο
1506 2438 1670 2486 ποιῆσαι
1713 2431 1785 2484 τὴν

204 2496 431 2550 ποιήτριαν·
465 2496 507 2537 οἱ
535 2494 577 2536 δὲ
609 2495 682 2548 τὴν
713 2495 887 2551 ἑταίραν·
920 2495 1070 2550 ἐγένετο
1102 2494 1176 2549 γὰρ
1209 2493 1305 2547 ἄλλη
1341 2493 1531 2547 [Λεσβία]
1565 2492 1708 2546 ἑταίρα.

953 2626 1040 2668 313

1116 2684 1406 2739 εὐφημείσθω

491 2756 671 2812 τέμενος
702 2756 804 2814 πέρι
837 2757 1067 2807 Λευκάδος
1098 2756 1242 2809 ἀκτῆς.

325 2843 553 2894 Hesychius
597 2843 829 2893 Λευκάδος’
874 2842 1115 2895 Μένανδρος
1159 2840 1201 2881 ἕν
1245 2839 1453 2896 Λευκαδίᾳ
1496 2843 1574 2879 κτλ.
1649 2852 1785 2891 quam-

208 2916 328 2955 quam
371 2904 538 2942 fuerunt
579 2904 648 2955 qui
691 2905 915 2944 Leucadiae
959 2902 1225 2942 Menandreae
1270 2900 1690 2940 commemorationem
1736 2900 1786 2938 ad

210 2963 385 3015 glossam
417 2963 608 3015 Hesychii
647 2965 785 3015 paullo
824 2965 931 3003 infra
968 2963 1143 3014 positam
1175 2958 1294 3012 λευκὴ
1328 2958 1471 3013 ἡμέρα·
1515 2958 1652 3012 ἀγαθή
1684 2960 1784 2999 conl.
