2014 3334
771 243 939 278 AAHAA
965 242 1228 278 οΠοΤΕΡΑΣ
1611 250 1615 256 ·
1697 239 1785 283 543

206 369 287 399 πον
311 354 379 396 καὶ
402 354 605 410 νανπήγια
634 354 702 396 καὶ
732 360 882 408 χρυσοῦ
913 352 1096 408 μέταλλα·
1127 350 1200 406 ἀφ’
1236 349 1285 394 οὗ
1323 351 1390 393 καὶ
1426 353 1618 406 παροιμία
1649 352 1783 393 Δάτον

205 414 395 470 ἀγαθῶν,
435 412 489 464 ὡς
518 414 585 456 καὶ
622 413 794 470 ’ἀγαθῶν
832 413 1025 470 ἀγαθίδες
1058 412 1196 468 (827).
1246 417 1287 456 et
1318 415 1365 455 fr.
1400 415 1454 455 36
1486 412 1529 454 τὸ
1560 412 1695 454 Δάτον
1720 410 1785 453 εὔ-

205 490 339 529 καρπα
374 474 491 516 πεδία
533 473 602 516 καὶ
637 475 781 527 λίμνην
824 473 891 515 καὶ
927 473 1130 527 ποταμοὺς
1172 471 1240 514 καὶ
1281 473 1484 527 ναυπήγια
1521 472 1587 513 καὶ
1625 476 1786 527 χρυσεῖα

205 538 384 588 λυσιτελῆ
415 533 518 588 ἕχον,
549 531 623 587 ἀφ’
659 530 708 576 οὗ
745 533 810 575 καὶ
850 534 1176 589 παροιμιαζονται
1206 535 1255 574 Δ.
1292 532 1369 588 ἀμ,
1406 531 1460 582 ὦς
1491 531 1558 573 καὶ
1594 532 1656 587 ἀγ.
1687 531 1784 587 ἀγα-

205 595 340 645 oldae.
389 595 439 635 cf.
471 595 615 636 Zenob.
650 598 688 648 3,
725 598 789 635 11.
834 595 1025 635 Herodot.
1053 596 1091 646 9,
1126 595 1193 635 75.
1236 594 1449 635 Herodian.
1476 594 1495 633 I
1523 595 1623 645 389,
1654 596 1712 634 40
1743 592 1785 633 τὸ

206 657 355 707 Δᾶτον,
385 654 498 703 πόλις
533 652 692 712 Θρᾴκης
724 685 733 695 .
768 688 775 695 .
807 657 939 712 μακρᾷ
970 652 1247 709 παραλήγεται.
1327 671 1330 676 ·

953 794 1040 838 765

491 856 609 912 βαρὺ
639 855 690 899 τὸ
722 855 918 912 σκάφιον

325 942 553 994 Hesychius
597 947 712 983 τοῦτο
744 940 892 996 λέγεται
923 939 986 981 ἐπὶ
1017 947 1095 982 τῶν
1127 939 1514 995 ὃνσαρεστονμένων.

804 1139 807 1141 -
838 1165 964 1222 ἡμεῖς
995 1163 1045 1209 δὲ
1124 1201 1135 1210 .
1214 1199 1224 1209 .
1305 1200 1314 1209 .
1393 1200 1403 1209 .

420 1237 623 1294 καθάπερ
649 1237 939 1294 ὀπωρίζοντες
963 1237 1020 1280 ἂν
1044 1239 1150 1289 τοὺς
1169 1236 1393 1288 ’Λττικοὺς
1417 1237 1643 1289 ὀλύνθους

421 1309 699 1366 βλιμάζομεν.

325 1396 594 1448 Etymologic.
613 1410 663 1436 m.
684 1397 832 1436 Minori
858 1391 1083 1451 (Melanges
1104 1392 1179 1451 66)
1205 1396 1420 1449 βλιμᾶζων·
1452 1395 1684 1445 ἀποστάζων
1713 1402 1784 1438 τοῦ

207 1453 359 1507 μέλιτος
377 1458 455 1496 κτλ.
505 1457 645 1496 eadem
676 1456 760 1496 cod.
774 1456 1043 1509 Voss..Etym.
1063 1471 1126 1506 m.‚
1160 1458 1228 1496 sed
1254 1457 1480 1510 πορίζοντες
1511 1460 1552 1496 et
1584 1454 1786 1505 ὀλίνθους.

208 1513 259 1555 ἂν
290 1515 379 1556 add.
400 1516 461 1566 K,
492 1516 518 1556 i.
538 1528 572 1555 e.
602 1515 786 1568 καθάπερ
811 1516 1067 1569 βλιμάζοιμεν
1091 1514 1156 1568 ἅν,
1189 1516 1225 1556 εἰ
1248 1514 1519 1569 ὃπωρίζοιμεν.
1559 1530 1630 1557 nos
1654 1521 1698 1557 ut
1722 1519 1789 1567 qui

207 1577 307 1624 fieus
337 1576 492 1616 Atticas
523 1577 762 1626 decerpentes
792 1578 994 1628 temptant
1016 1578 1195 1627 puellam
1226 1580 1467 1627 temptamus.

956 1718 1040 1760 767

424 1800 507 1843 οὐκ
531 1801 623 1843 ἔστι
649 1806 782 1843 τοῦτο
808 1808 1063 1857 σωφρονεῖν
1090 1799 1187 1843 οὐδ’
1219 1800 1370 1856 ἀγαθὰ
1396 1802 1690 1844 διανοεῖσθαι.

330 1887 551 1938 Alciphron
573 1890 608 1936 1,
630 1890 670 1938 4,
690 1889 728 1927 3.
766 1900 856 1927 ecce
889 1883 1204 1939 ‘perelegantem
1223 1889 1507 1927 tetrametrum
1525 1889 1640 1928 nullo
1660 1902 1786 1928 novae

209 1947 435 1987 comoediae
477 1949 599 1998 poeta
641 1943 878 2000 indignum'.
919 1947 1038 1986 Mein.
1094 1947 1194 1986 talia
1236 1960 1317 1987 non
1359 1948 1492 1988 minus
1534 1948 1577 1987 in
1620 1949 1788 1999 antiqua

209 2006 416 2047 comoedia
446 2007 525 2046 dici
554 2008 754 2058 poterant.

959 2100 1044 2143 768

424 2182 510 2238 ἐγὼ
541 2183 626 2240 γὰρ
656 2184 743 2239 ἤδη
776 2182 1035 2238 σπένδομαι,
1067 2183 1130 2239 χώ
1162 2184 1314 2240 καιρὸς
1343 2189 1421 2239 τῆς
1452 2182 1515 2239 ἐμ.
1537 2217 1575 2225 ..

330 2269 504 2310 Cramer.
523 2270 672 2310 Anecd.
692 2269 764 2310 Ox.
795 2270 836 2308 II
869 2271 969 2321 408,
1001 2271 1055 2309 22
1090 2269 1309 2322 σφενδόνη·
1341 2268 1449 2322 παρὰ
1479 2268 1521 2309 τὸ
1554 2268 1710 2309 σπένδω
1741 2268 1784 2309 τὸ

210 2327 360 2383 ἀναιρῶ
386 2332 463 2369 κτλ.
503 2343 605 2381 quae
631 2343 874 2381 quamquam
898 2330 986 2380 ipsa
1010 2332 1127 2370 nocte
1154 2333 1248 2370 sunt
1274 2330 1518 2383 obscuriora,
1545 2342 1636 2369 cum
1659 2330 1786 2368 mani-

212 2390 315 2429 festo
354 2390 435 2429 sint
472 2390 699 2429 tetrametri
729 2390 892 2429 iambici
922 2389 1115 2441 reliquiae
1153 2403 1201 2429 ex
1241 2390 1446 2430 comoedia
1486 2390 1679 2441 excerpti,
1722 2390 1786 2429 hic

210 2449 346 2488 deesse
377 2450 501 2489 nolui.
550 2462 688 2490 vocem
719 2448 854 2502 καιρὸς
885 2450 1128 2500 sequebatur
1161 2450 1321 2490 vocalis.

957 2591 1042 2633 769

426 2671 678 2729 ἐλλείχοντα
707 2680 797 2716 τῶν
822 2671 1030 2729 Ἀθηνῶν

330 2759 555 2812 Hesychius
605 2759 647 2800 οἱ
680 2757 723 2799 δὲ
765 2758 1024 2811 ἀττικίζοντα,
1073 2756 1096 2799 ὃ
1127 2758 1193 2799 καὶ
1237 2764 1423 2800 ποιοῦσιν
1461 2759 1504 2799 οἷ
1536 2758 1787 2813 πρόσγραφοι

212 2818 280 2858 ἵνα
310 2819 532 2870 φαίνωνται
563 2815 685 2860 ἀστοί.
734 2818 952 2872 ἐλλείχοντα
984 2817 1026 2859 δὲ
1059 2818 1374 2875 ἐμφορούμενον,
1406 2817 1484 2859 ἀπὸ
1515 2825 1595 2859 τῶν
1626 2818 1668 2859 τὸ
1701 2818 1787 2871 μέλι

212 2877 431 2930 λειχόντων.
463 2875 743 2930 ‘compositum
777 2877 957 2931 ἐλλείχειν
983 2880 1291 2930 comparandum
1319 2892 1409 2918 cum
1439 2878 1617 2930 ἐμπίνειν
1648 2883 1689 2919 et
1721 2878 1786 2931 ἐμ-

213 2934 386 2991 φαγεῖν.’
418 2939 536 2978 Mein.
580 2939 678 2978 mihi
703 2951 783 2978 non
807 2940 946 2990 liquet.
991 2940 1171 2978 clausula
1189 2952 1276 2978 esse
1295 2939 1457 2979 videtur
1481 2942 1640 2978 tetram.
1666 2939 1786 2978 iamb.
