2014 3334
725 264 993 303 ΕΤΦΡοΝοΣ
1043 264 1263 303 mmmm
1705 262 1792 311 317

206 378 274 420 56.
299 374 498 433 τίς-ἄγε
524 393 600 419 om.
621 378 662 420 C.
701 381 874 421 fortasse
899 381 944 420 τί
966 379 1062 433 φὴς
1088 379 1163 430 σύ;
1190 380 1446 431 καταδείξας
1465 383 1543 422 κτλ.
1588 382 1636 423 cf.
1657 386 1791 423 tamen

210 439 367 491 Epinic.
403 442 438 492 1,
471 442 509 481 3.

322 500 486 551 exponit.
522 513 673 552 coquus
718 501 912 553 Demylo‚
948 504 1047 553 quot
1085 505 1126 541 et
1163 503 1310 555 quibus
1349 503 1573 555 disciplinis
1604 516 1706 555 opus
1738 503 1792 542 sit

202 559 238 598 ei
270 560 340 611 qui
371 560 492 613 coqui
527 561 687 600 nomine
720 561 866 612 dignus
908 575 1001 602 esse
1033 562 1144 602 velit.
1209 565 1246 602 2.
1285 560 1336 602 ἂν
1369 562 1632 619 κατανοήσῃς,
1663 565 1711 603 ut
1742 561 1793 602 ἂν

201 623 352 674 σκοπῇς
370 619 538 660 Philam.
561 622 630 672 31,
652 623 689 661 5.
753 624 791 660 2.
818 621 999 673 Δημύλε.
1055 622 1123 661 alii
1144 621 1318 674 Δήμυλε.
1369 624 1419 663 cf.
1441 623 1615 663 Lobeck.
1635 623 1792 663 Pathol.

198 680 300 731 prol.
323 681 422 720 122.
445 682 540 720 137.
617 682 655 721 8.
688 681 736 721 cf.
764 681 1003 722 Nicomach.
1035 685 1069 731 1,
1106 684 1158 723 19
1204 688 1282 722 τῶν
1315 681 1471 735 ἰχθύων
1502 682 1577 737 γὰρ
1609 682 1678 731 τὰς
1710 683 1791 723 δυ-

199 738 368 791 νάμεις
386 738 452 779 καὶ
471 739 540 788 τὰς
555 739 674 793 τύχας
692 739 883 781 ἐντεῦθεν
903 741 1007 782 εἴσει.
1069 745 1134 782 11.
1158 743 1307 783 Boedio
1323 743 1484 783 aliunde
1498 757 1578 784 non
1592 743 1790 795 cognitus,

203 798 420 840 Oleariades
450 800 708 841 Atheniensis
748 804 821 842 est.
855 802 1060 853 Euphron.
1099 806 1133 852 1,
1168 806 1203 842 7.
1299 804 1366 842 20.
1407 802 1565 844 κόπτειν
1600 805 1649 843 ut
1685 804 1791 843 Ana-

202 859 310 911 xipp.
333 862 370 911 1,
397 861 463 900 23.
509 861 667 901 Alexid.
690 863 788 911 173,
813 863 878 901 12.
943 864 1011 902 31.
1042 862 1149 902 Plut.
1183 863 1283 902 Mor.
1318 864 1405 903 430
1437 864 1525 903 init.
1557 862 1792 916 ἐναρμόνιος

202 915 228 970 ἡ
259 924 342 960 τοῦ
371 918 555 970 κόσμου
588 920 826 970 σύνταξις.
896 924 964 962 35.
995 922 1170 963 Bekker.
1196 923 1348 962 Anecd.
1377 925 1445 975 65,
1481 926 1532 964 15
1566 923 1790 976 τυντλώδης

202 976 269 1018 καὶ
299 978 482 1032 ληρώδης
512 979 646 1034 λόγος’
685 976 773 1021 οἷον
803 979 834 1021 ὁ·
856 979 1130 1033 πεπατημένος
1170 981 1237 1022 καὶ
1268 982 1413 1031 κοινός.
1469 983 1631 1032 τύντλος
1661 983 1736 1037 γὰρ
1769 982 1790 1023 ὁ

201 1037 474 1091 πεπατημένος
514 1040 650 1092 πηλός.
712 1042 882 1082 Photius
920 1042 1162 1090 τυντλάζειν·
1207 1042 1450 1096 ἕπιρραίνειν
1490 1046 1604 1100 πηλῷ
1642 1040 1790 1097 (Arist.

203 1099 293 1139 Pae.
312 1096 458 1154 1148).
489 1100 650 1149 τύντλος
667 1100 742 1155 γὰρ
763 1099 784 1141 ὅ
804 1101 993 1153 πηλώδης
1011 1101 1144 1150 τόπος.
1170 1099 1353 1143 ‘ludibrio
1371 1100 1548 1144 ltabetur'
1565 1104 1787 1156 Schweigh.

203 1160 305 1199 conl.
335 1161 653 1212 προπηλακίζειν.
717 1163 785 1202 39.
817 1162 913 1214 quid
946 1163 999 1202 sit
1022 1161 1155 1203 τούπτ.
1187 1161 1482 1216 καταβαλέσθαι
1507 1165 1656 1204 nescio.
1718 1167 1789 1204 47.

203 1219 251 1259 cf.
284 1219 487 1319 ll³losidip4p.
522 1223 595 1271 26,
629 1223 666 1262 6.
742 1224 810 1262 53.
850 1220 1064 1273 ἐπανέντα,
1101 1221 1169 1262 τὸν
1206 1222 1405 1277 μάγειρον.
1483 1226 1551 1264 56.
1589 1225 1639 1264 ef.
1670 1225 1788 1264 Nico-

203 1291 290 1319 mae
322 1308 332 1319 .
369 1283 406 1332 1,
472 1283 507 1320 1.
539 1283 576 1322 2.
719 1303 722 1307 ¹

768 1470 812 1518 E
849 1471 904 1530 T,
931 1470 978 1519 Φ
1018 1471 1059 1520 Ρ
1094 1471 1145 1520 Ω
1180 1472 1228 1521 N

789 1567 965 1607 Meinek.
994 1567 1013 1606 I
1040 1568 1138 1608 477.
1166 1570 1203 1608 8.

887 1659 1109 1693 ΑΔΕΛΦΟΙ

987 1734 1008 1774 1

417 1817 598 1857 πολλῶν
629 1818 846 1870 μαθητῶν
878 1815 1133 1872 γενομένων
1165 1816 1277 1873 ἐμοί,
1311 1818 1446 1872 Λύκε,

418 1886 493 1928 διὰ
522 1887 572 1929 τὸ
603 1894 728 1929 νοεῖν
760 1886 834 1929 ἀεί
861 1903 903 1929 τι
934 1887 1008 1931 καὶ
1039 1889 1188 1945 ψυχὴν
1219 1890 1335 1946 ἔχειν

417 1958 518 2000 ἄπει
548 1959 745 2013 γεγονὼς
775 1959 986 2015 μάγειρος
1018 1959 1065 2003 ἐκ
1095 1966 1172 2016 τῆς
1204 1962 1347 2012 οἰκίας

418 2028 466 2071 ἐν
498 2029 579 2085 οὐχ
611 2029 733 2081 ὅλοις
765 2029 870 2073 δέκα
901 2033 1022 2086 μησί,
1055 2034 1170 2075 πολὺ
1201 2033 1434 2084 νεώτατος.
1494 2031 1496 2033 ’

378 2094 533 2156 5Ἆγις
555 2099 725 2153 Ῥόδιος
755 2102 956 2158 ὤπτηκεν
989 2104 1125 2159 ἰχθὺν
1156 2106 1294 2160 μόνος
1325 2106 1488 2162 ἄκρως·

420 2174 600 2234 Νηρεὺς
631 2172 672 2216 δ’
709 2174 733 2217 ὁ
767 2177 877 2226 Χῖος
907 2177 1102 2233 γόγγρον
1133 2173 1218 2232 ἧψε
1249 2185 1342 2229 τοῖς
1373 2182 1514 2228 θεοῖς·

417 2249 555 2302 θρῖον
585 2246 635 2289 τὸ
653 2247 829 2290 -λευκὸν
862 2246 941 2299 οὑξ
970 2244 1174 2303 Ἀθηνῶν
1207 2250 1445 2305 Χαριάδης.

421 2318 559 2373 ζωμὸς
589 2317 723 2373 μέλας
753 2317 928 2373 ἐγένετο
960 2316 1120 2379 πρώτῳ
1152 2323 1376 2379 Λαμπρίᾳ.

420 2387 638 2440 ἀλλᾶντας
665 2385 954 2447 Ἀφθόνητος,
986 2392 1200 2444 Εὔθυνος
1231 2400 1395 2449 φακῆν,

359 2471 399 2503 10
420 2459 505 2503 ἀπὸ
539 2464 778 2518 συμβολῶν
810 2463 1086 2518 συνάγουσιν
1119 2464 1312 2520 ἀρίστων
1344 2467 1521 2522 πόρους.

420 2529 545 2576 οὗτοι
576 2532 669 2590 μετ’
707 2533 905 2586 ἐκείνους
935 2538 1041 2587 τοὺς
1073 2538 1289 2592 σοφιστὰς
1319 2540 1424 2588 τοὺς
1455 2538 1589 2580 πάλαι

419 2606 659 2660 γεγόνασιν
689 2606 816 2662 ἡμῶν
848 2606 954 2650 ἑπτὰ
987 2609 1186 2666 δεύτεροι
1219 2611 1366 2665 σοφοί.

421 2675 506 2731 ἐγὼ
539 2675 581 2719 δ’
618 2677 737 2734 ὁρῶν
767 2679 820 2721 τὰ
851 2681 995 2723 πολλὰ
1026 2680 1437 2738 προκατειλημμένα

419 2743 555 2805 εὗρον
585 2750 634 2792 τὸ
666 2749 869 2793 κλέπτειν
899 2760 1078 2808 πρῶτος,
1113 2753 1224 2795 ὥστε
1256 2752 1426 2808 μηδένα

358 2830 399 2862 15
431 2827 578 2876 μισεῖν
609 2836 661 2876 με
695 2822 769 2864 διὰ
800 2821 940 2878 τοῦτ’,
973 2824 1083 2867 ἀλλὰ
1115 2824 1282 2875 πάντας
1313 2825 1567 2880 λαμβάνειν.

418 2888 494 2934 ὑπ’
529 2890 638 2948 ἐμοῦ
672 2889 712 2935 δ’
748 2893 867 2950 ὁρῶν
899 2897 955 2938 σὺ
987 2901 1118 2938 τοῦτο
1150 2896 1588 2953 προκατειλημμένον

419 2963 539 3007 ἴδιον
570 2963 817 3021 ἐφεύρηκάς
847 2982 903 3021 τι,
934 2966 1007 3010 καὶ
1039 2966 1159 3010 τοῦτ’
1196 2968 1287 3011 ἐστὶ
1320 2971 1412 3013 σόν.
