2014 3334
252 224 337 266 518
626 214 630 219 '
901 227 1163 261 ΑΔΕΣΠΟΤΑ

989 335 1074 378 609

466 415 554 459 ἀλλ’
592 418 717 460 ἔπεσε
747 417 926 474 ταχέως·
965 419 1158 469 δειλινὸς
1186 419 1272 475 γὰρ
1303 417 1475 475 ἤρξατο.

373 502 501 541 Schol.
523 503 641 552 Soph.
661 504 724 542 Ai.
747 506 830 545 257
870 501 896 554 ἡ
928 504 1078 556 μανία.
1094 502 1175 552 ,ὡς
1206 502 1298 552 ὀξὺς
1328 505 1441 553 νότος
1470 503 1613 558 ταχέως
1643 505 1794 560 λήγει..

253 557 339 601 οἷόν
371 559 448 600 ἐστι
467 560 533 601 καὶ
553 561 595 601 ἐν
625 568 669 617 τῇ
702 563 888 619 κωμῳδία
907 564 1177 609 κτλ.8111ᾶ3,5
1203 564 1380 616 στεροπή.
1424 563 1582 617 ἣρξατο,
1614 563 1635 605 ὁ
1664 564 1821 618 άνεμος.

253 619 385 672 ἐπέσχε
413 642 466 648 —
494 618 637 674 ἤρξατο
670 621 802 676 ἀλγεῖν
829 623 939 663 Suid.
966 645 1022 651 —
1048 637 1119 674 per
1144 625 1446 664 translationem
1473 625 1625 664 dietum
1650 626 1819 666 videtur.

997 740 1083 782 610

467 823 593 878 χωλῷ
625 829 852 878 παροικῶν
882 821 966 865 κᾶν
998 821 1065 865 ἑνὶ
1096 822 1270 874 σκάζειν
1301 822 1474 879 μάθοις.

373 906 502 946 Sohol.
541 907 700 947 Pindar.
738 909 852 947 Nem.
887 912 923 960 ’7,
959 911 1040 949 127
1074 924 1111 960 p.
1144 911 1228 949 483
1265 910 1437 949 Boeokh.
1487 907 1704 962 ἅνθρωπος
1746 907 1819 962 ἀφ’

254 964 385 1018 ἑτέρου
417 965 572 1019 γεύεταί
606 981 642 1005 τι
672 965 738 1006 καὶ
775 965 1014 1008 ἄπολαύεται
1050 967 1385 1020 ἀφομοιούμενος,
1423 968 1550 1021 ὥσπερ
1575 966 1602 1021 ἡ
1632 970 1823 1022 παροιμία

254 1024 329 1077 ἔχει
369 1029 443 1065 κτλ.
507 1032 708 1078 παροικῶν
749 1026 941 1078 Boeckh.]
982 1031 1194 1080 παροικεῖς.
1256 1026 1331 1067 κᾶν
1373 1027 1611 1077 ὑποσκάζειν
1648 1030 1821 1073 Boeckh.

254 1086 424 1125 fortasse
456 1084 531 1124 κᾶν
563 1084 617 1125 ἔτι
649 1085 813 1134 σκάζειν.

1000 1168 1085 1211 611

468 1248 631 1305 ἀμέλει,
662 1251 768 1292 ταδί
794 1266 870 1306 μοι
900 1258 1077 1307 πρῶτον
1110 1251 1331 1308 άμπίσχου
1363 1252 1523 1308 λαβών.

375 1335 549 1375 Cramer.
570 1336 717 1376 Aneed.
738 1336 808 1376 Ox.
827 1338 848 1376 I
876 1340 943 1388 66,
971 1340 1022 1378 27
1057 1336 1217 1391 εὕρηται
1248 1336 1290 1378 δὲ
1320 1337 1386 1378 καὶ
1417 1337 1460 1379 ἐν
1491 1337 1677 1379 συνθέσει
1705 1338 1748 1379 τὸ
1778 1342 1829 1380 πῖ

255 1393 398 1447 ἔχουσα
435 1391 479 1449 (ἡ
512 1393 632 1448 ἀμφὶ)
671 1395 779 1449 παρὰ
809 1393 1011 1444 Ἀττικοῖς·
1055 1395 1276 1450 ἀμπεχόνη,
1320 1397 1569 1451 ἀμπίσχουσα
1606 1394 1822 1454 (ἀμπίσχου

254 1451 412 1508 Μθ111.)·
443 1457 521 1495 κτλ.
570 1460 727 1508 πρῶτον
758 1455 894 1506 Mein]
926 1453 1061 1510 πρῶτ’.

998 1573 1084 1615 612

469 1653 544 1696 ἵνα
575 1654 633 1709 μὴ
666 1655 715 1697 τὸ
747 1660 885 1711 γῆρας
917 1654 1142 1710 ἐπαναβὰν
1174 1655 1310 1699 αὐτὸν
1341 1657 1471 1713 λάθῃ.

376 1740 550 1779 Cramer.
570 1742 718 1781 Anecd.
734 1740 804 1780 Ox.
824 1742 884 1780 III
907 1743 1004 1792 290,
1024 1744 1050 1781 4
1083 1741 1227 1793 βάντος
1246 1742 1341 1794 βάν·
1375 1748 1586 1794 ποιητικῶς
1616 1742 1690 1798 γὰρ
1722 1742 1823 1784 ε’κτέ-

256 1815 345 1839 τατο
377 1803 454 1839 κτλ.
499 1800 713 1839 Herodian.
746 1801 884 1840 Lehrs.
917 1803 1015 1841 355.
1064 1802 1195 1841 Draco
1229 1804 1297 1854 29,
1332 1805 1398 1842 14.
1442 1801 1656 1855 ὑπαναβὰν
1688 1803 1821 1844 Cobet.

256 1861 401 1899 Mnem.
432 1872 521 1900 nov.
551 1860 647 1898 VIII
681 1862 747 1899 20.

934 1941 1032 1983 613.
1064 1942 1152 1984 614

469 2022 554 2078 ἤδη
589 2020 637 2065 δὲ
668 2021 776 2075 λέξω
807 2024 887 2066 τὸν
918 2025 1054 2079 λόγον
1083 2030 1165 2067 τοῦ
1197 2024 1429 2080 δράματος.

946 2101 1105 2151 σκῆψις
1136 2095 1438 2152 εὑρεθήσεται,

470 2155 602 2208 λόγος
631 2169 708 2204 τις.

378 2240 552 2280 Cramer.
580 2241 727 2280 Aneed.
748 2240 818 2280 Ox.
837 2240 919 2279 IIII
940 2242 1038 2292 328,
1073 2245 1094 2281 7
1129 2240 1206 2280 ἔστι
1237 2240 1351 2294 λόγος
1381 2240 1448 2281 καὶ
1477 2238 1503 2293 ἡ
1535 2239 1740 2292 ὑπόθεσις,
1772 2240 1826 2290 ὡς

258 2298 321 2339 ἐπὶ
345 2305 416 2339 τοῦ
444 2296 497 2352 (v.
528 2295 582 2354 1).
628 2302 669 2339 et
695 2301 748 2340 15
783 2298 860 2339 ἔστι
891 2298 1004 2353 λόγος
1034 2299 1099 2339 καὶ
1130 2297 1155 2351 ἡ
1182 2298 1388 2354 ἀπολογία,
1420 2297 1472 2348 ὡς
1503 2299 1566 2340 ε’πὶ
1596 2306 1666 2341 τοῦ
1690 2297 1745 2356 (v.
1767 2297 1824 2356 2).

260 2373 296 2398 v.
320 2362 339 2397 1
365 2360 534 2398 Bekker.
554 2359 703 2398 Anecd.
725 2361 823 2411 839,
845 2361 898 2399 26
933 2357 1027 2411 (om.
1054 2357 1126 2412 δὲ).
1177 2362 1392 2410 utrumque
1423 2361 1694 2412 fragmentum
1716 2362 1825 2400 Men-

260 2420 383 2458 andro
415 2419 622 2458 tribuebat
653 2418 978 2458 Schneidewinus
1011 2420 1119 2459 Coni.
1155 2420 1250 2459 119.
1294 2420 1342 2458 cf.
1371 2420 1587 2470 Antiphan.
1612 2423 1706 2471 191,
1728 2423 1763 2460 2.

936 2534 1032 2577 615.
1066 2535 1151 2577 616
1182 2590 1187 2594 -

473 2616 554 2660 οὐκ
585 2619 704 2660 ἔστιν
736 2617 898 2673 ἀνδρὸς
929 2618 1214 2673 συκοφάντου
1244 2619 1503 2675 βαρύτερον.

473 2701 555 2755 ἔχω
587 2701 718 2756 χάριν
750 2698 797 2742 δὲ
828 2708 920 2751 τοῖς
950 2701 1262 2756 πολισσούχοις
1291 2706 1428 2752 θεοῖς.

378 2787 610 2826 Boissonad.
633 2787 779 2826 Aneed.
802 2786 837 2824 V
862 2787 958 2826 351.
1024 2789 1060 2825 1.
1092 2784 1224 2837 οὐδέν,
1256 2785 1309 2833 ὡς
1340 2786 1481 2839 ἔοικεν,
1512 2786 1614 2827 ἐστὶν
1644 2790 1722 2827 κτλ.
1784 2791 1822 2827 2.
1877 2813 1882 2822 -

261 2843 334 2896 ἐγὼ
355 2842 397 2883 δὲ
418 2861 449 2896 χ.
475 2844 560 2897 ἔχω.
610 2846 715 2884 alter
745 2858 883 2886 versus
914 2860 1007 2885 num
1039 2846 1093 2891 sit
1120 2847 1346 2886 comoediae
1372 2847 1522 2887 dubito.
1553 2847 1664 2887 noiui
1688 2849 1823 2887 tamen

266 2917 289 2942 a
319 2904 451 2954 priore
484 2905 706 2956 seiungere.
756 2906 863 2956 apud
893 2905 1068 2956 tragicos
1099 2918 1176 2944 non
1207 2906 1354 2946 inveni.
