2014 3334
229 219 318 261 504
616 236 619 241 s
883 217 1144 252 ΑΔΕΣΠΟΤΑ

346 319 538 358 Aelianus
576 317 704 367 Epist.
746 318 799 356 15
831 331 869 368 p.
904 318 960 356 20
996 315 1142 356 Herch.
1191 321 1270 356 τῶν
1312 314 1560 368 ἀποφράδων
1601 304 1803 370 διαφέρεις

230 375 348 417 οὐδὲν
368 377 492 424 οὕτως
512 374 596 429 ἅγρ.
618 374 674 416 ὢν
693 378 772 416 κτλ.
820 374 996 429 μονήρης
1015 376 1099 415 fere
1117 376 1384 426 possseriorum
1404 376 1536 415 aetate
1560 375 1798 425 scriptorum

230 440 302 477 est.
335 438 383 476 ef.
417 437 578 476 Lueian.
613 436 713 475 Tim.
747 437 814 475 42.

967 514 1053 558 521

515 599 650 656 ὀργὰς
681 599 914 656 μαραίνειν
945 596 1019 640 καὶ
1049 599 1370 653 κατακοιμίζειν
1401 601 1532 653 φιλεῖ.

350 686 543 724 Aelianus
574 685 702 735 Epist.
738 686 790 724 15
822 699 862 735 p.
895 686 947 723 21
981 683 1126 723 Heroh.
1167 681 1189 722 6
1220 683 1459 731 Διόνυσος
1497 686 1608 734 φιλεῖ
1631 682 1700 730 τὰς
1730 680 1802 734 μὲν

233 743 315 798 ὀργ.
345 761 384 796 μ.
416 758 456 784 τε
485 742 552 783 καὶ
582 758 731 795 natan„
761 743 830 791 τὰς
862 741 904 783 δὲ
936 742 1188 796 εὐφροσύνας
1219 741 1393 796 ἐγείρειν.
1807 769 1810 772 -

517 942 735 1000 ἀργύριον
766 941 822 985 ἂν
856 936 902 999 ᾖ,
933 941 1076 984 πάντα
1105 946 1185 984 θεῖ
1210 940 1485 984 κᾶλαύνεται.

351 1030 825 1081 Aristaeneiz.Ep.1,14
851 1031 950 1068 extr.
981 1027 1052 1068 ἐὰν
1083 1026 1168 1081 ἀργ.
1199 1030 1275 1067 κτλ.
1325 1028 1450 1067 Ατίεὺ.
1476 1028 1582 1067 Eoel
1613 1029 1694 1067 109
1728 1031 1804 1066 νῦν

234 1087 306 1140 μὲν
338 1088 412 1142 γὰρ
445 1086 533 1128 ούτε
558 1086 727 1139 πλέομεν
752 1085 835 1128 οὔτ’
871 1087 1102 1139 ἐλαύνομεν,
1120 1087 1191 1126 ubi
1210 1088 1333 1127 schol.
1350 1085 1458 1139 παρὰ
1481 1085 1554 1138 τὴν
1572 1086 1804 1159 παροιμίαν·

236 1145 293 1188 o'n’
331 1146 522 1202 ἀργύριον
552 1148 599 1203 ᾐ,
636 1147 767 1187 πάντα
796 1150 870 1187 θεῖ
900 1149 998 1198 κτλ,
1039 1146 1062 1186 ὅ
1093 1145 1196 1186 ἐστιν
1228 1143 1315 1186 οὔτε
1347 1144 1506 1197 ἀνέμοις
1537 1144 1625 1186 οὔτε
1655 1144 1806 1193 κώπαις

235 1205 420 1259 πλέομεν·
459 1204 519 1247 ὄπ’
555 1204 748 1257 Benffl]
739 1205 759 1246 ὁ
785 1203 837 1246 κ’.
888 1207 1030 1246 Suidas
1061 1209 1144 1245 θεῖ·
1189 1205 1358 1253 εὐκόλως
1392 1205 1455 1258 ρεῖ
1482 1238 1488 1245 .
1524 1237 1532 1245 .
1565 1236 1573 1245 .
1603 1203 1703 1245 κατὰ
1732 1202 1805 1255 τὴν

235 1267 470 1320 παροιμίαν·
502 1263 584 1306 ἀλλ’
621 1265 714 1306 ὅταν
745 1265 830 1319 ἀργ.
856 1259 881 1322 ἦ
911 1269 989 1306 κτλ.
1032 1267 1200 1305 Photius
1233 1268 1272 1305 ei:
1297 1265 1480 1316 Apostol.
1503 1267 1569 1315 13,
1591 1266 1645 1304 86
1677 1263 1806 1303 πάντα

237 1330 310 1366 θεῖ
339 1325 424 1366 κάλ.
465 1326 657 1377 παροιμία
694 1324 757 1366 ἐπὶ
796 1331 874 1366 τῶν
912 1324 1102 1379 εὐπόρων.
1150 1326 1199 1364 of.
1223 1325 1408 1376 Apostol.
1442 1326 1509 1375 12,
1548 1326 1601 1364 56
1641 1318 1806 1378 (siaolide

238 1399 360 1426 exscr.
400 1400 447 1425 ex
491 1387 613 1425 schol.
651 1386 775 1425 Arisss.
815 1381 954 1437 Eeol..)
1023 1386 1191 1424 conlatis
1235 1385 1602 1424 Eeclesiazusarum
1644 1383 1806 1424 scholiis

239 1447 550 1486 eonsentaneum
587 1447 649 1484 est
679 1446 754 1484 hoo
789 1445 1001 1495 proverbio
1032 1445 1320 1494 Epicharmum
1349 1457 1467 1483 usum
1500 1455 1603 1495 esse3
1641 1443 1710 1482 sed
1740 1442 1807 1482 vix

238 1506 405 1545 dubium
437 1507 497 1544 est
528 1504 626 1556 quin
657 1505 780 1543 etiam
804 1504 944 1543 Attica
974 1503 1179 1544 comoedia.
1208 1503 1250 1542 id
1281 1502 1659 1542 commemoraverit.

980 1619 1066 1662 523

525 1703 722 1758 σπουδῆς
753 1701 984 1745 ἀνάπαυλα
1016 1697 1056 1744 δ’
1093 1699 1224 1744 ἐνίοτ’
1261 1699 1359 1743 ἔσθ’
1394 1700 1421 1756 ἡ
1452 1700 1617 1744 παιδιά.

359 1790 604 1829 Aristaenet.
637 1790 709 1840 Ep.
745 1792 781 1840 1,
815 1791 868 1828 26
901 1787 964 1828 ἀν.
996 1787 1070 1841 γὰρ
1101 1793 1170 1840 τῆς
1202 1798 1265 1827 σπ.
1298 1786 1419 1827 ἐνίοτε
1448 1786 1597 1840 γίνεται
1625 1783 1652 1837 ἡ
1677 1800 1716 1825 π.

984 1903 1072 1947 524

528 1987 611 2042 ἐγώ
643 2002 689 2030 τε
720 1986 794 2030 καὶ
825 1988 881 2030 σὺ
913 1986 1073 2029 ταύτὸν
1105 1985 1290 2042 ἕλκομεν
1323 1987 1467 2041 ζυγόν.

362 2075 604 2114 Aristaenet.
625 2074 699 2124 Ep.
722 2075 759 2124 2,
793 2076 816 2113 7
850 2087 887 2123 p.
917 2075 998 2113 163
1031 2073 1176 2112 Herch.
1227 2068 1354 2126 (κάγώ
1391 2093 1438 2099 ——-
1473 2069 1541 2110 τὸν
1566 2066 1717 2123 αὐτὸν.)
1761 2071 1810 2110 cf.

245 2135 389 2174 Zenob.
422 2136 461 2186 3,
493 2136 560 2173 43.
612 2133 728 2172 Mein.
761 2133 905 2172 Philol.
937 2132 1048 2172 XXV
1079 2133 1176 2172 537.

980 2246 1066 2290 525

529 2331 552 2374 ὁ
584 2331 708 2387 Κρὴς
740 2327 808 2387 ἄρ’
845 2330 988 2373 ἐδόκει
1018 2330 1099 2384 τὴν
1129 2329 1355 2371 θάλατταν
1387 2327 1576 2383 ἀγνοεῖν.

365 2419 605 2458 Aristaenet.
625 2418 699 2468 Ep.
720 2419 759 2468 2,
781 2418 847 2455 18.
878 2412 942 2490 αρ’
978 2416 1067 2455 add.
1097 2437 1144 2442 -
1176 2415 1308 2454 Strab.
1331 2416 1398 2464 10,
1419 2415 1500 2453 481
1525 2409 1812 2466 (ἕναυκράτουν

245 2476 434 2549 πρότερον
466 2476 508 2517 οἱ
528 2472 697 2529 Κρῆτες)
737 2475 833 2515 ὥστε
863 2474 930 2514 καὶ
959 2474 1288 2528 παροιμιάζεσθαι
1319 2472 1423 2526 πρὸς
1448 2472 1540 2520 τοὺς
1571 2484 1812 2526 προσποιου-

246 2534 390 2587 μένους
421 2534 475 2588 μὴ
507 2534 654 2576 εἰδέναι
683 2533 710 2575 ἃ
741 2535 889 2575 ἴσασιν
895 2531 935 2574 ‘6
960 2533 1071 2587 Κρὴς
1102 2532 1242 2605 ἀγνοεῖ
1266 2531 1338 2584 τὴν
1369 2529 1599 2572 θάλαττανζ

981 2661 1068 2704 526

532 2744 672 2788 δεινοὶ
702 2746 787 2802 γάρ
819 2746 933 2788 εἰσιν
964 2743 1187 2799 εὐγενείας
1218 2743 1459 2799 προστάται

367 2827 430 2886 (οἵ
444 2829 590 2884 νόμοι).
642 2832 832 2883 Synesius
852 2832 980 2883 Episss.
1003 2834 1039 2881 1,
1062 2833 1143 2870 157
1155 2830 1219 2869 be.
1263 2830 1494 2882 tragoediae
1512 2831 1676 2879 propter
1695 2830 1808 2879 quin-

248 2894 334 2929 tum
364 2892 506 2941 pedem
537 2904 617 2932 non
649 2891 806 2932 videtur
837 2903 934 2930 esse.
1793 2912 1804 2920 ·
