2014 3334
230 246 318 288 494
629 222 632 226 ’
884 245 1146 279 ΑΔΕΣΠΟΤΑ

229 357 350 398 αὐτὸν
382 356 526 409 ἐδόκει,
563 356 660 396 κατὰ
691 355 759 396 τὸν
790 355 986 408 κωμικόν,
1017 353 1120 409 ἀνὴρ
1152 353 1308 409 ἄριστος
1338 351 1438 396 εἶναι
1468 358 1545 396 κτλ.
1608 355 1796 396 Crassum

230 419 326 458 dicit
357 418 612 468 Plutarchus,
643 417 803 456 Niciam
834 417 1004 457 fortasse
1038 416 1221 456 comicus.

977 532 1065 576 452

443 604 493 647 ἐν
525 598 592 655 οἷς
621 605 671 647 τὸ
703 611 834 647 νικᾶν
866 605 1101 660 βλαβερόν,
1133 603 1350 659 ἡττᾶσθαι
1381 606 1530 647 καλόν.

348 692 591 731 Plutarchus
623 692 722 731 Mor.
760 693 846 730 lOa
890 690 938 731 οὐ
975 689 1017 730 τὸ
1055 697 1172 730 νικᾶν
1216 690 1360 742 μόνον,
1402 689 1499 730 ἀλλὰ
1541 688 1605 729 καὶ
1643 688 1686 729 τὸ
1723 687 1803 741 ‘frct-

230 749 463 790 ἐπίστασθαι
494 750 641 803 καλόν,
669 749 711 791 έν
744 746 804 798 οἷς
835 749 876 790 τὸ
908 766 944 790 ν.
976 751 1036 803 βλ.

447 942 554 997 οἴνῳ
587 939 664 981 τὸν
697 935 839 993 οἶνον,
870 937 1090 995 κραιπάλῃ
1123 935 1172 980 δὲ
1202 938 1450 995 κραιπάλην

353 1025 593 1064 Plutarchus
619 1026 717 1066 Mor.
748 1026 858 1065 127f
885 1023 957 1075 τὴν
987 1024 1222 1077 παροιμίαν.
1244 1056 1252 1064 .
1273 1022 1348 1072 ,ὣς
1380 1024 1475 1080 οἴνῳ
1502 1022 1551 1074 δὴ
1577 1022 1645 1062 τὸν
1677 1018 1804 1074 οἶνον,

233 1084 431 1140 κραιπάλῃ
465 1082 506 1123 δὲ
538 1083 610 1135 τὴν
640 1084 863 1137 κραιπάλην
901 1083 1120 1132 ἐξελῶντας.
1170 1085 1341 1124 fortasse
1380 1082 1503 1135 φησὶν
1533 1080 1559 1134 ἡ
1591 1078 1802 1137 παροιμίαι

233 1144 329 1201 οἴνῳ
355 1166 403 1171 -
427 1144 649 1197 κραιπάλην
678 1144 684 1194 Ι
713 1145 796 1184 δεῖν
817 1143 1048 1192 ἐξελαύνειν.
1081 1145 1128 1184 cf.
1150 1145 1367 1195 Antiphan.
1389 1145 1474 1183 300
1495 1146 1535 1182 ct
1553 1143 1686 1194 adesp.
1706 1143 1805 1182 494.

979 1261 1068 1304 454

448 1333 560 1388 ἄμας
591 1330 807 1389 ἀπῄτουν·
840 1333 887 1375 οί
915 1329 1272 1390 δ’·ἀπηρνοῦντο
1305 1332 1487 1388 σκάφας.

353 1420 593 1459 Plutarchus
627 1421 725 1459 Mor.
758 1420 871 1459 512f
910 1418 978 1458 τὸν
1019 1418 1264 1471 βουλόμενον
1300 1417 1472 1470 ἐμμελῶς
1511 1417 1805 1469 ἀποκρίνασθαι

235 1479 318 1519 δεῖ.
340 1511 348 1519 .
370 1510 378 1518 .
397 1477 469 1530 τὴν
506 1479 734 1531 προαίρεσιν
772 1478 945 1532 ἀκριβῶς
980 1482 1229 1530 καταμαθεῖν
1266 1483 1336 1518 τοῦ
1372 1475 1706 1529 πυνθανομένου,
1750 1475 1804 1528 μὴ

233 1538 394 1592 γένηται
423 1537 466 1578 τὸ
498 1537 596 1577 κατὰ
626 1536 698 1589 τὴν
729 1538 946 1591 παροιμίαν
977 1541 1054 1577 κτλ.
1105 1539 1156 1578 cf.
1181 1539 1324 1578 Zenob.
1349 1541 1385 1589 1,
1406 1540 1459 1577 83
1494 1551 1582 1576 cum
1615 1537 1672 1576 eis
1705 1549 1806 1587 quae

235 1599 445 1639 adnotavit
475 1599 618 1638 editor.
668 1598 903 1650 Diogenian.
939 1600 974 1648 1,
1009 1600 1074 1638 72.
1126 1597 1245 1650 Greg.
1278 1597 1396 1648 Cypr.
1432 1601 1467 1649 1,
1500 1599 1567 1637 45.

979 1713 1067 1756 455

448 1786 498 1828 τὸ
531 1785 765 1843 φάρμακόν
798 1795 881 1827 σου
912 1785 993 1840 τὴν
1024 1786 1162 1827 νόσον
1194 1786 1322 1839 μείζω
1355 1792 1482 1827 ποιεῖ.

355 1873 594 1911 Plutarchus
628 1873 725 1911 Mor.
752 1873 868 1911 523e
906 1871 1170 1924 φιλαργυρίαν
1202 1869 1251 1910 οὐ
1283 1869 1495 1924 σβέννυσιν
1526 1869 1716 1924 ἀργύριον
1738 1900 1746 1909 .
1767 1901 1776 1910 .
1796 1902 1804 1911 .

236 1928 319 1971 ἀλλ’
361 1930 463 1971 ἔστιν
501 1931 625 1971 εἰπεῖν
661 1930 760 1991 πρρς
797 1930 865 1970 τὸν
902 1933 1094 1982 πλοῦτον,
1132 1928 1185 1978 ὡς
1221 1929 1319 1983 πρὸς
1359 1929 1492 1983 ἰατρὸν
1529 1929 1698 1978 ἀλαζόνα
1729 1933 1805 1969 κτλ.

236 1992 376 2031 Horat.
409 1991 538 2031 Oarm.
573 1994 610 2040 2,
643 1994 682 2042 2,
717 1994 769 2030 13
804 1993 936 2030 crescit
964 1992 1167 2040 indulyens
1197 1992 1271 2030 sibi
1302 1992 1413 2030 dirus
1442 1992 1621 2040 hydrops.

450 2180 579 2222 πενία
612 2175 661 2221 δὲ
691 2175 811 2220 τοῦτ’
848 2177 930 2220 οὐκ
961 2179 1095 2234 ἔστιν,
1129 2174 1223 2221 ἀλλ’
1259 2178 1484 2233 ἀπληστία.

356 2266 595 2305 Plutarchus
626 2266 725 2305 Mor.
759 2265 878 2305 524d
909 2264 1025 2304 πενία
1056 2263 1130 2317 γὰρ
1162 2262 1236 2304 οὐκ
1265 2266 1344 2303 κτλ.

983 2380 1069 2423 457

452 2453 682 2509 στρωμνὰς
714 2452 961 2509 ἁλουργοὺς
992 2449 1065 2493 καὶ
1095 2449 1305 2508 τραπέζας
1335 2452 1588 2500 πολυτελεῖς

356 2540 596 2579 Plutarchus
630 2540 726 2579 Mor.
760 2539 878 2579 5271)
925 2535 977 2585 ὡς
1007 2536 1081 2590 γὰρ
1107 2527 1291 2589 Ἀγάθων
1322 2534 1390 2575 τὸν
1422 2535 1545 2576 αὐλὸν
1575 2534 1806 2588 ἀπέπεμψεν

239 2597 281 2638 ἔκ
312 2604 381 2638 τοῦ
414 2598 636 2650 συμποσίου
678 2597 777 2651 πρὸς
807 2597 875 2646 τὰς
905 2599 1122 2651 γυναῖκας.
1143 2627 1151 2635 .
1173 2594 1324 2643 (offlam
1355 2593 1630 2647 ἀποπέμψειας
1661 2594 1711 2648 ἂν
1741 2594 1807 2636 καὶ

240 2657 442 2710 στρωμνὰς
473 2656 693 2711 ἁλουργοὺς
723 2656 790 2697 καὶ
819 2655 1008 2710 τραπέζας
1037 2658 1268 2703 πολυτελεῖς.
1319 2668 1393 2695 scr.
1425 2653 1686 2709 ἁλουργεῖς.

975 2772 1062 2816 458

452 2850 642 2902 χρηστῆς
673 2843 722 2888 δὲ
753 2845 930 2901 φύσεως
962 2838 1060 2887 οἷον
1091 2841 1371 2899 ἐξανθήματα

359 2932 600 2971 Plutarchus
619 2932 716 2971 Mor.
738 2932 855 2971 5286
891 2931 1005 2983 πάθη
1024 2935 1157 2982 ψυχῆς
1172 2927 1278 2969 ’ἔστιν
1298 2928 1347 2969 οὐ
1367 2929 1525 2982 χρηστά,
1543 2933 1710 2982 χρηστῆς
1727 2931 1804 2968 κτλ.
