2014 3334
761 223 931 260 AAHAA
956 224 1217 260 ΟΠΟΤΕΡΑΣ
1683 220 1771 263 549

195 335 290 386 τοὺς
320 336 615 386 Διονυσιακοὺς
650 335 810 391 ἀγῶνας
846 336 995 391 μεγάλα
1023 335 1214 389 θαύματα
1244 333 1392 393 μώροις
1422 332 1526 388 ἔλεγε
1558 330 1773 387 (Διογένης

202 394 225 439 ὁ
248 394 440 451 κυνικός).
490 411 594 450 quae
625 401 667 438 et
697 398 869 438 iambico
895 399 936 437 et
961 396 1219 448 anapaestico
1250 397 1380 435 metro
1412 394 1667 435 conveniunt.

942 513 1030 557 800

315 600 545 641 Demetrius
582 600 642 640 De
680 601 777 640 eloe.
808 602 888 640 126
917 594 976 654 (p.
1003 601 1107 649 290,
1135 600 1159 639 9
1189 593 1393 650 Spengel.)
1432 596 1596 649 μάλιστα
1630 594 1696 636 καὶ
1728 596 1777 637 οἱ

194 658 417 716 κωμῳδοὶ
453 666 621 713 χρῶνται
658 659 719 715 (τῇ
752 656 995 716 ὑπερβολῇ),
1033 658 1091 698 ὅτι
1122 656 1164 698 ἐκ
1195 663 1266 698 τοῦ
1304 656 1507 697 ἀδυνάτου
1539 654 1772 708 ἐφέλκονται

194 718 236 759 τὸ
273 722 447 773 γελοῖον,
491 718 621 771 ὥσπερ
665 718 728 759 ἐπὶ
765 721 934 772 Περσῶν
970 723 1040 771 τῆς
1084 716 1298 770 ἀπληστίας
1336 715 1678 769 ὑπερβαλλόμενός
1714 731 1772 764 τις

194 777 294 831 ἔφη,
330 778 388 820 ὅτι
425 779 566 820 πεδία
605 777 819 831 ἕξέχεζον
852 778 959 829 ὅλα,
995 776 1063 819 καὶ
1100 777 1158 818 ὅτι
1194 777 1312 830 βοῦς
1350 776 1398 817 έν
1432 780 1534 824 ταῖς
1564 776 1773 830 γνάθοις

193 837 382 891 ἔφερον.
433 842 476 880 et
500 839 595 879 ibid.
624 842 705 879 161
735 835 912 913 (9.298,
941 833 1017 892 10)
1044 836 1087 878 ἐκ
1112 835 1155 878 δὲ
1180 835 1414 890 ὑπερβολῶν
1440 836 1590 889 χάριτες
1607 835 1773 888 μάλιστα

194 898 241 939 αἱ
266 896 310 939 ἐν
340 902 426 947 ταῖς
455 899 714 972 κωμωδίαις.
741 930 751 939 .
778 896 863 947 ,ὥς
886 896 1175 951 Ἀριστοφάνης
1207 893 1325 950 (Ach.
1352 898 1420 937 86.
1449 891 1526 951 7).
1601 894 1698 936 ,ἐπὶ
1729 893 1771 936 δὲ

192 963 272 998 τῶν
318 958 486 1014 Θρακῶν
529 940 677 1011 ετερος,
727 957 785 998 ότι
828 957 1072 1010 Μηδόκης
1110 955 1131 997 ὁ
1169 956 1395 1010 βασιλευς
1437 956 1559 1008 βοῦν
1602 954 1772 1007 ἔφερεν

194 1017 306 1058 ὅλον
350 1016 399 1058 ἐν
441 1018 618 1075 γνάθῳ.
687 1019 793 1058 inter
835 1032 937 1070 quae
982 1018 1091 1070 quod
1138 1018 1315 1069 primum
1365 1017 1502 1068 posuit
1545 1017 1771 1066 exemplum

192 1078 325 1130 ipsum
357 1092 517 1130 quoque
551 1079 603 1118 ad
636 1078 916 1118 Acharnenses
941 1079 1103 1119 videtur
1134 1077 1348 1129 pertinere.
1407 1078 1588 1116 Medoces
1621 1078 1770 1128 autem,

193 1138 262 1190 qui
294 1139 402 1189 apud
433 1139 739 1190 Xenophontem
766 1134 915 1191 (Anab.
944 1141 982 1189 7,
1010 1140 1049 1189 2,
1076 1140 1144 1178 32.
1181 1139 1219 1188 3,
1249 1138 1315 1177 16.
1359 1137 1465 1176 Hell.
1492 1138 1531 1186 4,
1560 1137 1598 1188 8,
1627 1130 1702 1190 26)
1729 1139 1770 1176 et

192 1197 412 1238 Diodorum
445 1192 654 1251 (13,105
689 1197 749 1237 Ol.
777 1200 851 1249 93,
878 1199 917 1238 4
951 1199 1024 1247 14,
1051 1199 1106 1237 94
1148 1195 1208 1237 01.
1237 1199 1311 1247 97,
1341 1192 1386 1249 1)
1418 1197 1623 1246 Medocus,
1661 1197 1770 1247 apud

192 1257 413 1298 Isocratem
444 1256 509 1308 (5,
537 1259 561 1298 6
595 1255 616 1297 ὃ
647 1253 851 1312 παλαιός),
889 1258 1203 1297 Demosthenem
1242 1252 1337 1309 (23,
1364 1258 1402 1296 8.
1439 1258 1504 1295 10.
1541 1257 1637 1296 170.
1671 1257 1768 1296 183.
1778 1256 1787 1267 ¹

197 1311 314 1371 189),
342 1317 604 1357 Aristotelem
632 1313 837 1372 (Polit.5,
866 1319 921 1357 10
946 1331 984 1368 p.
1014 1319 1155 1358 1312a
1184 1312 1277 1368 14),
1311 1315 1549 1355 Strabonem
1575 1313 1620 1367 (7
1642 1316 1690 1356 fr.
1711 1317 1768 1356 48

192 1372 325 1430 extr),
356 1376 715 1428 Harpocrationem
748 1372 1020 1430 (Ἀμάδοκος),
1058 1376 1269 1416 Aeschinis
1309 1376 1566 1415 scholiastam
1599 1369 1664 1446 (2,
1693 1372 1768 1428 81)

191 1435 417 1476 Amadoous
439 1439 620 1488 vocatur,
651 1450 732 1476 non
755 1450 860 1476 unus
886 1437 977 1487 fuit,
1003 1436 1072 1476 sed
1098 1436 1188 1476 duo.
1238 1435 1432 1487 Harpocr.
1459 1433 1533 1474 δύο
1558 1434 1768 1488 γεγόνασιν

192 1490 323 1547 οὗτοι,
346 1493 487 1548 ,πατὴρ
525 1494 591 1536 καὶ
628 1493 775 1547 υἱός,
766 1494 810 1544 ὂς
840 1492 905 1536 καὶ
941 1496 1126 1552 Φιλίππῳ
1165 1493 1434 1547 συμμαχήσων
1459 1489 1586 1546 ἦλθεν
1618 1494 1673 1542 εἰς
1697 1493 1766 1534 τὸν

192 1553 292 1605 πρὸς
319 1553 622 1608 Κερσοβλέπτην
653 1555 836 1608 πόλεμον.
886 1554 1123 1608 ἀμφοτέρων
1153 1553 1346 1607 μέμνηται
1381 1553 1617 1606 Θεόπομπος
1648 1552 1691 1594 ἐν
1721 1559 1767 1610 τῇ

195 1611 248 1655 ια’
271 1621 350 1655 τῶν
379 1617 641 1656 Φιλιππικῶν.
691 1616 856 1656 fuerunt
888 1619 1024 1656 autem
1052 1615 1299 1666 Odrysarum
1330 1628 1455 1667 reges.
1504 1618 1597 1654 uter
1628 1627 1767 1654 eorum

194 1675 351 1715 dicatur
382 1677 424 1715 et
453 1675 505 1716 ad
535 1678 670 1715 utram
701 1676 949 1716 comoediam
972 1676 1248 1728 fragmentum
1272 1675 1475 1726 pertineat
1500 1674 1667 1714 dubium
1694 1677 1766 1714 est.

939 1792 1023 1835 801

311 1878 440 1918 Schol.
467 1878 582 1918 Hom.
608 1878 654 1918 Il.
676 1880 715 1930 4,
743 1879 797 1918 23
825 1875 1063 1929 σκυζομένη·
1095 1874 1339 1930 ὀργιζομένη.
1382 1875 1450 1916 καὶ
1473 1875 1548 1930 γὰρ
1575 1876 1617 1917 οἱ
1636 1874 1765 1930 ὀργι-

191 1936 390 1978 λώτατοι
414 1937 607 1979 Σκύθαι
635 1940 859 1978 καλοῦνται.
910 1938 1062 1978 comica
1087 1937 1242 1976 scilicet
1267 1937 1535 1989 originatione
1562 1934 1606 1988 (a
1630 1936 1762 1985 σκύζε-

191 1995 323 2051 σθαι).
372 1997 683 2038 Demosthenem
714 1995 758 2037 έν
788 1994 861 2049 μὲν
891 2000 973 2045 τοῖς
1001 1996 1131 2051 λόγοις
1155 1995 1344 2048 Σκύθην,
1375 1994 1418 2036 έν
1445 1994 1487 2036 δὲ
1512 2000 1595 2044 ταῖς
1621 1996 1762 2049 μάχαις

191 2054 351 2098 ἀστικόν
376 2058 595 2109 adpellavit
620 2058 820 2110 Diogenes
852 2058 1029 2110 cynicus.
1079 2057 1185 2096 Plut.
1213 2057 1309 2096 Mor.
1337 2058 1421 2097 847
1437 2057 1465 2096 f.

936 2185 1023 2228 802

308 2271 528 2322 Alciphron
555 2274 599 2324 3,
627 2274 672 2324 7,
697 2273 722 2312 5
756 2267 817 2312 ἐπ’
852 2270 1038 2325 ἐργασίαν
1075 2269 1271 2324 τρέψομαι
1303 2269 1370 2310 καὶ
1401 2270 1456 2318 εἰς
1486 2273 1658 2323 Πειραιᾶ
1689 2273 1762 2325 βα-

191 2330 353 2382 διοῦμαι
377 2329 423 2370 τὰ
448 2330 491 2371 ἐκ
515 2337 593 2371 τῶν
617 2337 721 2372 νεῶν
747 2331 890 2384 φορτία
915 2330 980 2372 ἐπὶ
1003 2330 1072 2380 τὰς
1097 2330 1310 2382 ἀποθήκας
1335 2334 1485 2382 μισθοῦ
1512 2331 1760 2383 μεταθήσων.

190 2390 288 2430 haec
324 2391 484 2430 conlata
520 2404 610 2430 cum
647 2391 779 2432 Plaut.
812 2390 924 2442 capt.
954 2395 996 2440 1,
1027 2396 1068 2443 l,
1099 2393 1155 2431 20
1187 2392 1297 2431 (ἔρσενα
1326 2394 1486 2441 portam
1518 2394 1762 2441 trtyeminam

190 2451 243 2488 ad
272 2462 426 2489 saccum
455 2452 557 2490 ilicet
586 2464 634 2490 ex
665 2451 870 2491 comoedia
895 2451 1032 2503 aliqua
1056 2451 1186 2502 petita
1211 2464 1296 2490 esse
1322 2451 1512 2490 censebat
1537 2451 1760 2492 Lobeckius

190 2509 388 2561 Aglaoph.
417 2512 542 2551 1033.

930 2591 1016 2635 803

311 2677 508 2717 Zenobius
535 2679 573 2728 4,
601 2679 656 2718 68
682 2677 953 2730 κουφότερος
982 2682 1065 2718 τοῦ
1096 2677 1374 2728 Τορωναίου
1406 2675 1616 2728 λιμένος·
1642 2676 1761 2729 λιμήν

190 2734 270 2776 ἐστι
299 2734 389 2788 περὶ
424 2735 613 2789 Τορωνην
642 2742 713 2789 τῆς
747 2733 916 2793 Θράκης.
966 2735 1103 2785 στενὰς
1134 2734 1176 2776 δὲ
1207 2735 1285 2789 ε’χει
1314 2735 1381 2776 καὶ
1411 2735 1563 2788 μακρὰς
1587 2735 1655 2783 τὰς
1675 2735 1759 2779 ἀπὸ

190 2801 261 2836 τοῦ
302 2795 500 2849 πελάγους
539 2796 761 2848 κατάρσεις,
802 2795 856 2845 ὡς
894 2795 948 2849 μὴ
989 2795 1209 2837 ἀκούεσθαι
1247 2799 1329 2844 τοῖς
1369 2794 1411 2836 ἐν
1452 2794 1558 2852 αὐτῷ
1594 2794 1663 2836 τὸν
1693 2802 1762 2849 τῆς

190 2854 388 2907 θαλάττης
412 2870 522 2908 ηχον.
555 2856 723 2896 Photius
748 2871 784 2896 κ.
807 2862 879 2897 τοῦ
915 2854 1116 2908 Τορωνέος
1142 2851 1424 2931 (Τορωναίων)
1451 2859 1484 2895 λ.
1509 2854 1597 2908 περὶ
1627 2856 1757 2908 Τορώ-

191 2929 269 2966 νην
293 2920 363 2967 τῆς
392 2909 551 2971 Θράκης
575 2915 750 2956 καλεῖταί
770 2931 827 2964 τις
852 2914 987 2967 κωφὸς
1013 2914 1145 2968 λιμήν,
1170 2916 1194 2956 i.
1221 2929 1253 2955 e.
1281 2911 1375 2955 εστι
1400 2930 1456 2963 τις
1481 2912 1599 2966 λιμὴν
1624 2915 1759 2967 κωφὸς
