2014 3334
796 225 964 268 AAHAA
991 233 1255 268 οΠοΤΕΡΑΣ
1723 232 1810 275 567

982 341 1069 385 925

519 401 795 459 ἀμφαξονεῖν

352 489 523 530 Bekker.
554 488 705 529 Anecd.
738 490 807 540 23,
841 490 896 528 30
936 486 978 528 τὸ
1008 487 1232 543 περινεύειν
1263 488 1319 537 εἰς
1348 488 1522 542 θάτερον
1552 487 1685 541 μέρος,
1717 488 1812 541 ὅπερ

232 546 337 589 ἔστιν
380 547 481 590 ἰδεῖν
524 546 589 588 ἐπὶ
631 553 710 588 τῶν
753 545 915 600 ἁμαξῶν
959 553 1038 589 τῶν
1080 546 1325 600 κλινομένων
1369 548 1423 597 εἰς
1466 547 1639 600 θάτερον
1682 547 1810 601 μέρος.

232 608 459 661 Hesychius
484 606 748 660 ἀμφαξονεῖν·
779 606 832 647 τὰ
863 606 1042 661 γόνατα
1071 611 1406 659 περικλᾶσθαι.
1451 607 1517 648 καὶ
1541 606 1596 661 μὴ
1623 607 1810 650 εὖτονεῖν.

233 667 419 708 Eustath.
452 670 536 709 884
570 665 624 720 μὴ
656 666 900 721 πορεύεσθαι
931 664 1015 707 κατ’
1051 665 1190 721 ὀρθόν.
1240 668 1376 720 itaque
1413 670 1510 709 ebrii
1540 671 1730 710 incessum
1762 682 1810 709 ea

230 740 327 769 voce
358 728 613 780 descripsisse
645 728 807 768 videtur
839 727 1015 768 comicus
1047 728 1206 780 aliquis.

978 843 1066 888 926

517 904 872 957 ἀναδοιὸυκίζειν

348 990 643 1045 ἀναταράσσειν.
707 991 944 1044 Hesychius.
988 989 1308 1040 ἀναὸεὸοικάζειν
1351 993 1436 1032 cod.
1485 1014 1533 1020 —
1583 992 1718 1044 Etym.
1757 1006 1809 1032 m.

230 1054 299 1104 96,
327 1055 350 1093 7
383 1050 694 1100 ἀναδοιδυκίζει·
737 1049 1005 1105 ἀναταράττει,
1049 1050 1127 1091 ἀπὸ
1171 1057 1242 1092 τοῦ
1275 1051 1424 1100 δοῖδυξ.
1491 1052 1702 1104 apssissima
1732 1066 1809 1092 vox

229 1115 292 1153 est
322 1112 461 1152 Cleoni
491 1113 556 1152 vel
587 1111 781 1152 eiusmodi
813 1112 965 1151 homini
995 1112 1242 1152 turbulento.
1293 1113 1343 1151 of.
1376 1114 1475 1152 973.

970 1228 1056 1271 927

514 1266 751 1331 ἀνακωνᾶν

346 1359 618 1416 ἀναστρέφειν.
668 1363 907 1415 Hesychius.
958 1364 1008 1404 cf.
1039 1362 1245 1413 Aristoph.
1277 1363 1325 1402 fr.
1359 1364 1455 1403 520.

898 1485 905 1492 ‘
972 1479 1060 1522 928

512 1538 820 1595 ἀναμυλλᾶναι

346 1624 584 1677 ἀνανεῦσαι,
621 1624 887 1678 ἀρνήσασθαι.
931 1626 1168 1678 Hesychius.
1213 1624 1395 1677 ἀναμελλ.
1426 1626 1531 1675 eod„
1568 1627 1723 1666 emend.
1757 1627 1805 1667 H.

229 1686 366 1737 steph.
398 1685 670 1737 διεμύλλαινεν
703 1686 826 1726 Arist.
851 1686 972 1737 Vesp.
1008 1688 1140 1736 1315,
1182 1686 1252 1724 ubi
1284 1686 1405 1725 schol.
1440 1684 1687 1737 διεμύλλαινε
1718 1684 1806 1726 ἀντὶ

226 1751 297 1786 τοῦ
334 1744 602 1797 ὑπερηφάνως
639 1744 686 1785 τὰ
723 1746 827 1798 χείλη
872 1743 1096 1798 διέστρεφεν
1133 1743 1186 1792 ὡς
1226 1744 1423 1797 χλευάζων
1465 1744 1532 1784 καὶ
1569 1744 1622 1797 μὴ
1665 1742 1805 1797 ἡσθεὶς

227 1808 280 1862 τῷ
318 1803 544 1862 λελεγμένῳ.
599 1806 768 1844 Bekker.
801 1806 950 1844 Anecd.
984 1807 1052 1855 36,
1086 1808 1109 1845 9
1152 1805 1446 1854 διαμυλλαίνειν
1483 1803 1525 1844 τὸ
1563 1808 1616 1861 τῷ
1647 1805 1804 1857 στόματι

227 1865 575 1917 διασχηματίζοντα
607 1865 802 1919 διαγελᾶν.
864 1866 910 1905 cf.
938 1865 1058 1904 etiam
1081 1865 1191 1905 Suid.
1211 1865 1346 1916 Etym.
1366 1878 1415 1903 m.
1439 1867 1523 1904 268
1557 1868 1655 1905 extr.
1687 1869 1728 1905 et
1753 1867 1801 1905 fr.

226 1925 360 1976 adesp.
394 1926 520 1965 1080.

971 1981 1059 2023 929

511 2038 845 2097 ἀνασεσυρμένη

343 2127 568 2179 Hesychius
599 2124 625 2178 ἡ
657 2126 878 2179 συρόμενον
914 2126 1070 2179 ἱμάτιον
1107 2126 1325 2180 ἐπαίρουσα
1356 2124 1422 2166 καὶ
1457 2121 1537 2181 (τὸ)
1576 2124 1692 2179 μέρος
1728 2143 1799 2181 γυ-

224 2192 390 2239 μνοῦσα.
452 2188 499 2226 cf.
527 2187 670 2227 Eubul.
701 2189 797 2227 140.

964 2267 1052 2311 930

509 2338 759 2392 ἀνασκυζᾶν
790 2342 855 2378 καὶ
886 2341 1050 2392 σκυζᾶν

339 2426 510 2466 Bekker.
542 2426 690 2467 Anecd.
725 2429 796 2478 12,
832 2427 884 2466 15
930 2427 1077 2474 σκυζᾶν
1114 2424 1186 2477 μέν
1225 2424 1304 2465 ἐστι
1334 2425 1376 2466 τὸ
1418 2412 1517 2478 πρὸς
1554 2424 1597 2465 τὸ
1634 2425 1797 2478 πάσχειν

221 2482 359 2538 ὀργᾶν,
397 2484 464 2525 καὶ
481 2486 643 2526 «τίθεται
674 2484 737 2526 ἐπὶ
766 2492 846 2526 τῶν
883 2483 1084 2538 νεωτέρων
1115 2483 1142 2538 ἢ
1173 2486 1328 2525 παίδων
1359 2483 1385 2537 ἢ
1416 2491 1635 2538 γυναικῶν·
1679 2484 1722 2526 τὸ
1754 2484 1797 2526 δὲ

221 2543 448 2592 ἀνασκυζᾶν
485 2546 667 2597 σημαίνει
703 2542 776 2597 μὲν
813 2544 855 2586 τὸ
887 2544 1004 2596 αὐτό,
1041 2545 1192 2585 τίθεται
1224 2542 1266 2584 δὲ
1305 2543 1368 2585 ἐπὶ
1398 2551 1477 2584 τῶν
1507 2543 1794 2598 πρεσβυτέρων.

219 2603 443 2655 πρόσκειται
480 2602 523 2644 δὲ
559 2603 601 2645 τὸ
639 2603 717 2645 ἀνά
754 2608 950 2656 σημαῖνον
987 2603 1060 2656 τὴν
1097 2603 1136 2653 ἐξ
1173 2603 1354 2657 ὑπαρχῆς
1392 2604 1435 2645 ἐν
1468 2604 1586 2658 γήραι
1622 2603 1722 2658 πρὸς
1751 2604 1794 2645 τὸ

219 2662 382 2716 πάσχειν
414 2661 553 2716 ὁρμήν.
614 2666 660 2704 cf.
694 2663 884 2704 ἀναθυᾶν
916 2665 1099 2705 Pherecr.
1135 2667 1203 2705 35.

959 2780 1044 2824 931

506 2838 834 2895 ἀνδροκόβαλος

339 2930 574 2979 κακοῦργος,
603 2930 842 2980 πανοῦργος.
902 2927 1127 2978 Hesychius
1159 2929 1200 2967 et
1232 2926 1387 2966 Suidas.
