2014 3334
865 278 1126 314 ΕῐΛΕῙΘΤῙΑ
1701 275 1787 319 387

426 390 476 432 Β.
508 390 631 432 ἔστω.
693 394 963 445 γεωμετρικῇ
996 385 1046 431 δὲ
1076 386 1150 431 καὶ
1181 386 1254 431 σοὶ
1284 393 1464 444 πρᾶγμα
1495 389 1558 438 τίς

361 472 406 504 25
428 464 481 504 A.
513 460 782 504 τούπτάνιον
812 460 937 517 ἡμεῖς
968 467 1166 517 σφαῖραν
1198 456 1313 503 εἶναι
1343 458 1575 516 τιθέμεθα.

425 539 558 576 τοῦτο
591 532 820 577 διελέσθαι
850 531 925 576 καὶ
955 533 1095 576 τόπον
1127 530 1317 588 λαβόνθ’
1354 531 1433 575 ἕνα

424 606 600 662 μερίσαι
630 603 724 647 κατ’
761 601 882 656 εἶδος
911 610 989 660 τῆς
1019 603 1175 661 τέχνης
1206 603 1416 660 ἐπιδέξια,

424 676 599 720 ἐκεῦθεν
630 675 816 720 ἐνταῦθ’
855 675 947 720 ἐστὶ
978 675 1341 733 μετενηνεγμένα.

423 751 474 792 Β.
506 745 651 804 οὗτος,
683 747 933 806 πέπεισμαι,
964 748 1049 792 κᾶν
1079 750 1133 792 τὰ
1164 749 1298 792 λοιπὰ
1328 749 1387 805 μὴ
1419 751 1566 805 λαλῇς.

359 831 405 863 30
425 824 479 863 A.
510 819 613 877 περὶ
642 826 720 876 τῆς
751 821 948 878 ἰατρικῆς
980 819 1046 864 δέ·
1083 828 1175 864 τῶν
1205 821 1290 877 γὰρ
1321 820 1568 877 βρωμάτων

423 893 700 949 πνευματικὰ
730 891 805 936 καὶ
836 893 1065 936 δύσπεπτα
1095 891 1170 936 καὶ
1200 893 1418 948 τιμωρίαν

424 963 567 1021 ἔχοντ’
603 961 685 1008 ἔνι’
721 963 857 1020 ἐστὶν,
890 964 945 1008 οὐ
975 966 1162 1022 τροφήν.
1225 965 1421 1007 δειπνῶν
1454 962 1503 1007 δὲ
1535 971 1620 1015 πᾶς

423 1037 660 1093 τάλλότρια
691 1035 827 1092 γίνετ’
865 1036 1040 1094 ὀξύχειρ
1071 1036 1182 1080 κούκ
1214 1036 1438 1094 ἐγκρατής.

423 1116 517 1160 τοῖς
549 1110 603 1165 δὴ
635 1110 857 1160 τοιούτοις
887 1109 1120 1167 βρώμασιν
1151 1110 1204 1152 τὰ
1236 1109 1448 1166 φάρμακα

360 1193 404 1224 35
425 1179 572 1238 εὕρητ’
610 1181 798 1234 ἐκεῖθεν,
831 1181 1062 1237 μεταφορὰ
1094 1179 1137 1224 δ’
1174 1178 1296 1224 ἐστὶν
1326 1179 1494 1237 τέχνης.

423 1253 510 1308 ἤδη
542 1254 592 1296 τὸ
624 1254 732 1310 μετὰ
762 1259 847 1296 νοῦ
878 1250 953 1296 καὶ
983 1253 1032 1296 τὸ
1066 1252 1325 1310 συμμέτρως
1356 1251 1465 1308 ἐμόν

425 1383 527 1441 περὶ
557 1390 777 1440 τακτικῆς,
809 1383 970 1427 ἕκαστα
1001 1390 1090 1427 ποῦ
1121 1386 1375 1439 τεθήσεται·

425 1456 603 1515 ἀριθμῷ
634 1457 684 1500 τὸ
715 1459 891 1512 πλῆθος
921 1455 1087 1499 εἰδέναι
1118 1462 1387 1513 μαγειρικῆς.

426 1525 575 1579 οὐδεὶς
605 1526 754 1585 ἕτερός
785 1537 858 1570 σοι
887 1528 999 1583 πρὸς
1030 1525 1105 1584 ἐμὲ
1136 1526 1210 1571 καὶ
1242 1529 1530 1585 γραφήσεται.

352 1594 406 1643 χ40
426 1602 476 1642 Β.
509 1595 628 1656 μίκρ’
664 1599 942 1643 ἀντάκουσον
974 1599 1023 1643 ἐν
1055 1598 1177 1657 μέρει
1209 1599 1366 1656 κάμοῦ.
1416 1604 1470 1643 Α.
1503 1599 1614 1655 λέγε.

426 1674 475 1715 Β.
510 1673 566 1714 σὺ
597 1669 738 1727 μηδὲν
770 1671 940 1728 ἐνόχλει
972 1673 1078 1728 μήτε
1112 1673 1280 1715 σαυτὸν
1311 1670 1409 1728 μήτ’
1448 1671 1538 1728 ἐμέ,

426 1742 720 1800 ἀπραγμόνως
752 1741 801 1787 δὲ
833 1744 1045 1799 διαγενοῦ
1075 1745 1159 1800 τὴν
1188 1743 1370 1800 ἡμέραν.

335 1843 568 1882 Athenaeus
595 1845 634 1894 7,
661 1843 804 1883 290ef
831 1841 1061 1895 Νικόμαχος
1092 1841 1136 1882 ἐν
1168 1842 1383 1899 Εἰλειθυίᾳ
1415 1838 1622 1896 (εἰληθυία
1641 1840 1695 1894 Α)
1728 1842 1795 1883 καὶ

213 1900 332 1950 αὐτὸς
362 1902 531 1955 παράγει
566 1901 655 1941 τινὰ
695 1902 883 1977 μάγειρον
915 1901 1212 1955 ὑπερβάλλοντα
1243 1902 1336 1950 τοὺς
1373 1901 1463 1955 περὶ
1494 1901 1562 1943 τὸν
1595 1902 1798 1944 Διόνυσον

212 1962 395 2014 τεχνίτας.
466 1960 594 2015 λέγει
637 1958 674 2002 δ’
720 1977 795 2002 ουν
840 1957 982 2011 οὗτος
1024 1961 1141 2015 πρὸς
1183 1961 1264 2002 τὸν
1308 1962 1681 2015 μισθωσάμενον
1720 1966 1797 2004 κτλ.

214 2035 251 2062 v.
284 2023 338 2062 33
382 2022 621 2062 Eustathius
664 2024 798 2072 1753,
830 2024 886 2062 48
929 2020 950 2062 ὁ
988 2021 1138 2062 ἐσθίων
1181 2021 1279 2062 κατὰ
1323 2021 1506 2074 σπουδὴν
1549 2021 1615 2063 διὰ
1654 2027 1798 2063 πεῖναν

214 2080 411 2138 ὀξυχειρία
450 2086 624 2134 χρῆσθαι
648 2081 738 2124 οὐκ
770 2081 964 2136 ἐγκρατῶς
1000 2082 1157 2135 λεχθείη
1196 2080 1248 2122 ἂν
1284 2082 1383 2122 κατὰ
1419 2081 1487 2122 τὸν
1525 2082 1704 2134 εἰπόντα,
1745 2082 1799 2132 ὡς

213 2140 276 2181 ἐπὶ
307 2140 354 2181 τὰ
385 2140 567 2194 ἀλλότρια
598 2142 739 2182 δεῖπνα
770 2172 780 2182 .
813 2176 821 2184 .
855 2175 864 2182 .
895 2149 973 2190 πᾶς
1003 2143 1150 2196 γίνεται
1181 2140 1356 2195 ὀξύχειρ,
1388 2142 1463 2183 οὐκ
1495 2141 1694 2196 ἐγκρατής.

336 2204 373 2242 2.
404 2201 624 2254 πεποίηκάς
654 2202 694 2242 τί
720 2217 804 2251 πως
822 2203 942 2243 Mein.
1005 2205 1042 2243 6.
1075 2201 1141 2242 καὶ
1172 2201 1252 2254 μὴν
1278 2203 1431 2243 Iacobs.
1450 2203 1554 2242 Add.
1575 2204 1670 2243 Ath.
1693 2202 1794 2255 166]

212 2259 367 2314 κῶιμην
411 2257 636 2316 (coniunct.
677 2275 769 2302 cum
807 2261 856 2303 οὗ
893 2277 929 2303 v.
963 2259 1015 2316 5)
1053 2263 1102 2303 A.
1145 2257 1171 2314 ἦ
1210 2260 1291 2314 μὴν
1332 2263 1446 2303 Grot.
1478 2264 1664 2315 Excerpt.
1698 2266 1797 2304 883.

215 2322 402 2375 μαγείρου
448 2320 628 2374 δῖαφέρει
665 2322 908 2375 Schweigh.]
950 2320 1129 2374 διαφέρει
1170 2323 1358 2376 μαγείρου
1390 2323 1478 2362 ΑΟ.
1562 2326 1599 2363 7.
1637 2321 1706 2375 ἣν]
1747 2322 1798 2363 ἂν

214 2382 333 2421 Mein.
384 2377 420 2421 δ’
450 2380 520 2421 ἐὰν
539 2383 695 2422 Nauck.
727 2385 820 2434 post
851 2384 958 2422 hunc
988 2397 1025 2423 v.
1052 2381 1182 2422 ἔπειτα
1202 2381 1378 2435 αὐχήσας
1397 2380 1418 2422 ὅ
1439 2382 1622 2436 μάγειρος
1651 2381 1798 2423 εἰδέναι

213 2439 256 2481 τὸ
281 2439 556 2494 ἠγορασμένον
583 2439 688 2493 ὄψον
715 2442 918 2490 σκευάζειν
943 2449 1142 2494 μουσικῶς
1167 2445 1282 2495 ληρεῖ
1295 2442 1353 2482 ὅτι
1376 2441 1453 2495 πρὸ
1473 2448 1542 2495 τῆς
1568 2449 1798 2497 μαγειρικῆς

213 2499 348 2552 τέχνης
378 2500 569 2553 πρότερον
602 2505 749 2553 μαθεῖν
782 2502 848 2542 δεῖ
874 2500 1003 2555 ἑτέρας
1034 2500 1188 2555 τέχνας,
1221 2501 1505 2556 ἀστρολογικήν
1537 2506 1614 2542 κτλ.
1647 2503 1689 2542 O.
1760 2506 1798 2543 9.

213 2559 380 2612 πότερον
393 2558 449 2611 Α]
469 2557 597 2613 πότερ’
621 2562 742 2601 Dobr.
756 2562 883 2602 Arist.
897 2563 1065 2614 append.
1083 2564 1180 2602 114.
1231 2560 1366 2602 ὁτιοῦν
1385 2563 1542 2603 Hanov.
1556 2564 1696 2602 Exere.
1710 2564 1799 2603 crit.

217 2622 315 2660 131.
364 2620 484 2672 πάτερ
516 2621 636 2661 Mein.
674 2618 933 2662 ‘blandientis
972 2625 1035 2662 est
1069 2624 1118 2661 ut
1156 2623 1264 2673 apud
1295 2622 1445 2673 Diphil.
1482 2625 1552 2673 17,
1586 2624 1624 2662 5.
1659 2624 1725 2671 20,
1759 2625 1797 2662 2.

214 2680 412 2731 Anaxipp.
430 2683 466 2732 1,
489 2676 620 2720 11'.V
642 2684 739 2722 117.
806 2685 870 2723 10.
891 2681 1252 2722 διακονουστούτου
1273 2682 1321 2722 A.
1354 2681 1544 2722 διακόνου
1561 2678 1634 2721 ’στ’
1658 2680 1707 2722 οὗ
1726 2687 1798 2723 τοῦ

217 2740 441 2791 Schweigh.
507 2742 573 2780 11.
604 2738 730 2789 τέλεος
744 2741 951 2784 Herwerd.
964 2743 1064 2783 Nov.
1079 2742 1168 2781 add.
1182 2742 1269 2781 crit.
1285 2739 1360 2794 47]
1381 2739 1533 2790 τέλειος.
1560 2742 1667 2781 idem
1692 2742 1800 2782 inter

219 2801 273 2839 14
295 2802 336 2839 et
359 2802 411 2839 15
438 2797 512 2851 τὴν
531 2800 757 2852 τεκτονικήν
777 2802 1081 2842 commemorari
1101 2802 1285 2841 debuisse
1307 2803 1540 2842 arbitratur.
1573 2802 1798 2842 Meinekius

218 2861 311 2910 post
342 2873 378 2899 v.
414 2861 468 2900 14
501 2863 542 2899 et
572 2864 665 2911 post
691 2862 745 2900 36
778 2862 944 2902 lacunae
976 2862 1094 2914 signa
1124 2861 1250 2912 ponit.
1317 2864 1383 2901 14.
1415 2859 1591 2912 ταύταις]
1625 2863 1797 2902 fortasse

217 2917 396 2967 αὐταῖς.
475 2921 541 2960 15.
573 2922 763 2970 corrupta
792 2922 891 2962 haec
923 2934 1008 2962 esse
1041 2923 1210 2961 constat.
1267 2922 1468 2962 sententia
1497 2922 1711 2973 perspicua
1741 2923 1798 2973 fit,

222 2979 255 3017 si
291 2979 443 3019 scribas
469 2976 600 3019 ἄλλων
624 2980 690 3020 vel
710 2977 862 3035 ’ἑτέρων
886 2985 1113 3035 προῆφθαι.
1164 2981 1233 3021 sed
1259 2982 1377 3032 plura
1408 2982 1472 3022 hic
1503 2982 1668 3021 turbata
1694 2985 1799 3022 sunt.

1435 3048 1509 3084 25*
