2014 3334
235 239 322 281 508
599 212 602 216 ¹
891 240 1153 274 ΑΔΕΣΠΟΤΑ
1222 276 1229 281 ,

974 370 1059 414 547

523 457 661 510 ζητῶν
692 455 777 511 γὰρ
810 455 924 506 ὄψον
954 454 1195 510 θοίμάτιον
1227 453 1440 497 ἀπώλεσα.

356 542 556 581 Zenobius
587 543 628 592 4,
662 543 714 581 13
759 540 823 582 ἐπὶ
866 546 944 581 τῶν
981 540 1268 594 ἀτυχεστάτων,
1312 554 1415 593 quae
1451 540 1554 580 mira
1591 542 1653 580 est
1688 541 1811 581 ἰαί-,οτ-

236 602 422 653 pretaizio.
473 602 708 653 Diogenian.
739 603 778 653 4,
808 603 875 641 97.
920 601 1081 642 videtur
1113 601 1286 641 comicus
1324 600 1470 652 aliquis
1505 600 1687 640 imita'cus
1723 612 1810 640 esse

235 662 361 701 Arist.
392 662 498 700 Nub.
531 662 628 701 855.

978 741 1064 784 548

519 823 700 881 θύραζε,
732 827 894 882 Κᾶρες·
927 823 1070 868 οὐκέτ’
1102 822 1405 881 Ἀνθεστήρια.

356 924 554 964 Zenobius
587 925 626 973 4,
660 925 713 963 33
761 921 827 962 διὰ
857 926 1015 975 πλῆθος
1047 922 1208 963 οἰκετῶν
1238 925 1426 976 Καρικῶν
1458 921 1647 974 εἰρῆσθαί
1673 932 1812 974 φασιν,
1875 973 1878 975 Β

235 982 289 1032 ὥς
319 983 362 1023 ἐν
401 986 483 1031 τοῖς
508 979 802 1035 Ἀνθεστηρίοις
833 981 1117 1035 εὐωχουμένων
1155 982 1286 1023 αὐτῶν
1324 982 1390 1023 καὶ
1421 981 1494 1022 οὐκ
1532 980 1811 1035 ἐργαζομένων.

237 1049 305 1096 τῆς
332 1037 406 1084 οὖν
439 1039 578 1096 ἑορτῆς
609 1042 855 1094 τελεσθείσης
879 1041 1005 1096 λέγειν
1035 1041 1116 1083 ἐπὶ
1145 1042 1201 1082 τὰ
1232 1042 1345 1096 ἔργα
1377 1040 1703 1093 ἐκπέμποντας
1734 1043 1811 1081 κτλ.

236 1104 469 1156 Diogenian.
506 1105 543 1154 5,
578 1104 644 1142 23.
695 1103 878 1155 Apostol.
911 1105 949 1155 8,
983 1105 1051 1142 94.
1100 1102 1273 1154 Hesych.
1305 1103 1422 1142 Phot.
1454 1102 1562 1141 Suid.

979 1229 1065 1272 549

524 1313 687 1371 ἀνδρὸς
717 1312 927 1371 γέροντος
958 1313 1008 1356 αἱ
1034 1313 1200 1369 γνάθοι
1231 1302 1457 1370 βακτηρία.

354 1401 590 1453 Diogenian.
625 1403 670 1451 1,
703 1401 757 1440 78
804 1398 867 1440 ἐπὶ
903 1405 981 1439 τῶν
1024 1399 1122 1453 πρὸς
1159 1398 1201 1439 τὸ
1245 1404 1370 1454 γῆρας
1413 1398 1539 1440 πολλὰ
1582 1397 1813 1440 ἐσθιόντων.

237 1462 404 1513 Gregor.
436 1460 556 1512 prr.
591 1462 629 1512 1,
662 1461 730 1499 58.

979 1539 1067 1583 550

522 1623 710 1680 ἀηδόνες
741 1623 970 1680 λέσχαισιν
1002 1623 1304 1679 ἐγκαθήμεναι

355 1704 593 1762 Βίοςθῃὶεπι.
613 1713 651 1762 2,
671 1713 726 1751 48
760 1710 824 1750 ἐπὶ
847 1716 926 1751 τῶν
951 1709 1283 1762 ἀδολεσχούντων.
1314 1708 1508 1762 χελιδόνες
1525 1710 1643 1749 Mein.
1665 1709 1810 1749 Philol.

236 1772 347 1811 XXV
380 1774 463 1811 539
504 1774 546 1810 et
583 1766 802 1811 Theocrit.⁸
839 1786 877 1822 p.
910 1773 1009 1811 439.
1042 1772 1099 1810 40
1130 1772 1213 1810 not.
1261 1767 1456 1822 λέσχαισιν
1487 1768 1610 1820 idem]
1649 1766 1811 1822 λέσχαις.

237 1833 287 1871 of.
318 1831 442 1871 Arisss.
475 1831 574 1871 Ran.
608 1833 675 1871 93.

981 1911 1066 1955 551

521 1993 700 2051 γέροντι
730 1991 870 2051 μηδὲν
900 1993 1118 2050 μηδέποτε
1149 1994 1340 2051 χρηστὸν
1370 2000 1526 2037 ποιεῖν.

354 2094 629 2147 Diogenianus
663 2096 701 2144 3,
734 2096 788 2134 89
822 2096 1013 2146 παραινεῖ
1037 2092 1188 2145 μηδένα
1219 2091 1391 2145 ἀκαίρως
1422 2091 1648 2145 εὐεργετεῖν.
1691 2090 1811 2144 μηδέ-

239 2168 331 2195 ποτε
357 2151 483 2206 μηδὲν
513 2154 765 2204 transposuit
796 2154 915 2192 Mein.
947 2154 1091 2193 Philol.
1123 2153 1234 2191 XXV
1266 2154 1363 2192 540.
1414 2152 1557 2191 Suidas
1594 2149 1719 2205 γέρων
1748 2149 1811 2204 γε’-

240 2227 379 2267 ροντος
400 2245 407 2253 .
428 2243 437 2253 .
459 2244 469 2254 .
487 2212 554 2252 καὶ
584 2213 776 2265 παροιμία
805 2215 883 2252 κτλ.
934 2214 1136 2268 παρεγγυᾷ
1168 2210 1222 2264 μὴ
1254 2210 1315 2251 ἀκ.
1348 2211 1471 2264 εὐεργ.
1503 2212 1669 2263 Diogen.
1693 2213 1731 2262 6,
1754 2213 1807 2251 61

237 2271 432 2325 μηδέποτε
458 2267 502 2313 εὖ
523 2271 650 2325 ἕρδειν
669 2270 844 2326 γέροντα,
863 2270 963 2323 μηδὲ
981 2275 1152 2325 γυναῖκα
1170 2269 1270 2323 μηδὲ
1289 2271 1412 2311 παῖδα
1430 2270 1645 2323 βάσκανον.
1686 2270 1811 2310 Arist.

237 2334 353 2373 Rhess.
378 2335 489 2385 1,15
514 2328 684 2386 (13762,
705 2327 749 2386 3)
783 2330 836 2371 ἔτι
866 2330 933 2370 καὶ
964 2331 1008 2370 αἱ
1034 2331 1242 2384 παροιμίαι
1273 2362 1282 2371 .
1308 2361 1317 2370 .
1348 2329 1542 2384 μαρτύριά
1573 2328 1692 2369 ἔστιν·
1724 2325 1812 2370 οἷον

238 2392 278 2432 εἴ
307 2406 364 2440 τις
400 2391 664 2444 συμβουλεύει
701 2390 755 2443 μὴ
787 2393 992 2431 ποιεῖσθαι
1028 2391 1146 2444 φίλόν
1182 2389 1369 2444 γέροντα,
1410 2389 1534 2445 τούτῳ
1566 2392 1758 2442 μαρτυρεῖ
1784 2386 1810 2441 ἡ

238 2451 446 2504 παροιμία·
479 2451 533 2503 μή
564 2447 650 2491 ποτ’
685 2445 729 2491 εὖ
762 2449 889 2504 ἕρδειν
919 2448 1093 2504 γέροντα.
1144 2451 1191 2490 cf.
1224 2451 1370 2500 Bergk.
1397 2450 1445 2489 P.
1464 2451 1490 2489 1.
1510 2445 1588 2501 gr.2
1612 2449 1653 2488 II
1685 2451 1811 2489 1038.

980 2578 1066 2622 552

523 2663 637 2718 γυνὴ
669 2669 906 2719 στρατηγεῖ
932 2660 1006 2704 καὶ
1036 2661 1151 2716 γυνὴ
1184 2660 1476 2717 στρατεύεται.

357 2750 594 2801 Diogenian.
614 2751 654 2799 4,
676 2753 697 2788 1
733 2747 796 2788 ἐπὶ
825 2754 904 2788 τῶν
936 2748 1086 2788 δειλῶν.
1131 2747 1311 2797 Apostol.
1332 2748 1371 2798 5,
1394 2748 1459 2786 76.
1505 2746 1668 2797 Gregor.
1690 2745 1809 2796 Cypr.

243 2812 279 2860 2,
314 2812 337 2849 6
371 2803 768 2863 (στρατοπεδεύεται)·
802 2806 864 2848 ἐπὶ
894 2813 971 2847 τῶν
1001 2805 1247 2859 παραδόξων.
1311 2806 1430 2857 Greg.
1462 2805 1582 2856 prr.
1611 2805 1738 2855 Mosq.
1771 2807 1808 2853 2,

241 2871 297 2908 60
330 2864 748 2922 (στρατοπαιδεύεται).
810 2869 956 2907 Macar.
990 2869 1036 2918 3,
1071 2868 1135 2906 12.
1186 2867 1228 2905 in
1259 2878 1385 2905 unum
1414 2877 1575 2905 versum
1605 2863 1808 2903 coniunxit

238 2929 457 2968 Nauckius.
1154 2932 1157 2937 ¹
