2014 3334
248 230 334 273 276
622 224 625 229 ’
893 233 1174 267 APXEAIKOT

836 388 1243 438 ΑΡΧΕΔΙΚΟΣ

405 497 576 536 Meinek.
609 498 627 536 I
661 499 758 538 458.
793 499 831 537 9.
882 498 1075 548 Droysen.
1125 497 1356 537 Hellenism.
1388 497 1408 536 I
1442 499 1526 537 500
1539 510 1577 537 n.
1611 499 1679 537 61.

862 613 1206 647 ΔΙΑΜΑΡΤΑΝῼΝ

358 683 543 735 Ἐλπίδος
574 689 639 727 vel
670 687 831 741 γνώμης
864 689 1015 738 opinor.

1020 794 1042 834 1

532 875 845 932 Νικοστράτην
876 871 961 918 τιν’
996 876 1167 930 ’ἤγαγον
1197 873 1351 933 πρῴην
1384 876 1561 931 σφόδρα

531 948 722 1002 γρυπήν,
754 947 1038 1001 Σκοτοδίνην
1070 945 1437 1002 ἐπικαλουμένην,
1470 947 1537 989 ὅτι

532 1020 660 1061 δΐνόν
691 1015 789 1061 ποτ’
824 1016 932 1075 ἦρεν
965 1017 1195 1075 ἀργυροῦν
1227 1018 1276 1061 ἐν
1307 1024 1367 1076 τῷ
1401 1020 1553 1077 σκότῳ.

533 1092 582 1132 Β.
627 1091 756 1133 δῖνον
788 1088 860 1132 καὶ
893 1090 1059 1144 δεινόν,
1093 1086 1127 1131 ὦ
1159 1091 1272 1132 θεοί.

364 1177 594 1216 Athenaeus
636 1179 707 1225 11,
746 1178 864 1216 4670
910 1172 1132 1228 Ἀρχέδικος
1175 1174 1218 1215 ἐν
1261 1176 1578 1230 Διαμαρτάνοντι
1628 1177 1820 1231 παράγων

245 1235 436 1288 οἰκέτην
467 1235 573 1276 τινὰ
603 1235 712 1288 περὶ
742 1235 994 1288 ἑταιρίδων
1026 1235 1371 1289 διαλεγόμενόν
1403 1247 1503 1288 φησι
1533 1239 1610 1276 κτλ.
1672 1238 1819 1277 Eusta-

243 1298 354 1335 thius
385 1311 421 1347 p.
457 1299 584 1347 1207,
620 1299 671 1335 11
706 1296 898 1349 γράφεται
929 1294 1003 1349 γὰρ
1037 1293 1077 1345 (ὅ
1103 1291 1233 1348 δῐνος)
1265 1294 1312 1335 τὰ
1342 1296 1462 1335 πλείω
1494 1295 1560 1336 διὰ
1593 1297 1820 1351 διφθόγγου

244 1351 427 1411 (δεῖνος).
488 1362 556 1408 τῆς
601 1353 643 1395 δὲ
685 1355 868 1407 τοιαύτης
910 1361 1068 1408 γραφῆς
1110 1355 1319 1408 τεκμήριον
1357 1355 1456 1396 τόδε.
1519 1354 1639 1410 λέγει,
1683 1357 1820 1408 φασίν,

241 1413 463 1468 Ἀρχέδικος
501 1415 623 1456 οὕτω·
667 1415 943 1468 Νικοστράτην
979 1438 1029 1442 -
1065 1414 1200 1470 σκότῳ.
1261 1414 1360 1467 πρὸς
1402 1415 1495 1468 ὅπερ
1527 1415 1821 1468 ἕρωτηματικῶς

244 1475 367 1515 εἰπών
398 1490 468 1526 τις,
500 1475 633 1523 δῖνον;
667 1474 814 1528 ἐπάγει,
847 1474 993 1525 δεινόν,
1019 1470 1049 1514 ὦ
1075 1475 1176 1514 θεοί.
1225 1473 1291 1514 καὶ
1318 1474 1384 1514 διὰ
1410 1473 1482 1526 μὲν
1513 1481 1584 1516 τοῦ
1610 1477 1819 1528 σκοτοδίνη

243 1534 474 1586 ἐμφαίνεται
499 1533 524 1586 ἡ
553 1534 618 1574 διὰ
642 1540 713 1575 τοῦ
740 1546 754 1573 ῖ
777 1534 934 1588 γραφή,
966 1533 1032 1573 διὰ
1058 1532 1100 1573 δὲ
1125 1539 1196 1574 τοῦ
1223 1533 1369 1585 δεινόν,
1401 1530 1431 1573 ὦ
1457 1536 1562 1587 1θεοί,
1593 1535 1821 1576 ὑπονοεῖται

243 1592 269 1646 ἡ
298 1595 532 1648 δίφθογγος.
596 1597 632 1634 2.
666 1594 920 1645 σκοτοδεινην
939 1594 988 1633 Α.
1039 1594 1272 1645 σκοτοδίνην
1298 1595 1413 1634 Eust.
1478 1597 1514 1635 3.
1547 1595 1660 1635 δῖνόν
1685 1595 1818 1646 Eust.]

244 1654 376 1694 δεῖνόν
402 1656 449 1694 A.
500 1649 612 1707 ἧιρεν
643 1655 691 1694 A.
734 1650 880 1707 ‘fimum’
915 1654 1119 1693 Herwerd.
1144 1655 1245 1694 Nov.
1272 1655 1361 1693 add.
1393 1655 1479 1694 crit.
1512 1657 1581 1694 45.
1631 1657 1680 1695 cf.
1701 1656 1818 1695 Mein.
1866 1660 1869 1663 *

243 1716 360 1754 Anal.
386 1715 481 1754 Ath.
511 1716 608 1754 215.
671 1717 710 1754 4.
742 1714 876 1754 δεινον
907 1712 973 1753 καὶ
1005 1714 1138 1753 δεινον
1164 1714 1212 1753 A.
1263 1713 1396 1753 δεῖνον
1428 1713 1562 1754 δεινόν
1594 1714 1635 1754 C.
1686 1714 1819 1754 δεινόν

241 1789 284 1827 γε
322 1775 455 1813 δεῖνον
492 1775 610 1814 Mein.
674 1775 803 1813 solum
842 1773 970 1824 δῖνος,
1013 1788 1093 1814 non
1130 1773 1281 1824 δεῖνος,
1321 1777 1428 1813 recte
1467 1775 1647 1814 admittit
1684 1774 1818 1815 Cobet.

241 1835 289 1872 V.
320 1829 365 1872 1.2
398 1836 466 1874 90.
515 1835 564 1873 of.
585 1834 767 1873 Strattid.
802 1835 870 1874 34.
931 1835 975 1872 Β.
1009 1834 1140 1882 δῖνον;
1164 1864 1317 1874 .....
1341 1833 1490 1884 δεινόν,
1531 1828 1563 1872 ὦ
1594 1834 1688 1874 θεοί
1714 1835 1817 1874 Her-

241 1894 361 1934 werd.
409 1915 457 1920 -
509 1897 546 1933 1.
577 1891 729 1947 ἤγαγον
761 1895 814 1933 ad
844 1895 1043 1933 dominum
1075 1895 1180 1933 duxi.
1252 1895 1290 1932 2.
1321 1893 1570 1945 Σκοτοδίνην
1600 1895 1666 1935 vel
1696 1908 1818 1945 prop-

241 1957 353 1993 terea
385 1954 640 1994 scribendum
673 1957 743 2003 est,
777 1953 872 2004 quia
897 1967 942 1993 eo
969 1954 1128 1993 nomine
1158 1953 1281 1992 etiam
1313 1953 1559 2001 σκοτοδινίας
1585 1955 1818 1994 memoriam

240 2014 430 2054 volebant
461 2027 660 2054 revocare.

893 2117 1161 2151 ΘΗΣΑΤΡΟΣ

1019 2191 1045 2231 2

812 2279 990 2329 πρῶτον
1023 2272 1155 2327 ὠμῶν
1186 2271 1402 2327 κειμένων

455 2352 545 2387 τῶν
578 2345 752 2400 ἰχθύων
783 2345 987 2401 πάρεισιν
1020 2343 1067 2386 οἰ
1092 2332 1375 2399 κεκλημένοι·

456 2415 604 2458 εδίδου
634 2416 744 2458 κατὰ
774 2417 946 2471 χειρός.’
993 2414 1179 2466 ετοῦψον
1210 2415 1292 2457 οὐκ
1323 2418 1431 2457 εἴσει
1462 2414 1648 2470 λαβών;’

454 2491 528 2538 τὰς
561 2488 757 2538 λοπάδας
788 2485 958 2537 ἐπιθεὶς
990 2485 1059 2530 ἐπὶ
1090 2487 1140 2529 τὸ
1172 2492 1259 2543 πῦρ
1291 2488 1395 2536 τοὺς
1427 2487 1655 2542 ἄνθρακας

414 2572 433 2601 5
454 2556 605 2616 ἔρραν’
641 2559 772 2617 ἐλαίῳ
805 2560 948 2601 πάντα
979 2556 1053 2602 καὶ
1084 2559 1387 2613 ποιῶφλόγα.

455 2630 503 2673 ἐν
535 2625 569 2688 ᾧ
601 2632 651 2673 τὸ
684 2631 878 2686 λάχανον
911 2630 960 2672 αἵ
986 2645 1032 2672 τε
1063 2636 1153 2672 τῶν
1187 2630 1450 2686 παροψίδων

453 2699 582 2744 πάντ’
618 2703 761 2758 ἄνδρα
794 2702 1054 2758 δριμύτητες
1085 2700 1385 2756 εὐφραίνουσί
1411 2716 1513 2756 μου,

456 2773 603 2829 ἑφθὸν
633 2774 712 2816 τὸν
745 2775 879 2829 ἰχθὺν
912 2768 1174 2828 ἀποδίδωμ’,
1208 2774 1364 2827 ἔχοντα
1396 2774 1501 2822 τοὺς

453 2847 622 2900 χυμοὺς
653 2844 702 2888 ἐν
734 2845 852 2902 αὑτῷ
884 2846 966 2900 τήν
996 2860 1041 2886 τε
1072 2849 1149 2898 τῆς
1180 2844 1320 2899 ἅλμης
1352 2843 1512 2899 ἀκμήν,

393 2927 433 2958 10
454 2917 516 2965 εἰς
546 2916 603 2971 ἣν
635 2916 690 2959 ἂν
722 2915 965 2971 ἐμβάψαιτο
996 2921 1079 2965 πᾶς
1111 2914 1369 2972 ἐλεύθερος“
