2014 3334
208 251 295 294 438
627 259 630 263 ¹
856 251 1118 285 ΑΔΕΣΠΟΤΑ

949 395 1033 438 149

494 478 645 534 ἕτερον
678 475 726 520 δὲ
758 483 869 533 συκῆ
901 476 975 520 καὶ
1007 477 1156 532 δάφνη
1187 475 1260 519 καὶ
1286 479 1492 534 μυρρίνη,

495 548 565 605 ἐφ’
603 545 668 600 οἷς
699 555 949 606 φρονοῦσιν
981 550 1028 592 οἶ
1054 549 1306 604 τρισάθλιοι
1337 548 1456 604 μέγα.

331 637 517 675 Socratic.
541 637 679 709 prist.
701 638 754 675 36
790 632 853 687 (p.
877 637 993 675 635a
1026 630 1244 689 Heicher..)
1327 637 1362 674 1.
1400 633 1465 674 καὶ
1497 649 1610 686 μυρρ.
1647 631 1713 673 καὶ
1744 633 1779 672 δ.

217 700 254 735 2
288 694 386 748 μέγα
416 695 554 747 φρ.οἷ
580 698 656 734 κτλ.
718 695 1049 734 Academicorum
1083 692 1287 747 διαιρέσεις
1318 689 1383 748 (ut
1414 695 1590 744 Epic-rat.
1622 694 1668 732 fr.
1704 688 1778 746 11)

214 755 378 794 inrideri
413 758 548 794 censet
579 755 647 806 qui
678 756 830 805 primus
861 755 959 793 haec
989 755 1112 793 verba
1143 754 1279 794 comici
1311 767 1395 793 esse
1426 754 1529 793 vidit
1554 753 1779 791 Hei-cherus

216 816 350 854 Herm.
382 815 479 853 VIII
509 817 606 854 223.
627 816 664 852 4.
709 819 877 864 possunt
908 816 1042 853 tamen
1073 814 1195 852 etiam
1226 814 1277 852 ad
1308 813 1574 870 Theophrasti
1606 813 1780 851 scholam

213 875 425 925 pertinere.

500 1036 524 1078 ὅ
549 1051 592 1077 τι
623 1038 763 1092 μόνον
793 1035 900 1091 ἡμῖν
931 1031 1076 1092 προῖκ’
1112 1036 1283 1078 ἔδωκαν
1315 1035 1361 1077 οἱ
1387 1036 1499 1089 θεοί,

500 1108 579 1150 τὸν
604 1107 762 1161 ὕπνον,
789 1109 835 1149 τί
855 1113 986 1149 τοῦτο
1012 1103 1247 1157 πολυτελὲς
1272 1111 1418 1164 σαυτῷ
1443 1113 1602 1158 ποιεῐς;

338 1194 579 1233 Plutarchus
600 1195 698 1233 Mor.
728 1195 844 1233 1661)
880 1190 962 1233 ἀλλ’
992 1193 1014 1232 ό
1037 1208 1080 1246 γε
1105 1190 1275 1244 κωμικὸς
1295 1191 1369 1231 οὐκ
1393 1191 1525 1243 ἀηδῶς
1551 1189 1679 1246 είρηκέ
1703 1207 1782 1232 που

217 1252 315 1305 πρὸς
346 1252 438 1300 τοὺς
469 1258 809 1305 καταχρυσοῦντας
834 1252 879 1292 τὰ
904 1253 1073 1292 κλινίδια
1097 1251 1163 1291 καὶ
1187 1257 1528 1326 καταργυροῦντας
1554 1251 1575 1291 ὅ
1599 1266 1634 1291 τι
1659 1250 1784 1303 μόνον

217 1312 371 1351 ἔδωκαν
402 1310 498 1364 ημῖν
531 1313 572 1352 οἱ
598 1311 689 1352 θεοὶ
720 1316 875 1365 προῖκα,
906 1311 974 1352 τὸν
1004 1311 1150 1363 ὕπνον,
1187 1315 1224 1351 τί
1251 1310 1317 1350 καὶ
1347 1314 1461 1351 τοῦτο
1492 1314 1570 1351 κτλ.
1631 1311 1782 1351 emend.

218 1373 337 1411 Mein.
382 1372 647 1412 Hercherus
634 1372 691 1411 ότι
710 1373 927 1412 Plutarcho
953 1372 1180 1422 relinquens
1206 1373 1298 1422 post
1321 1370 1452 1411 ὕπνον
1476 1371 1634 1422 plenius
1659 1371 1783 1410 inter-

215 1432 369 1483 punxit.

897 1523 991 1567 151.
1026 1523 1109 1566 152

502 1603 536 1648 ὦ
569 1607 754 1661 φιλτάτη
790 1608 931 1662 κλίνη.

502 1676 664 1733 Βακχὶς
693 1679 804 1720 θεόν
835 1674 876 1720 σ’
912 1677 1129 1733 ἐνόμισεν,
1161 1678 1375 1733 εὔδαιμον
1406 1677 1556 1732 λύχνε·

501 1747 575 1791 καὶ
605 1755 695 1791 τῶν
727 1753 847 1791 θεῶν
879 1748 1095 1804 μέγιστος,
1127 1750 1168 1791 εί
1196 1749 1333 1804 ταύτῃ
1367 1749 1522 1798 δοκεῖς.

338 1836 576 1874 Plutarchus
607 1835 707 1874 Mor.
739 1836 853 1874 513f
890 1838 971 1882 τοῖς
1007 1834 1204 1887 ἐρωτικοῖς
1234 1849 1259 1885 η
1291 1834 1449 1885 πλείστη
1489 1833 1666 1886 διατριβὴ
1699 1833 1786 1886 περὶ

217 1895 359 1949 λόγους
389 1894 550 1946 μνήμην
586 1893 673 1933 τινὰ
703 1900 780 1933 τῶν
812 1892 1018 1947 ἐρωμένων
1050 1893 1325 1944 ἀναδιδόντας,
1357 1893 1403 1933 οἴ
1423 1909 1466 1946 γε
1496 1909 1572 1932 καν
1603 1892 1655 1944 μὴ
1687 1892 1786 1946 πρὸς

218 1953 481 2007 ἀνθρώπους,
517 1952 616 2005 πρὸς
646 1951 783 2005 αψυχα
820 1952 908 2006 περὶ
945 1952 1076 1993 αὐτῶν
1114 1951 1376 2006 διαλέγονται·
1409 1954 1439 1992 ὠ
1472 1975 1527 1980 -—
1559 1953 1690 2004 κλίνη·
1720 1951 1787 1992 καὶ

218 2012 362 2066 Βακχὶς
392 2017 468 2053 κτλ.
551 2015 587 2053 3.
620 2012 668 2052 σὺ
707 2019 784 2052 τῶν
822 2015 885 2053 vel
921 2009 957 2052 κ’
971 2009 1007 2053 εἶ
1041 2008 1152 2067 (κεῖ)
1190 2018 1268 2052 τῶν
1305 2013 1439 2052 Reisk.
1471 2010 1646 2065 μέγιστος
1677 2008 1725 2063 εἶ,
1754 2026 1786 2052 τ.

220 2074 349 2114 δοκῶν
381 2074 497 2112 Mein.
531 2087 562 2112 τ.
583 2073 714 2112 δοκεῖν
732 2073 913 2113 Boisson.
932 2073 1079 2112 Anecd.
1101 2073 1136 2110 V
1157 2074 1255 2112 492.
1287 2072 1439 2112 Nauck.
1459 2072 1668 2111 Philol.VI
1687 2074 1785 2111 425.

218 2134 267 2173 H.
300 2133 434 2173 Iacobi
465 2133 502 2170 V
534 2145 753 2172 cccxnvm.
803 2146 903 2183 quae
933 2133 1116 2171 Naberus
1149 2132 1390 2184 excogitavit
1421 2133 1564 2171 Mnem.
1583 2144 1673 2171 nov.
1686 2131 1787 2170 VIII

221 2194 320 2242 435,
353 2205 400 2231 ea
419 2206 465 2232 eo
492 2192 623 2231 minus
650 2192 807 2231 admitti
832 2194 1013 2243 possunt,
1040 2191 1145 2243 quod
1166 2192 1406 2230 Plutarchus
1438 2191 1485 2230 de
1517 2192 1618 2230 laeta
1649 2203 1786 2229 aman-

220 2253 322 2291 tium
353 2252 627 2291 recordatione
659 2252 756 2303 agit.
817 2253 986 2291 fortasse
1025 2264 1153 2290 sermo
1188 2251 1381 2301 abruptus
1413 2252 1485 2300 est,
1515 2250 1574 2288 ita
1605 2251 1687 2289 fere
1720 2263 1786 2288 ex—

219 2313 386 2362 plendus
424 2303 507 2366 κᾷτ’
550 2308 607 2350 ὢν
643 2314 753 2350 θεῶν
790 2308 984 2364 μέγιστος,
1017 2309 1052 2349 εἰ
1079 2324 1109 2349 τ.
1137 2310 1170 2348 δ.
1209 2305 1262 2363 (si
1299 2309 1490 2348 Bacchidi
1526 2303 1694 2363 placet),
1731 2307 1785 2360 μὴ

218 2376 429 2423 προσκυνῶ
463 2381 523 2418 σε;
562 2371 818 2409 anacoluthia
848 2370 1182 2421 frequentissima.
1214 2389 1271 2395 —
1302 2369 1472 2408 fortasse
1504 2369 1555 2407 ad
1580 2368 1788 2407 Menandri

221 2429 293 2478 Δὶς
325 2429 575 2478 ἐξαπατῶντα
605 2430 703 2469 haec
733 2430 997 2480 pertinebant.

962 2568 1044 2611 153
1206 2623 1211 2627 .

504 2653 557 2695 τὰ
590 2650 632 2694 δ’
657 2648 822 2708 Ἴσθμι’
858 2651 1107 2707 ἀποδοίμην
1138 2649 1363 2705 ἂνὴδέως
1394 2649 1514 2692 ὅσου

505 2724 527 2766 ὁ
561 2731 650 2766 τῶν
683 2726 870 2766 σελίνων
901 2721 1119 2779 στέφανός
1150 2721 1269 2764 ἐστιν
1301 2722 1444 2772 ὤνιος.

340 2810 578 2849 Plutarchus
598 2811 695 2849 Mor.
718 2812 830 2850 6760
862 2808 926 2848 καὶ
945 2814 1059 2849 τοῦτο
1079 2807 1157 2847 ἔστι
1185 2805 1255 2858 μὲν
1276 2806 1318 2846 ἐν
1338 2808 1389 2862 τῇ
1409 2807 1596 2863 κωμῳδίᾳ
1620 2809 1786 2858 φιλαρ-

222 2868 372 2920 γύρου
404 2868 510 2916 τινὸς
541 2868 709 2908 ἀκοῦσαι
740 2867 918 2922 λέγοντος
949 2870 1025 2908 κτλ.
1086 2867 1249 2906 σελίνων
1275 2868 1381 2906 enim
1406 2880 1549 2907 corona
1572 2866 1788 2905 Isthmiaca

222 2932 319 2968 erat.
380 2929 531 2979 Diphil.
567 2931 634 2978 32,
668 2931 734 2968 33.
784 2929 1000 2968 Menandro
1033 2927 1236 2969 tribuebat
1266 2927 1384 2966 Mein.
1416 2926 1576 2973 Quaest.
1595 2925 1695 2964 Men.
1719 2927 1786 2964 52.
