2014 3334
633 225 988 263 ΠΟΣΕΙΔΙΠΠΟΤ
1037 226 1104 261 AN
1104 225 1344 260 ΑΒΛΕΠΩΝ
1701 222 1789 267 335

200 342 288 383 crit.
308 342 328 381 Ι
352 344 435 383 718
469 337 698 381 ‘dicendum
729 341 818 379 erat
847 334 1079 391 λήψεσθαι’.
1145 341 1182 379 9.
1213 336 1331 392 λέγω]
1364 335 1465 390 λέγει
1495 338 1649 378 Nauck.
1681 336 1787 391 ἔλεγε

204 401 656 442 Mein.St0b.11111.v1.
722 403 789 439 11.
810 395 846 439 δ’
871 400 960 439 add.
981 399 1165 440 Damaso.
1229 401 1295 439 12.
1322 396 1510 449 πολλούς]
1533 397 1718 450 χωλούς
1738 398 1787 438 Κ.

204 465 272 503 17.
290 460 427 516 λόγον]
445 459 661 515 ῥύπονΚ.
720 461 785 499 18.
807 453 956 511 ἦλθον]
972 457 1122 499 ἔλαθον
1137 458 1472 499 Herwerd.Ana1.
1487 458 1574 498 eriis.
1591 460 1659 498 43.
1719 460 1786 499 19

200 521 242 562 εἴ
264 536 300 562 τι
331 518 368 562 δ’
403 521 557 573 αἰτοίην
589 520 726 561 Cobet.
746 520 795 559 N.
816 520 841 559 l.
866 517 967 570 126]
1002 519 1038 559 εἰ
1069 517 1112 558 δέ
1136 515 1168 558 τ’
1199 518 1382 570 αἰτοίμην
1404 517 1528 558 τάλαν
1554 517 1649 558 αἰτῶ
1680 532 1716 558 τι
1737 520 1785 559 A.

200 581 242 622 εἴ
264 597 299 622 τι
325 578 363 622 δ’
393 581 576 633 αἰτοίμην
602 575 825 621 Grotius.
829 578 951 619 αἰτεῖν
981 580 1015 619 si
1048 579 1145 631 quid
1171 579 1282 618 aliud
1306 579 1581 618 meretricium
1607 580 1680 629 est,
1706 593 1786 619 non

200 641 407 682 αἰτεῖσθαι.
458 641 644 682 Menand.
669 643 767 691 217,
795 635 849 680 3'.
882 639 1019 680 Cobess.
1075 653 1123 679 ex
1148 639 1186 679 A
1216 638 1354 690 τάλαν,
1386 636 1572 687 ἐπαιτεῖς;
1605 634 1672 678 εἶτ’
1708 637 1786 691 ἔφη

199 703 316 742 Mein.
350 702 460 742 Stob.
492 702 576 741 ΙΠΙ
606 714 688 742 LVI.
727 696 770 740 ‘o
802 701 914 745 bona,
946 701 1082 750 stipem
1106 695 1258 750 petis?
1299 699 1492 739 amatoris
1523 699 1647 739 verba
1678 701 1785 739 sunt.

322 765 359 802 2.
391 762 630 814 Harpocrat.
654 762 750 812 132,
772 762 796 800 6
829 757 1025 812 Πολέμων
1057 758 1100 799 έν
1131 762 1212 807 τοῖς
1243 757 1344 812 Περὶ
1376 757 1627 812 ἀκροπόλεως
1657 773 1785 812 παρα-

200 822 350 862 τίθεται
373 821 567 874 ψήφισμα
591 817 688 861 καθ’
717 817 739 860 ὃ
771 818 1002 872 ἀπείρητο
1017 816 1240 872 Ἀθήνησιν
1267 816 1419 871 ὄνομα
1443 819 1786 872 πεντετηρίδος

200 883 427 923 τίθεσθαι
470 881 618 938 δούλῃ
661 878 688 933 ἢ
728 877 1032 935 ἀπελευθέρα
1075 877 1103 932 ἢ
1139 879 1292 935 πόρνῃ
1336 877 1363 931 ἢ
1406 877 1672 932 αὐλητρίδι.
1735 881 1783 919 cf.

201 943 349 984 Athen.
383 945 451 996 13,
484 943 612 983 5870.
673 943 1042 981 commemorantur
1079 942 1216 980 tamen
1253 942 1295 980 et
1324 940 1495 979 Nemeas
1526 942 1568 979 613
1597 941 1787 980 Isthmias

200 1003 441 1043 mereizrices.
487 1002 633 1042 Athen.
650 1003 717 1054 13,
733 1001 847 1041 593f
869 1003 910 1052 et
938 1002 1065 1041 5870.
1109 1003 1321 1051 praeterea
1346 1000 1396 1040 cf.
1415 999 1562 1039 Athen.
1581 1001 1648 1051 13,
1663 1002 1718 1040 57
1726 1001 1786 1039 ld

200 1066 366 1104 καλοῦσι
396 1093 407 1103 .
438 1093 448 1102 .
479 1092 490 1102 .
521 1061 563 1102 τὸ
595 1059 660 1102 ἐπὶ
690 1033 922 1109 συνουσίαὶς
950 1063 1189 1113 μισθαρνεῖν
1221 1058 1399 1113 ἑταιρεῖν.
1463 1061 1501 1100 3.
1534 1057 1655 1100 οὐδὲν
1685 1059 1784 1121 πρὸς

201 1121 268 1175 ε’μέ
308 1119 401 1164 non
440 1124 614 1164 convenit
651 1117 760 1162 mihi'
803 1120 861 1170 (es
891 1123 943 1161 ist
970 1122 1094 1161 niclzts
1133 1123 1202 1170 fiir
1232 1122 1351 1166 mich,
1385 1123 1503 1169 passt
1531 1123 1610 1160 mir
1650 1122 1787 1169 nicht).

136 1218 139 1220 .
200 1184 342 1224 Maoho
360 1183 509 1224 Athen.
529 1183 644 1223 5810
674 1181 1054 1229 καταλελυκυίας
1084 1186 1154 1233 τῆς
1173 1180 1426 1220 Γναθαινίου
1453 1178 1593 1232 σχεδὸν
1619 1176 1626 1233 Ι
1654 1178 1784 1220 οὐκέτι
1839 1231 1842 1234 ⁴

200 1240 244 1283 θ’
274 1242 441 1297 ἑταιρεῖν
465 1241 819 1294 ὑπομενούσης.
868 1242 1078 1283 Demosth.
1100 1243 1167 1291 33,
1187 1243 1214 1281 4
1235 1239 1278 1280 τὸ
1297 1243 1410 1280 πλεῖν
1429 1237 1681 1280 καταλέλυκα.
1747 1244 1784 1282 7.

201 1303 377 1357 δωρεάν,
416 1306 498 1345 eine
528 1298 718 1342 Pensm:
768 1316 806 1342 v.
842 1304 896 1342 10
928 1301 1082 1354 δωρεάν
1121 1301 1229 1341 idem
1264 1304 1326 1341 est
1357 1301 1465 1352 quod
1494 1303 1652 1353 προῖκα.
1718 1303 1784 1341 15.

201 1364 344 1415 Polyb.
379 1367 423 1416 1,
456 1365 530 1415 14,
564 1366 588 1403 6
635 1360 674 1411 ἐξ
719 1361 890 1414 ἱστορίας
933 1359 1282 1414 ἀναιρεθείσης
1331 1366 1414 1414 τῆς
1462 1358 1700 1412 ἀληθείας
1741 1360 1784 1400 τὸ

199 1423 533 1477 καταλειπόμενον
558 1421 682 1475 αὐτῆς
706 1418 956 1473 ἀνωφελὲς
986 1421 1132 1475 γίνεται
1166 1420 1389 1475 διήγημα.
1434 1417 1566 1460 ‘miles
1591 1422 1785 1461 narrabat

201 1487 361 1524 tantum
399 1485 516 1524 modo
556 1485 655 1535 quot
691 1483 873 1523 homines
895 1482 1199 1534 ,interfecisset‚
1236 1482 1415 1522 medicus
1452 1495 1495 1520 re
1527 1494 1624 1522 vera
1660 1482 1783 1522 inter-

202 1541 390 1585 ficiebat'.
455 1546 522 1585 18.
552 1537 774 1596 προῦπτον,
805 1543 830 1581 i.
857 1555 890 1582 e.
922 1540 1230 1594 ἀναμφίλεκτον,
1262 1539 1596 1596 ὁμολογούμενον.

972 1660 1000 1703 5

318 1749 553 1789 Abhenaeus
587 1750 626 1800 8,
659 1749 774 1788 3450
815 1747 1050 1799 Φοινικίδης
1087 1744 1130 1787 δὲ
1167 1745 1282 1795 τους
1320 1746 1460 1800 ἰχθῦς
1497 1746 1784 1802 παρατιθεὶς

199 1812 299 1858 τοῖς
328 1808 409 1857 τὰς
441 1806 700 1865 συμβολὰς
716 1806 948 1847 δεδωκόσι
986 1806 1070 1858 τὴν
1108 1804 1191 1859 μὲν
1221 1807 1475 1847 θάλασσαν
1512 1806 1644 1862 ε’λεγε
1680 1824 1784 1849 κοι-

199 1867 290 1921 νὴν
322 1864 466 1921 εἶναι,
496 1867 608 1916 τοὺς
639 1865 677 1907 δ’
712 1866 761 1907 έν
793 1866 910 1922 αυτῇ
943 1867 1086 1919 ἰχθῦς
1116 1873 1208 1907 τῶν
1240 1865 1575 1919 ὠνησαμένων.
1625 1869 1659 1908 si
1685 1870 1784 1910 haec

198 1932 248 1969 1113
278 1930 466 1971 viden‘nur
496 1929 547 1968 ad
578 1929 773 1968 comicum
810 1928 1031 1979 pertinent,
1070 1930 1192 1978 poeta
1230 1941 1402 1979 coquum
1442 1929 1538 1968 fecit
1575 1929 1644 1980 qui
1675 1943 1782 1981 sym-

200 1991 314 2030 bolas
333 2003 413 2029 non
437 1989 642 2028 dedissent
660 1988 843 2029 convivio
866 1988 1155 2027 excludentem.
1214 1983 1328 2035 ‘vobs
1354 1988 1486 2040 ἰχθῦς,
1512 1987 1602 2041 ἔφη,
1631 1985 1636 2043 Ι
1663 1988 1783 2042 παρέ-

199 2053 310 2102 θηκα
340 2053 421 2097 τοῖς
439 2047 508 2097 τὰς
527 2047 728 2101 συμβολὰς
759 2046 994 2088 δεδωκόσιν·
1022 2047 1028 2095 1
1055 2045 1171 2098 κοινὴ
1203 2046 1278 2101 γὰρ
1297 2045 1322 2099 ἡ
1344 2047 1521 2088 θάλαττα
1542 2045 1635 2101 (μὲν
1660 2056 1783 2090 πᾶσιν

200 2105 389 2164 βροτοῖς),
417 2107 424 2163 Ι
451 2109 494 2149 οἵ
521 2105 557 2148 δ’
595 2108 731 2162 ἰχθύες
762 2106 920 2160 μόνοισι
951 2111 1032 2155 τοῖς
1064 2105 1319 2159 ὠνουμένοις.

687 2298 740 2347 Π
755 2297 799 2348 Ο
814 2298 856 2347 Σ
869 2298 914 2347 Ε
930 2298 956 2347 Ι
967 2301 1011 2347 Δ
1023 2297 1050 2347 Ι
1063 2298 1116 2347 Π
1129 2298 1182 2347 Π
1197 2297 1241 2347 Ο
1259 2298 1301 2346 Σ

791 2396 961 2435 Meinek.
988 2395 1009 2434 I
1036 2396 1120 2434 482
1137 2408 1195 2446 sq.

835 2475 1150 2510 ANABAEIISAEN'

320 2550 423 2590 Plat.
455 2550 624 2591 Phaedr.
659 2552 779 2591 243b
811 2546 1092 2606 (Στησίχορος)
1123 2549 1292 2602 ποιήσας
1328 2583 1336 2590 .
1377 2582 1385 2590 .
1421 2549 1493 2602 τὴν
1530 2549 1781 2603 καλουμένην

200 2610 446 2667 παλινῳδίαν
476 2616 713 2664 παραχρῆμα
743 2609 1023 2664 ἀνέβλεψεν.
1074 2612 1122 2650 cf.
1156 2611 1280 2650 Arist.
1312 2611 1418 2651 Plut.
1448 2613 1516 2651 95.
1554 2614 1650 2652 117.
1686 2614 1780 2651 126.

201 2673 299 2711 866.
349 2671 539 2710 Herodot.
574 2673 611 2722 2,
644 2674 741 2712 111.

980 2795 1000 2832 1

416 2859 500 2915 ἐγὼ
532 2859 745 2917 μάγειρον
777 2861 1019 2917 λαμβάνων
1051 2860 1217 2916 ἀκήκοα

414 2932 467 2974 τὰ
498 2938 588 2974 τῶν
617 2933 842 2989 μαγείρων
871 2933 1014 2976 πάντα
1046 2930 1151 2976 καθ’
1188 2931 1375 2975 ἑκάστου
1405 2932 1529 2976 κακά.
