2014 3334
1000 298 1085 340 877

673 377 881 436 ἐκάθηντ’
917 378 987 424 ἐπὶ
1020 381 1186 438 δίφρου
1218 382 1360 438 μήτηρ
1392 397 1438 424 τε
1469 380 1542 424 καὶ

537 451 774 510 παρθένος.

1926 0 1964 27 W

249 189 336 231 232
586 226 589 230 ,
892 188 1191 223 ΜΕΝΑΝΔΡΟΤ
1966 0 2014 259 Ἰ

2004 327 2014 471 ἒ

2007 488 2014 510 ι

373 541 548 592 Etymol.
574 554 625 581 m.
660 542 757 591 279,
791 542 845 580 37
883 540 1039 592 δίφρος,
1070 540 1217 592 κυρίως
1247 539 1290 580 τὸ
1321 539 1428 594 ἅρμα
1459 571 1469 580 .
1502 573 1509 580 .
1543 572 1552 581 .
1584 538 1730 594 λέγεται
1762 538 1829 580 καὶ

253 599 317 640 ἐπὶ
347 605 417 653 τῆς
447 597 648 652 καθέδρας
679 630 688 639 .
721 630 730 639 .
763 633 770 639 .
805 598 1049 654 Μένανδρος
1079 603 1156 640 κτλ.

998 718 1083 760 878

921 800 1003 843 οὐκ
1034 802 1154 844 ἔστιν
1186 801 1287 843 οὔτε
1320 801 1527 857 διάβολος

540 879 679 931 γραῦς
710 874 844 917 ἔνδον

375 962 532 1013 Syrian.
552 961 677 1000 Walz.
697 962 814 1000 Rhess.
845 961 929 999 IIII
963 963 1030 1010 98,
1064 963 1088 1000 2
1135 959 1264 999 διττὸν
1294 958 1336 999 τὸ
1367 965 1435 1012 τῆς
1467 960 1656 1013 διαβολῆς
1694 957 1833 1012 ὄνομα.

253 1021 320 1062 ἐπί
347 1037 385 1061 τε
416 1020 490 1075 γὰρ
521 1026 591 1073 τῆς
624 1021 813 1073 διαβολῆς
832 1019 955 1072 αὐτῆς
974 1020 1158 1072 τάττεται,
1189 1018 1242 1067 ὡς
1273 1018 1379 1074 παρὰ
1399 1019 1630 1077 Μενάνδρῳ
1658 1023 1735 1060 κτλ.
1768 1018 1835 1059 καὶ

255 1080 316 1121 ἐπὶ
349 1087 419 1133 τῆς
449 1081 695 1134 κατηγορίας.

1006 1161 1091 1203 879

1046 1244 1156 1287 ἀλλὰ
1187 1242 1259 1287 καὶ
1291 1244 1541 1300 χαμαιτύπη

543 1307 677 1362 κρίζει
707 1320 785 1356 τις.

379 1393 566 1432 Eustath.
599 1393 725 1444 1350,
753 1395 803 1432 13
838 1392 997 1446 κρίζειν,
1030 1387 1078 1431 οὗ
1110 1389 1135 1443 ἡ
1168 1397 1304 1444 χρῆσις
1333 1390 1441 1443 παρὰ
1472 1391 1719 1447 Μενάνδρῳ,
1751 1386 1840 1431 οἷον

259 1456 337 1493 κτλ.
400 1451 422 1491 ὅ
465 1450 543 1492 ἐστι
585 1451 704 1491 ποιόν
748 1466 835 1491 τινα
879 1446 977 1504 ἦχον
1022 1450 1210 1491 ἀποτελεῖ.
1273 1452 1405 1491 Schol.
1443 1451 1566 1491 Arist.
1606 1451 1680 1491 Av.
1725 1452 1837 1491 1258

259 1511 497 1565 χαμαιτύποι
535 1507 622 1565 (-αι
658 1506 798 1566 Mein.)
842 1512 887 1551 αἱ
925 1510 1070 1563 πόρναι
1115 1510 1222 1563 παρὰ
1273 1510 1504 1566 Μενάνδρῳ
1557 1508 1696 1566 πρῴην
1741 1508 1840 1563 ἄρας

259 1571 442 1620 ἐπάταξα.
493 1571 538 1610 αἱ
564 1571 710 1624 πόρναι
741 1585 817 1611 om.
849 1572 895 1610 R.
927 1567 1086 1627 πρῴην]
1107 1569 1219 1626 ”Ήρῳ
1253 1571 1370 1610 Mein.
1422 1568 1521 1622 ἄρας
1545 1569 1696 1621 Bentl.]
1730 1567 1839 1622 ἅρης.

261 1630 360 1685 ἄρας
393 1630 564 1679 ἐπάταξα
596 1634 691 1671 sunt
709 1631 993 1682 Aristophanis
1014 1632 1084 1682 Eq.
1111 1633 1237 1682 1130,
1270 1633 1404 1670 cetera
1435 1631 1581 1669 mirum
1606 1631 1649 1669 in
1678 1631 1841 1670 modum

261 1692 519 1743 perturbata,
566 1692 635 1731 sed
679 1704 780 1742 quae
825 1692 876 1730 ad
916 1692 1023 1730 idem
1065 1692 1337 1742 fragmentum
1376 1691 1578 1741 pertinere
1618 1691 1842 1730 videantur.

263 1765 366 1803 quae
414 1752 591 1792 servavit
630 1751 869 1791 Eustathius
914 1751 1036 1791 etiam
1080 1751 1309 1791 tetrametri
1346 1751 1471 1791 troch.
1521 1750 1714 1802 reliquiae
1755 1762 1840 1790 esse

262 1814 444 1863 possunt.
1721 1813 1724 1818 “

1010 1892 1098 1935 880

1123 1970 1242 2020 τηρῶ
1273 1964 1353 2006 τὸν
1385 1964 1475 2006 Δία

550 2023 690 2067 ὕοντα
720 2027 883 2082 πολλῷ.

386 2112 542 2151 Nonius
579 2111 701 2151 Maro.
734 2113 760 2150 4
792 2126 830 2162 p.
864 2112 948 2151 387
990 2111 1152 2151 Mereor.
1186 2105 1244 2164 (p.
1276 2111 1362 2150 448
1396 2104 1643 2164 Quicherat.)
1675 2122 1842 2159 servare,

268 2174 424 2212 sollicite
461 2175 496 2211 et
531 2173 740 2220 suspiciose
783 2173 986 2211 observare
1026 2201 1036 2210 .
1074 2201 1084 2210 .
1121 2200 1130 2209 .
1170 2171 1281 2219 Very.
1318 2172 1360 2209 in
1393 2169 1530 2220 Geory.
1563 2171 1626 2209 lib.
1657 2170 1689 2208 I
1715 2165 1843 2222 (335)

270 2233 389 2281 quod
425 2234 655 2281 superest,
694 2232 814 2270 caeli
844 2243 1021 2270 menses
1053 2234 1093 2269 et
1129 2231 1290 2270 sidera
1321 2242 1476 2274 serva,
1515 2230 1616 2285 quod
1647 2232 1702 2268 est
1731 2230 1845 2267 Men-

270 2293 388 2332 andri
406 2293 483 2330 κτλ.
533 2305 602 2330 τον
622 2290 920 2342 διατοντατιοχω
940 2290 1052 2329 Harl.
1095 2303 1165 2329 τον
1197 2289 1263 2328 δια
1288 2302 1357 2328 τον
1381 2302 1428 2328 τα
1446 2302 1555 2341 ποχω
1574 2288 1703 2328 Paris.
1731 2289 1843 2328 7667

271 2345 542 2403 (praestant.)
604 2363 672 2390 τον
710 2364 1010 2402 αιατοντατιοχω
1051 2350 1135 2389 οοᾶ.
1169 2349 1331 2388 Tornes.
1393 2347 1460 2387 τὸν
1492 2348 1571 2387 Δία
1607 2362 1846 2399 υοντατιοχω

273 2411 379 2450 Gerl.
420 2424 468 2450 ex
503 2410 615 2449 Leid.
652 2412 692 2449 et
731 2410 934 2449 Guelferb.
995 2406 1064 2448 τὸν
1100 2407 1215 2460 ἥλιον
1252 2407 1408 2460 τάποχω
1445 2409 1530 2448 cod.
1568 2408 1717 2448 Victor.
1779 2406 1847 2446 τὸν

274 2470 451 2524 αἰγίοχον
477 2471 599 2509 Turn.
631 2483 679 2509 ex
708 2471 788 2510 vet.
820 2470 935 2510 libro.
985 2468 1110 2508 ὕοντα
1140 2470 1272 2524 πολλῷ
1304 2469 1466 2508 Porson.
1510 2464 1680 2524 ‘chdxcp
1699 2467 1848 2518 Bergk.

1016 2585 1099 2628 881

990 2666 1159 2726 ἡμέραν
1188 2669 1341 2725 τρίτην

563 2738 806 2798 ἐπεκώμασ’
842 2741 961 2797 ἡμῖν.

399 2830 573 2869 Zonaras
615 2831 728 2870 1745
773 2829 905 2882 τρίτην
947 2825 1099 2881 ἡμέραν
1141 2825 1344 2881 λέγουσιν,
1388 2826 1475 2880 οὐχὶ
1517 2826 1645 2879 τρίτης
1688 2823 1850 2878 ἡμέρας,

281 2887 369 2942 οὐχὶ
402 2885 532 2943 (οὐδὲ)
564 2889 670 2943 τρίτη
702 2886 829 2942 ἡμέρα
859 2887 1019 2943 (Tittm.
1049 2887 1155 2944 τρίτῃ
1182 2883 1331 2951 ἡμέρᾳ)
1365 2917 1374 2926 .
1407 2917 1416 2927 .
1449 2917 1458 2926 .
1497 2885 1740 2939 Μένανδρος
1770 2889 1848 2926 κτλ.
