2014 3334
216 245 303 287 364
614 275 617 280 ,
911 245 1134 279 ΣΤΡΑΤΩΝ

219 371 311 396 nam
349 357 481 397 verbis
513 357 614 407 βοῦν
653 354 930 410 εὐρυμέτωπον
970 351 1262 407 interpretatur
1298 357 1472 409 glossam
1502 371 1537 397 v.
1563 359 1641 397 -19.
1683 367 1686 370 ’
1721 360 1788 397 21.

218 430 345 468 neque
377 415 555 462 θυσιάζω
582 416 751 455 verbum
782 418 843 455 est
871 415 1142 455 Homericum.
1191 428 1278 456 oves
1309 429 1427 456 senex
1457 416 1666 456 confundit
1697 429 1788 456 cum

216 478 340 515 malis.
406 477 471 514 30.
506 471 801 515 ‘Homericisne
820 476 1091 515 locutionibus
1117 488 1179 514 me
1204 475 1369 526 perdere
1395 477 1436 514 in
1463 476 1595 515 animo
1622 473 1787 516 habes?

218 538 284 575 33.
317 534 543 589 προαίρεσις
575 539 636 574 est
661 536 787 575 totius
819 535 926 575 vitae
956 535 1060 574 ratio
1093 538 1214 586 atque
1239 536 1482 575 institutum.
1503 534 1673 586 [Iseon]
1704 528 1785 586 1‚9

216 594 283 642 τὰς
310 600 380 634 τοῦ
406 593 553 647 πατρὸς
577 592 821 646 προαιρέσεις
840 592 1113 645 ἀναμνησθεὶς
1139 594 1286 635 οἰκεῖον
1311 593 1377 634 καὶ
1401 593 1522 634 καλὸν
1542 592 1638 642 ἕξεις
1662 595 1789 648 παρά-

218 656 366 707 δειγμα.
399 653 643 705 [Βθωοεὺὶι.]
678 651 804 705 Episfi.
838 656 876 706 3,
911 656 966 694 10
1011 651 1099 693 οὔτε
1142 660 1210 706 τῆς
1253 654 1545 708 μεγαλοψυχίας
1588 652 1676 694 οὔτε
1719 659 1789 707 τῆς

217 712 335 765 ἄλλης
366 711 629 766 προαιρέσεως
654 719 722 766 τῆς
747 712 933 766 ὑμετέρας
958 712 1187 754 ἀκόλουθον
1207 712 1257 754 ἂν
1276 714 1433 766 φανείη.
1462 717 1500 765 3,
1524 715 1575 753 18
1606 712 1789 754 ἀναίδεια

216 773 283 813 καὶ
307 773 533 826 προαίρεσις
558 773 752 826 πονηρίας
778 772 820 812 έν
839 778 884 828 τῇ
903 772 1014 813 πόλει
1037 772 1170 825 ἰσχύει.
1233 776 1301 813 36.
1334 773 1455 813 etiam
1480 773 1605 827 πηγός
1624 774 1790 814 Homeri
1835 792 1838 794 ·

215 835 376 884 linguae
397 834 583 873 alienum.
636 830 821 873 ‘fortasse
854 834 956 872 alius
982 835 1125 883 poetae
1150 834 1281 873 locum
1305 834 1347 872 in
1372 834 1503 873 animo
1535 834 1689 883 habuit,
1721 834 1791 885 qui

216 893 291 932 ἅλα
329 892 478 946 πηγόν,
521 895 720 932 marinam
758 906 902 942 aquam
940 897 1169 944 concretam,
1207 893 1255 933 de
1293 894 1375 933 sale
1413 893 1566 931 marino
1606 889 1788 934 dixerat'.

215 954 332 992 Mein.
396 954 464 992 35.
497 952 748 1004 περιπλοκάς,
779 955 825 991 ut
858 952 1072 1003 Antiphan.
1109 955 1174 1004 74,
1209 955 1245 993 1.
1320 955 1387 992 36.
1419 951 1604 992 λαικάσει.
1636 953 1684 991 cf.
1717 953 1789 992 Ce-

216 1013 414 1062 phisodor.
437 1014 474 1060 3,
502 1014 526 1051 5
553 1007 591 1066 (I
613 1008 730 1066 800).
794 1014 860 1052 38.
893 1010 1120 1052 ἀτάσθαλον
1152 1025 1301 1063 coquus
1334 1025 1467 1051 senem
1498 1012 1594 1051 dicit
1614 1007 1790 1064 'propter
1814 1024 1817 1027 ·

215 1073 315 1111 illud
348 1073 588 1111 obscaenum
619 1074 785 1111 verbum
816 1071 1023 1119 λαικάζειν.
1086 1074 1153 1110 42.
1188 1072 1386 1111 Homerus
1418 1070 1625 1123 μίστυλλόν
1650 1068 1682 1110 τ’
1711 1069 1789 1124 ἄρα

215 1130 342 1170 τᾶλλα.
394 1133 500 1183 quod
537 1145 561 1170 a
598 1145 724 1182 coquo
763 1132 803 1170 in
842 1144 958 1171 suum
996 1128 1113 1170 usum
1154 1132 1398 1185 translatum
1434 1144 1514 1170 non
1551 1132 1789 1183 intellegens

216 1205 333 1230 senex
358 1205 502 1231 nomen
531 1192 830 1237 substantivum
860 1190 903 1230 τὸ
935 1191 1142 1242 μίστυλλον
1174 1191 1253 1230 dici
1285 1193 1412 1242 putat.
1457 1191 1659 1230 simillime
1690 1191 1790 1230 lusii.

216 1252 389 1290 Martial.
425 1255 468 1302 1,
502 1253 568 1291 50.
619 1248 846 1303 ὀβελίσκους
883 1251 1071 1290 dicebant
1106 1250 1245 1290 Amici.
1325 1252 1394 1290 43.
1433 1251 1619 1302 Philetas,
1657 1254 1788 1302 gram—

217 1312 387 1350 maticus
419 1313 460 1350 et
490 1313 611 1361 poessa
643 1310 759 1361 Cous,
793 1310 851 1351 Ol.
877 1312 960 1350 120
992 1311 1152 1351 videtur
1183 1311 1376 1351 floruisse.
1430 1310 1547 1349 Mein.
1580 1311 1600 1349 Ι
1631 1312 1729 1350 427.
1751 1312 1789 1350 8.

217 1372 313 1410 527.
377 1372 445 1410 45.
478 1368 556 1422 ἤδη
590 1372 743 1411 tandem
775 1372 996 1420 aliquando.

701 1549 1310 1608 ΘΕΟΓΝΗΤ-ΟΣ

824 1646 994 1686 Meinek.
1027 1647 1047 1684 I
1080 1648 1176 1687 487.

855 1726 1148 1759 ΚΕΝΤΑΤΡΟΣ

336 1790 478 1829 Suidas
514 1789 753 1843 Θεόγνητος,
791 1788 974 1841 κωμικός.
1024 1795 1102 1829 τῶν
1134 1789 1343 1842 δραμάτων
1376 1787 1499 1828 αὐτοῦ
1532 1787 1610 1828 ἐστι
1644 1789 1789 1835 Φάσμα

215 1847 240 1901 ἢ
277 1849 544 1902 Φιλάργυρος,
586 1848 893 1899 Φιλοδέσποτος,
935 1847 1180 1901 Κένταυρος,
1211 1847 1264 1896 ὥς
1290 1845 1507 1900 Ἀθήναιος
1544 1847 1586 1888 ἐν
1618 1851 1787 1889 Δειπνο-

217 1913 432 1959 σοφισταῑς.
482 1909 599 1948 hodie
632 1910 738 1960 apud
769 1909 1022 1948 Athenaeum
1055 1909 1242 1948 Centauri
1272 1909 1422 1948 mentio
1453 1909 1565 1947 nulla
1597 1911 1667 1948 est.

721 2025 890 2058 ΦΑΣΜΑ
914 2026 949 2058 Η
975 2024 1287 2058 ΦΙΛΑΡΓΤΡΟΣ

335 2088 392 2128 Of.
426 2102 528 2139 quae
573 2089 623 2127 ad
666 2089 912 2128 Philemonis
961 2087 1105 2141 Φάσμα
1145 2088 1427 2128 adnotavimus
1459 2090 1500 2127 ei}
1530 2088 1631 2127 Mus.
1668 2089 1788 2127 Rhen.
1822 2091 1826 2096 '

216 2148 427 2187 XXXXIII
459 2149 514 2187 45
531 2161 587 2199 sq.

995 2217 1013 2257 1

430 2284 653 2344 ἄνθρωπ’,
686 2287 863 2337 ἀπολεῖς
895 2299 965 2342 με·
997 2293 1086 2328 τῶν
1117 2286 1201 2342 γὰρ
1234 2285 1281 2328 ἐκ
1311 2291 1388 2341 τῆς
1419 2288 1619 2341 ποικίλης

430 2365 560 2409 στοᾶς
592 2360 813 2415 λογαρίων
845 2356 1234 2413 ἀναπεπλησμένος
1265 2365 1428 2408 νοσεῖς·

423 2428 678 2487 “ἀλλότριόν
710 2426 806 2472 ἐσθ’
843 2429 866 2472 ὁ
898 2432 1088 2480 πλοῦτος
1120 2428 1359 2487 ἀνθρώπῳ,
1391 2430 1551 2485 πάχνη·

431 2503 567 2557 σοφία
600 2502 636 2544 δ’
678 2502 810 2556 ἴδιον,
842 2501 1127 2557 κρύσταλλος,
1189 2499 1336 2551 οὐδεὶς
1366 2501 1540 2548 πώποτε

389 2585 409 2616 5
429 2573 595 2629 ταύτην
627 2573 777 2628 λαβὼν
809 2570 1023 2615 ἀπώλεσ’.’
1093 2569 1126 2614 ὦ
1157 2572 1290 2622 τάλας
1321 2572 1421 2627 ἐγώ,

430 2644 509 2703 οἴῳ
541 2641 585 2700 μ’
622 2644 645 2687 ὁ
679 2645 849 2700 δαίμων
881 2645 1115 2701 φιλοσόφῳ
1148 2642 1405 2701 συνῴκισεν.

430 2713 675 2773 ἐπαρίστερ’
710 2717 886 2772 ἔμαθες,
920 2711 952 2758 ὦ
984 2714 1164 2771 πονηρέ,
1195 2716 1443 2771 γράμματα·

430 2786 728 2843 ἀνατέτροφέν
760 2798 844 2830 σου
874 2787 953 2830 τὸν
983 2787 1084 2842 βίον
1114 2787 1167 2828 τὰ
1199 2789 1372 2841 βυβλία.

429 2860 878 2919 πεφιλοσοφηκας,]ιῇ
908 2873 954 2901 τε
985 2857 1189 2916 κούρανῷ
1222 2861 1383 2913 λαλῶν,

369 2941 408 2972 10
429 2924 496 2980 οἷς
527 2929 662 2973 οὐδέν
694 2927 814 2974 ἐστιν
846 2927 1043 2986 ἐπιμελὲς
1073 2936 1163 2972 τῶν
1194 2937 1287 2972 σῶν
1319 2931 1475 2985 λόγων.
