2014 3334
748 245 916 279 ΑΔΗΔΑ
942 244 1204 279 ΟΠΟΤΕΡΑΣ
1678 242 1766 286 529

934 378 988 420 67
996 378 1020 420 7

470 460 747 516 βοιωτιάζειν
778 461 953 517 ἔμαθες.

306 547 535 599 Stephanus
567 548 663 599 Byz.
707 547 889 587 Βοιωτία.
934 545 1000 586 καὶ
1030 545 1196 594 Βοιωτὶς
1233 545 1300 587 καὶ
1330 546 1564 587 Βοιωτίδιον
1601 545 1644 586 ἔκ
1674 548 1767 587 Βοι-

185 607 325 656 ωτίδος
357 638 365 647 .
397 637 407 647 .
439 637 448 647 .
479 605 546 646 καὶ
576 605 683 661 ῥῆμα
708 610 786 647 κτλ.
837 621 907 647 cur
931 606 1216 658 Aristophanis
1246 620 1332 647 esse
1359 610 1519 647 censeat
1542 607 1768 646 Meinekius

184 681 264 709 non
296 668 423 709 video.

925 724 1011 767 678

901 804 1000 850 ἀντὶ
1030 805 1195 862 πέρκης
1227 809 1443 864 σκορπίον

305 895 503 936 zenobius
539 897 576 946 1,
610 897 665 935 88
700 878 749 934 et·
771 895 1007 947 Diogenian.
1045 898 1083 946 1,
1117 896 1171 934 76
1205 892 1269 934 ἐπὶ
1299 900 1378 934 τῶν
1409 893 1456 934 τὰ
1487 894 1600 947 χείρω
1633 894 1767 948 αἴρου-

185 952 318 1006 μένων
349 952 436 994 ἀντὶ
466 954 690 1007 βελτιόνων.
740 954 906 1007 Gregor.
939 953 1059 1006 Cypr.
1095 957 1131 1005 1,
1165 956 1234 994 53.

932 1071 1018 1114 679

901 1147 964 1204 εἷς
995 1153 1124 1211 ἀνήρ,
1157 1153 1307 1204 οὐδεὶς
1338 1154 1464 1210 ἀνήρ.

306 1242 503 1282 Zenobius
537 1244 575 1294 3,
613 1243 664 1282 51
702 1244 742 1281 et
772 1241 1009 1293 Diogenian.
1037 1241 1155 1280 Vind.
1189 1243 1227 1292 2,
1259 1243 1314 1280 52
1359 1239 1537 1293 παρόσον
1569 1239 1648 1281 ὑπὸ
1680 1240 1769 1290 ἑνὸς

184 1298 306 1341 οὐδὲν
342 1305 622 1354 κατορθοῦται.
677 1302 817 1341 eadem
854 1301 1010 1341 Suidas.
1059 1301 1303 1341 Eustathius
1337 1303 1436 1353 647,
1471 1304 1522 1342 21
1565 1304 1606 1341 et
1640 1303 1768 1354 1075,

185 1362 240 1402 27
272 1360 372 1401 κατὰ
401 1359 475 1413 τὴν
505 1361 722 1415 παροιμίαν
752 1363 828 1401 κτλ.

887 1493 894 1501 .
930 1454 1018 1497 680

901 1533 1141 1592 ἐκκέκοφθ’
1175 1537 1203 1592 ἡ
1235 1540 1438 1594 μουσική.

303 1625 502 1665 Zenobius
536 1627 581 1673 3,
614 1627 668 1665 99
721 1623 845 1675 φασὶν
886 1623 944 1664 ὅτι
983 1630 1063 1664 τῶν
1103 1627 1284 1664 παλαιῶν
1327 1623 1371 1664 ἐν
1410 1629 1491 1673 τοῖς
1532 1626 1767 1677 συμποσίοις

181 1684 378 1741 φιλολόγῳ
411 1683 564 1736 ζητήσει
600 1683 813 1737 χρωμένων
858 1684 900 1724 οἰ
933 1683 1098 1736 ὕστερον
1133 1683 1200 1732 τὰς
1238 1684 1516 1739 μουσουργοὺς
1548 1684 1614 1725 καὶ
1644 1690 1764 1725 κιθα-

183 1745 354 1797 ριστρίας
384 1743 451 1784 καὶ
481 1741 712 1798 ὄρχηστρίας
752 1742 1023 1798 ἐπεισήγαγον.
1058 1742 1199 1795 [Plut]
1233 1745 1350 1785 Prov.
1386 1749 1423 1796 1,
1456 1747 1511 1785 38
1546 1749 1586 1785 et
1620 1746 1764 1786 Suidas

184 1805 355 1844 addunt:
387 1803 486 1844 ὅθεν
516 1802 590 1855 τὴν
619 1804 878 1855 καινοτομίαν
908 1802 1011 1852 τινὲς
1036 1803 1262 1856 αἰτιώμενοι
1292 1809 1338 1860 τῇ
1367 1805 1559 1861 παροιμίᾳ
1585 1803 1766 1859 ἐχρῶντο.

183 1865 233 1903 cf.
252 1865 432 1915 Apostol.
455 1865 493 1913 6,
514 1866 583 1904 94.
627 1866 701 1904 hoc
727 1864 825 1904 dicit
849 1864 1119 1915 proverbium,
1144 1877 1283 1904 veram
1309 1865 1549 1915 sapientiam
1575 1868 1616 1905 et
1636 1867 1765 1905 artem

185 1924 378 1964 adhibitis
414 1924 467 1963 ad
504 1924 810 1978 delectationem
842 1925 1103 1964 convivarum
1141 1925 1323 1975 psaltriis
1362 1925 1532 1976 aliisque
1564 1926 1603 1964 id
1637 1939 1765 1977 genus

184 1984 420 2023 mulieribus
452 1996 500 2023 ex
531 1984 744 2036 symposiis
777 1985 986 2036 expulsam
1018 1997 1116 2024 esse.
1178 1985 1226 2024 cf.
1256 1984 1359 2024 Plat.
1388 1984 1524 2036 Symp.
1548 1986 1631 2026 176
1665 1988 1764 2026 extr.

880 2138 885 2141 .
936 2101 1020 2143 681

900 2183 1212 2240 εὐγενέστερος
1238 2185 1421 2241 Κόδρου

304 2270 502 2310 Zenobius
533 2272 580 2322 4,
612 2261 672 2310 3.'
700 2271 935 2323 Diogenian.
968 2273 1014 2323 4,
1048 2274 1117 2311 84.
1174 2271 1339 2311 Lucian.
1373 2271 1475 2311 Tim.
1509 2274 1576 2312 23.
1635 2273 1765 2312 Schol.

182 2329 287 2370 Plat.
317 2330 452 2382 Symp.
486 2331 618 2371 208d.

934 2424 1021 2467 682

473 2505 658 2562 ίαλέμου
687 2508 961 2564 ψυχρότερος
1012 2490 1024 2499 ⁴

305 2592 502 2632 Zenobius
521 2594 560 2644 4,
577 2586 649 2633 39.
700 2594 749 2634 cf.
783 2606 886 2644 quae
918 2594 970 2632 ad
1000 2593 1214 2645 Amphidis
1245 2595 1440 2634 Ialemum
1472 2595 1763 2635 adnotavimus.

932 2709 1019 2752 683

472 2792 562 2849 ὄνῳ
592 2806 659 2842 τις
683 2793 805 2847 ἔλεγε
837 2796 999 2848 μῦθον.

275 2894 279 2899 ·
306 2878 504 2917 Zenobius
536 2878 576 2927 5,
602 2880 656 2917 42
696 2875 718 2918 ὅ
755 2876 798 2918 δὲ
834 2877 882 2918 τὰ
919 2874 999 2918 ὦτα
1030 2878 1165 2921 ἐκίνει·
1203 2879 1258 2927 εἰς
1289 2878 1559 2931 ἀναισθησίαν
1590 2886 1709 2920 τινῶν
1735 2877 1761 2932 ἡ

185 2937 377 2989 παροιμία
409 2937 568 2990 εἴρηται.
627 2937 670 2977 τὸ
695 2936 770 2990 γὰρ
802 2939 903 2995 ζῷον
926 2970 934 2978 .
955 2971 964 2978 .
986 2970 994 2978 .
1018 2938 1064 2978 τὰ
1107 2935 1187 2980 ὦτα
1217 2943 1339 2990 κινεῖ,
1383 2938 1506 2979 οἱονεὶ
1547 2939 1636 2992 πρὸ
1679 2945 1763 2981 τοῦ

258 3009 374 3037 Comici
393 3011 505 3044 graeei,
525 3011 571 3037 ed.
591 3011 646 3038 Th.
665 3011 762 3039 Koek.
782 3012 841 3039 111.
1429 3010 1476 3042 34
