<?xml version="1.0" encoding="UTF-8"?>
<!DOCTYPE html PUBLIC "-//W3C//DTD XHTML 1.0 Transitional//EN"
    "http://www.w3.org/TR/xhtml1/DTD/xhtml1-transitional.dtd">
<html xmlns="http://www.w3.org/1999/xhtml" xml:lang="en" lang="en">
 <head>
  <title>
</title>
<meta http-equiv="Content-Type" content="text/html;charset=utf-8" />
  <meta name='ocr-system' content='tesseract 3.04.00' />
  <meta name='ocr-capabilities' content='ocr_page ocr_carea ocr_par ocr_line ocrx_word'/>
</head>
<body>
  <div class='ocr_page' id='page_1' title='image "./comicorumatticor03kockuoft_0753.png"; bbox 0 0 2014 3334; ppageno 0'>
   <div class='ocr_carea' id='block_1_1' title="bbox 0 415 81 1483">
    <p class='ocr_par' dir='ltr' id='par_1_1' title="bbox 0 415 81 1483">
     <span class='ocr_line' id='line_1_1' title="bbox 0 415 81 1483; baseline 0 0"><span class='ocrx_word' id='word_1_1' title='bbox 0 415 81 1483; x_wconf 95' lang='lat' dir='ltr'><strong> </strong></span> 
     </span>
    </p>
   </div>
   <div class='ocr_carea' id='block_1_2' title="bbox 725 242 1786 286">
    <p class='ocr_par' dir='ltr' id='par_1_2' title="bbox 725 242 1786 286">
     <span class='ocr_line' id='line_1_2' title="bbox 725 242 1786 286; baseline 0.005 -5"><span class='ocrx_word' id='word_1_2' title='bbox 725 246 1071 282; x_wconf 79' lang='lat' dir='ltr'>SUPPLEMENTA</span> <span class='ocrx_word' id='word_1_3' title='bbox 1097 246 1206 282; x_wconf 64' lang='lat' dir='ltr'><strong>von,</strong></span> <span class='ocrx_word' id='word_1_4' title='bbox 1232 244 1267 278; x_wconf 93' lang='lat'><strong>11</strong></span> <span class='ocrx_word' id='word_1_5' title='bbox 1700 242 1786 286; x_wconf 84' lang='lat'><strong>733</strong></span> 
     </span>
    </p>
   </div>
   <div class='ocr_carea' id='block_1_3' title="bbox 169 355 1790 2979">
    <p class='ocr_par' dir='ltr' id='par_1_3' title="bbox 210 355 1785 473">
     <span class='ocr_line' id='line_1_3' title="bbox 333 355 1785 412; baseline -0.002 -13"><span class='ocrx_word' id='word_1_6' title='bbox 333 361 402 411; x_wconf 85' lang='lat'><strong>39,</strong></span> <span class='ocrx_word' id='word_1_7' title='bbox 429 361 466 399; x_wconf 84' lang='lat'><strong>2.</strong></span> <span class='ocrx_word' id='word_1_8' title='bbox 498 360 548 399; x_wconf 88' lang='lat' dir='ltr'><strong>cf.</strong></span> <span class='ocrx_word' id='word_1_9' title='bbox 575 360 697 399; x_wconf 84' lang='lat' dir='ltr'><strong>etiam</strong></span> <span class='ocrx_word' id='word_1_10' title='bbox 724 359 897 411; x_wconf 76' lang='lat' dir='ltr'><strong>Hesych.</strong></span> <span class='ocrx_word' id='word_1_11' title='bbox 924 362 1062 412; x_wconf 86' lang='grc' dir='ltr'><strong><em>σχῖνον</em></strong></span> <span class='ocrx_word' id='word_1_12' title='bbox 1088 357 1331 412; x_wconf 79' lang='grc' dir='ltr'><em>διατρώγων·</em></span> <span class='ocrx_word' id='word_1_13' title='bbox 1364 356 1533 398; x_wconf 84' lang='grc' dir='ltr'><strong><em>εἰώθασι</em></strong></span> <span class='ocrx_word' id='word_1_14' title='bbox 1557 355 1630 409; x_wconf 77' lang='grc' dir='ltr'><strong><em>τὴν</em></strong></span> <span class='ocrx_word' id='word_1_15' title='bbox 1650 360 1785 410; x_wconf 86' lang='grc' dir='ltr'><strong><em>σχῖνον</em></strong></span> 
     </span>
     <span class='ocr_line' id='line_1_4' title="bbox 210 415 1784 473; baseline -0.002 -14"><span class='ocrx_word' id='word_1_16' title='bbox 210 418 374 473; x_wconf 75' lang='grc' dir='ltr'><strong><em>τρώγειν</em></strong></span> <span class='ocrx_word' id='word_1_17' title='bbox 411 418 456 459; x_wconf 80' lang='grc' dir='ltr'><strong>οἰ</strong></span> <span class='ocrx_word' id='word_1_18' title='bbox 487 418 820 472; x_wconf 78' lang='grc' dir='ltr'><strong><em>καλλωπιζόμενοι</em></strong></span> <span class='ocrx_word' id='word_1_19' title='bbox 857 417 971 460; x_wconf 76' lang='grc' dir='ltr'><strong><em>ἕνεκα</em></strong></span> <span class='ocrx_word' id='word_1_20' title='bbox 1007 423 1078 459; x_wconf 87' lang='grc' dir='ltr'><strong><em>τοῦ</em></strong></span> <span class='ocrx_word' id='word_1_21' title='bbox 1116 420 1286 459; x_wconf 83' lang='grc' dir='ltr'><strong><em>λευκοῦν</em></strong></span> <span class='ocrx_word' id='word_1_22' title='bbox 1319 417 1412 466; x_wconf 84' lang='grc' dir='ltr'><strong><em>τοὺς</em></strong></span> <span class='ocrx_word' id='word_1_23' title='bbox 1444 415 1620 466; x_wconf 81' lang='grc' dir='ltr'><strong><em>ὀδόντας.</em></strong></span> <span class='ocrx_word' id='word_1_24' title='bbox 1682 417 1784 457; x_wconf 82' lang='lat' dir='ltr'><strong>Plin.</strong></span> 
     </span>
    </p>

    <p class='ocr_par' dir='ltr' id='par_1_4' title="bbox 210 537 1785 639">
     <span class='ocr_line' id='line_1_5' title="bbox 329 537 1785 591; baseline -0.002 -12"><span class='ocrx_word' id='word_1_25' title='bbox 329 540 399 579; x_wconf 90' lang='grc'><strong>42.</strong></span> <span class='ocrx_word' id='word_1_26' title='bbox 437 539 617 579; x_wconf 87' lang='lat' dir='ltr'><strong>fabulam</strong></span> <span class='ocrx_word' id='word_1_27' title='bbox 654 539 817 579; x_wconf 87' lang='lat' dir='ltr'><strong>Admeti</strong></span> <span class='ocrx_word' id='word_1_28' title='bbox 855 541 896 579; x_wconf 91' lang='lat' dir='ltr'><strong>et</strong></span> <span class='ocrx_word' id='word_1_29' title='bbox 926 538 1141 579; x_wconf 85' lang='lat' dir='ltr'><strong>Alcestidis</strong></span> <span class='ocrx_word' id='word_1_30' title='bbox 1179 539 1292 591; x_wconf 84' lang='lat' dir='ltr'><strong>tangi</strong></span> <span class='ocrx_word' id='word_1_31' title='bbox 1331 538 1555 578; x_wconf 78' lang='lat' dir='ltr'><strong>arbitratur</strong></span> <span class='ocrx_word' id='word_1_32' title='bbox 1586 538 1634 578; x_wconf 91' lang='lat' dir='ltr'><strong>H.</strong></span> <span class='ocrx_word' id='word_1_33' title='bbox 1667 537 1785 577; x_wconf 90' lang='lat' dir='ltr'><strong>Weil.</strong></span> 
     </span>
     <span class='ocr_line' id='line_1_6' title="bbox 210 598 711 649; baseline 0 -10"><span class='ocrx_word' id='word_1_34' title='bbox 210 598 305 639; x_wconf 87' lang='lat' dir='ltr'><strong>Rev.</strong></span> <span class='ocrx_word' id='word_1_35' title='bbox 337 598 426 639; x_wconf 84' lang='lat' dir='ltr'><strong>crit.</strong></span> <span class='ocrx_word' id='word_1_36' title='bbox 455 600 581 649; x_wconf 91' lang='lat'>1884,</span> <span class='ocrx_word' id='word_1_37' title='bbox 614 600 711 639; x_wconf 86' lang='lat'><strong>276.</strong></span> 
     </span>
    </p>

    <p class='ocr_par' dir='ltr' id='par_1_5' title="bbox 208 656 1787 831">
     <span class='ocr_line' id='line_1_7' title="bbox 330 656 1785 711; baseline -0.001 -13"><span class='ocrx_word' id='word_1_38' title='bbox 330 659 405 710; x_wconf 88' lang='lat'><strong>44,</strong></span> <span class='ocrx_word' id='word_1_39' title='bbox 432 660 470 698; x_wconf 89' lang='lat'><strong>5.</strong></span> <span class='ocrx_word' id='word_1_40' title='bbox 521 658 725 699; x_wconf 80' lang='lat' dir='ltr'>Plutarch</span> <span class='ocrx_word' id='word_1_41' title='bbox 762 659 862 698; x_wconf 86' lang='lat' dir='ltr'><strong>Mor.</strong></span> <span class='ocrx_word' id='word_1_42' title='bbox 896 659 1015 699; x_wconf 86' lang='lat' dir='ltr'>550b</span> <span class='ocrx_word' id='word_1_43' title='bbox 1059 656 1146 698; x_wconf 77' lang='grc' dir='ltr'><strong><em>ἔνια</em></strong></span> <span class='ocrx_word' id='word_1_44' title='bbox 1184 688 1193 698; x_wconf 96' lang='grc'><strong>.</strong></span> <span class='ocrx_word' id='word_1_45' title='bbox 1320 660 1453 711; x_wconf 79' lang='grc' dir='ltr'><strong><em>γελοῖα</em></strong></span> <span class='ocrx_word' id='word_1_46' title='bbox 1495 663 1575 696; x_wconf 85' lang='grc' dir='ltr'><strong><em>τῶν</em></strong></span> <span class='ocrx_word' id='word_1_47' title='bbox 1616 667 1785 710; x_wconf 87' lang='grc' dir='ltr'><strong><em>προστα-</em></strong></span> 
     </span>
     <span class='ocr_line' id='line_1_8' title="bbox 208 713 1787 772; baseline -0.001 -14"><span class='ocrx_word' id='word_1_48' title='bbox 208 717 387 772; x_wconf 78' lang='grc' dir='ltr'><strong><em>γμάτων·</em></strong></span> <span class='ocrx_word' id='word_1_49' title='bbox 418 713 506 758; x_wconf 81' lang='grc' dir='ltr'><strong><em>οἷον</em></strong></span> <span class='ocrx_word' id='word_1_50' title='bbox 538 716 581 758; x_wconf 80' lang='grc' dir='ltr'><strong>ἐν</strong></span> <span class='ocrx_word' id='word_1_51' title='bbox 606 718 881 771; x_wconf 84' lang='grc' dir='ltr'><strong><em>Λακεδαίμονι</em></strong></span> <span class='ocrx_word' id='word_1_52' title='bbox 905 717 1166 771; x_wconf 83' lang='grc' dir='ltr'><strong><em>κηρύττουσιν</em></strong></span> <span class='ocrx_word' id='word_1_53' title='bbox 1191 717 1234 758; x_wconf 78' lang='grc' dir='ltr'><strong>οἱ</strong></span> <span class='ocrx_word' id='word_1_54' title='bbox 1261 715 1401 770; x_wconf 76' lang='grc' dir='ltr'><strong><em>ἔφοροι</em></strong></span> <span class='ocrx_word' id='word_1_55' title='bbox 1424 715 1632 771; x_wconf 81' lang='grc' dir='ltr'><strong><em>παριόντες</em></strong></span> <span class='ocrx_word' id='word_1_56' title='bbox 1659 715 1787 764; x_wconf 78' lang='grc' dir='ltr'><strong><em>εὐθὺς</em></strong></span> 
     </span>
     <span class='ocr_line' id='line_1_9' title="bbox 209 775 1020 831; baseline -0.001 -13"><span class='ocrx_word' id='word_1_57' title='bbox 209 776 266 826; x_wconf 81' lang='grc' dir='ltr'><strong>εἰς</strong></span> <span class='ocrx_word' id='word_1_58' title='bbox 294 775 368 829; x_wconf 75' lang='grc' dir='ltr'><strong><em>τὴν</em></strong></span> <span class='ocrx_word' id='word_1_59' title='bbox 398 775 524 831; x_wconf 79' lang='grc' dir='ltr'><strong><em>ἀρχὴν</em></strong></span> <span class='ocrx_word' id='word_1_60' title='bbox 557 776 610 831; x_wconf 83' lang='grc' dir='ltr'><strong>μὴ</strong></span> <span class='ocrx_word' id='word_1_61' title='bbox 642 775 800 830; x_wconf 79' lang='grc' dir='ltr'><strong><em>τρέφειν</em></strong></span> <span class='ocrx_word' id='word_1_62' title='bbox 832 777 1020 831; x_wconf 81' lang='grc' dir='ltr'><strong><em>μύστακα.</em></strong></span> 
     </span>
    </p>

    <p class='ocr_par' dir='ltr' id='par_1_6' title="bbox 209 837 1788 1128">
     <span class='ocr_line' id='line_1_10' title="bbox 333 837 1785 888; baseline -0.001 -11"><span class='ocrx_word' id='word_1_63' title='bbox 333 839 388 877; x_wconf 94' lang='grc'><strong>52</strong></span> <span class='ocrx_word' id='word_1_64' title='bbox 416 840 457 877; x_wconf 90' lang='lat' dir='ltr'><strong>et</strong></span> <span class='ocrx_word' id='word_1_65' title='bbox 483 839 538 878; x_wconf 89' lang='lat'><strong>53</strong></span> <span class='ocrx_word' id='word_1_66' title='bbox 566 839 698 877; x_wconf 89' lang='lat' dir='ltr'><strong>locum</strong></span> <span class='ocrx_word' id='word_1_67' title='bbox 724 842 971 880; x_wconf 87' lang='lat' dir='ltr'><strong>commutare</strong></span> <span class='ocrx_word' id='word_1_68' title='bbox 998 838 1208 878; x_wconf 78' lang='lat' dir='ltr'><strong>debebant.</strong></span> <span class='ocrx_word' id='word_1_69' title='bbox 1260 840 1327 888; x_wconf 91' lang='grc'><strong>52,</strong></span> <span class='ocrx_word' id='word_1_70' title='bbox 1350 839 1374 877; x_wconf 97' lang='grc'><strong>2</strong></span> <span class='ocrx_word' id='word_1_71' title='bbox 1395 839 1437 876; x_wconf 87' lang='lat' dir='ltr'><strong>et</strong></span> <span class='ocrx_word' id='word_1_72' title='bbox 1458 838 1571 877; x_wconf 84' lang='lat'><strong>7-9</strong></span> <span class='ocrx_word' id='word_1_73' title='bbox 1600 837 1785 876; x_wconf 85' lang='lat' dir='ltr'><strong>Eustath.</strong></span> 
     </span>
     <span class='ocr_line' id='line_1_11' title="bbox 214 896 1786 947; baseline -0.001 -10"><span class='ocrx_word' id='word_1_74' title='bbox 214 899 340 947; x_wconf 90' lang='lat'>1167,</span> <span class='ocrx_word' id='word_1_75' title='bbox 363 899 418 937; x_wconf 91' lang='grc'><strong>10</strong></span> <span class='ocrx_word' id='word_1_76' title='bbox 445 898 533 937; x_wconf 88' lang='lat' dir='ltr'><strong>add.</strong></span> <span class='ocrx_word' id='word_1_77' title='bbox 562 896 605 937; x_wconf 90' lang='lat' dir='ltr'><strong>O.</strong></span> <span class='ocrx_word' id='word_1_78' title='bbox 626 897 811 938; x_wconf 86' lang='lat' dir='ltr'><strong>Kaehler.</strong></span> <span class='ocrx_word' id='word_1_79' title='bbox 841 898 1122 938; x_wconf 89' lang='lat' dir='ltr'><strong>Wochenschr.</strong></span> <span class='ocrx_word' id='word_1_80' title='bbox 1143 898 1167 938; x_wconf 86' lang='lat' dir='ltr'><strong>f.</strong></span> <span class='ocrx_word' id='word_1_81' title='bbox 1188 897 1242 936; x_wconf 90' lang='lat' dir='ltr'><strong>kl.</strong></span> <span class='ocrx_word' id='word_1_82' title='bbox 1266 898 1366 936; x_wconf 85' lang='lat' dir='ltr'><strong>Phil.</strong></span> <span class='ocrx_word' id='word_1_83' title='bbox 1392 898 1517 944; x_wconf 85' lang='lat'>1885,</span> <span class='ocrx_word' id='word_1_84' title='bbox 1538 898 1635 937; x_wconf 89' lang='lat'><strong>903.</strong></span> <span class='ocrx_word' id='word_1_85' title='bbox 1679 897 1786 936; x_wconf 88' lang='lat' dir='ltr'><strong>idem</strong></span> 
     </span>
     <span class='ocr_line' id='line_1_12' title="bbox 211 955 1786 1008; baseline -0.001 -12"><span class='ocrx_word' id='word_1_86' title='bbox 211 957 261 996; x_wconf 82' lang='lat' dir='ltr'><strong>ad</strong></span> <span class='ocrx_word' id='word_1_87' title='bbox 285 970 322 998; x_wconf 84' lang='lat' dir='ltr'><strong>v.</strong></span> <span class='ocrx_word' id='word_1_88' title='bbox 352 959 405 997; x_wconf 89' lang='grc'><strong>12</strong></span> <span class='ocrx_word' id='word_1_89' title='bbox 433 958 620 998; x_wconf 83' lang='lat' dir='ltr'><strong>Eustath.</strong></span> <span class='ocrx_word' id='word_1_90' title='bbox 648 959 752 1007; x_wconf 88' lang='lat'>865,</span> <span class='ocrx_word' id='word_1_91' title='bbox 782 959 847 997; x_wconf 89' lang='grc'><strong>15.</strong></span> <span class='ocrx_word' id='word_1_92' title='bbox 872 979 922 985; x_wconf 86' lang='lat'>-</span> <span class='ocrx_word' id='word_1_93' title='bbox 949 958 996 997; x_wconf 88' lang='lat' dir='ltr'><strong>K.</strong></span> <span class='ocrx_word' id='word_1_94' title='bbox 1023 957 1221 997; x_wconf 88' lang='lat' dir='ltr'><strong>Zacherus</strong></span> <span class='ocrx_word' id='word_1_95' title='bbox 1247 957 1351 996; x_wconf 88' lang='lat' dir='ltr'><strong>Berl.</strong></span> <span class='ocrx_word' id='word_1_96' title='bbox 1379 956 1474 1008; x_wconf 90' lang='lat' dir='ltr'><strong>phil.</strong></span> <span class='ocrx_word' id='word_1_97' title='bbox 1500 955 1786 996; x_wconf 84' lang='lat' dir='ltr'><strong>Wochenschr.</strong></span> 
     </span>
     <span class='ocr_line' id='line_1_13' title="bbox 212 1011 1788 1071; baseline -0.001 -14"><span class='ocrx_word' id='word_1_98' title='bbox 212 1017 346 1067; x_wconf 88' lang='grc'>1886,</span> <span class='ocrx_word' id='word_1_99' title='bbox 381 1019 478 1057; x_wconf 90' lang='grc'><strong>712.</strong></span> <span class='ocrx_word' id='word_1_100' title='bbox 514 1019 538 1057; x_wconf 89' lang='grc'><strong>3</strong></span> <span class='ocrx_word' id='word_1_101' title='bbox 578 1030 670 1057; x_wconf 90' lang='lat' dir='ltr'><strong>cum</strong></span> <span class='ocrx_word' id='word_1_102' title='bbox 707 1016 873 1057; x_wconf 77' lang='grc' dir='ltr'><strong><em>ἔπαυλιν</em></strong></span> <span class='ocrx_word' id='word_1_103' title='bbox 911 1020 952 1057; x_wconf 88' lang='lat' dir='ltr'><strong>et</strong></span> <span class='ocrx_word' id='word_1_104' title='bbox 988 1022 1167 1057; x_wconf 81' lang='grc' dir='ltr'><strong><em>κυοῦσαν</em></strong></span> <span class='ocrx_word' id='word_1_105' title='bbox 1205 1011 1283 1071; x_wconf 88' lang='lat' dir='ltr'><strong>(sic</strong></span> <span class='ocrx_word' id='word_1_106' title='bbox 1322 1017 1427 1056; x_wconf 87' lang='lat' dir='ltr'><strong>enim</strong></span> <span class='ocrx_word' id='word_1_107' title='bbox 1466 1012 1560 1070; x_wconf 88' lang='lat' dir='ltr'><strong>scr.)</strong></span> <span class='ocrx_word' id='word_1_108' title='bbox 1597 1016 1788 1068; x_wconf 82' lang='lat' dir='ltr'><strong>coniungi</strong></span> 
     </span>
     <span class='ocr_line' id='line_1_14' title="bbox 209 1076 1785 1151; baseline -0.001 -35"><span class='ocrx_word' id='word_1_109' title='bbox 209 1089 290 1116; x_wconf 89' lang='lat' dir='ltr'><strong>non</strong></span> <span class='ocrx_word' id='word_1_110' title='bbox 315 1089 431 1128; x_wconf 88' lang='lat' dir='ltr'><strong>posse</strong></span> <span class='ocrx_word' id='word_1_111' title='bbox 458 1077 567 1128; x_wconf 88' lang='lat' dir='ltr'><strong>dicit,</strong></span> <span class='ocrx_word' id='word_1_112' title='bbox 591 1080 779 1117; x_wconf 86' lang='lat' dir='ltr'><strong>naturam</strong></span> <span class='ocrx_word' id='word_1_113' title='bbox 805 1077 1174 1117; x_wconf 84' lang='lat' dir='ltr'><strong>circumlocutionis</strong></span> <span class='ocrx_word' id='word_1_114' title='bbox 1199 1077 1372 1116; x_wconf 85' lang='lat' dir='ltr'><strong>comicae</strong></span> <span class='ocrx_word' id='word_1_115' title='bbox 1402 1089 1548 1128; x_wconf 82' lang='lat' dir='ltr'>pamm</span> <span class='ocrx_word' id='word_1_116' title='bbox 1572 1076 1785 1151; x_wconf 74' lang='lat' dir='ltr'><strong>perspexit.</strong></span> 
     </span>
    </p>

    <p class='ocr_par' dir='ltr' id='par_1_7' title="bbox 210 1132 1788 1307">
     <span class='ocr_line' id='line_1_15' title="bbox 333 1132 1788 1194; baseline -0.002 -17"><span class='ocrx_word' id='word_1_117' title='bbox 333 1138 407 1186; x_wconf 90' lang='lat'>58,</span> <span class='ocrx_word' id='word_1_118' title='bbox 442 1138 466 1176; x_wconf 90' lang='lat'><strong>6</strong></span> <span class='ocrx_word' id='word_1_119' title='bbox 499 1133 591 1189; x_wconf 87' lang='grc' dir='ltr'><strong><em>παρ’</em></strong></span> <span class='ocrx_word' id='word_1_120' title='bbox 626 1133 738 1177; x_wconf 89' lang='grc' dir='ltr'><strong>Ἑσπ.</strong></span> <span class='ocrx_word' id='word_1_121' title='bbox 778 1133 892 1194; x_wconf 69' lang='grc' dir='ltr'><strong><em>ᾤμην</em></strong></span> <span class='ocrx_word' id='word_1_122' title='bbox 930 1148 972 1176; x_wconf 93' lang='grc' dir='ltr'><strong>σε</strong></span> <span class='ocrx_word' id='word_1_123' title='bbox 1002 1134 1053 1187; x_wconf 82' lang='grc' dir='ltr'><strong>νὴ</strong></span> <span class='ocrx_word' id='word_1_124' title='bbox 1085 1134 1158 1188; x_wconf 84' lang='grc' dir='ltr'><strong><em>τὴν</em></strong></span> <span class='ocrx_word' id='word_1_125' title='bbox 1193 1137 1243 1175; x_wconf 90' lang='grc' dir='ltr'><strong>Φ.</strong></span> <span class='ocrx_word' id='word_1_126' title='bbox 1274 1135 1419 1188; x_wconf 80' lang='grc' dir='ltr'><strong><em>φήσειν</em></strong></span> <span class='ocrx_word' id='word_1_127' title='bbox 1450 1138 1527 1175; x_wconf 84' lang='grc' dir='ltr'><strong><em>κτλ.</em></strong></span> <span class='ocrx_word' id='word_1_128' title='bbox 1572 1132 1788 1175; x_wconf 78' lang='lat' dir='ltr'><strong>‘credebam</strong></span> 
     </span>
     <span class='ocr_line' id='line_1_16' title="bbox 210 1190 1786 1250; baseline -0.001 -15"><span class='ocrx_word' id='word_1_129' title='bbox 210 1196 474 1246; x_wconf 78' lang='lat' dir='ltr'><strong><em>Hesperidum</em></strong></span> <span class='ocrx_word' id='word_1_130' title='bbox 491 1198 600 1236; x_wconf 79' lang='lat' dir='ltr'><strong>mala</strong></span> <span class='ocrx_word' id='word_1_131' title='bbox 620 1209 699 1237; x_wconf 83' lang='lat' dir='ltr'><strong>esse</strong></span> <span class='ocrx_word' id='word_1_132' title='bbox 717 1199 911 1237; x_wconf 77' lang='lat' dir='ltr'><strong>dicturum</strong></span> <span class='ocrx_word' id='word_1_133' title='bbox 931 1200 977 1242; x_wconf 83' lang='lat' dir='ltr'><strong>te,</strong></span> <span class='ocrx_word' id='word_1_134' title='bbox 1001 1209 1097 1236; x_wconf 75' lang='lat' dir='ltr'><strong>nam</strong></span> <span class='ocrx_word' id='word_1_135' title='bbox 1115 1198 1194 1236; x_wconf 78' lang='lat' dir='ltr'><strong>tria</strong></span> <span class='ocrx_word' id='word_1_136' title='bbox 1212 1191 1330 1241; x_wconf 78' lang='lat' dir='ltr'><strong>sunt&#39;,</strong></span> <span class='ocrx_word' id='word_1_137' title='bbox 1356 1210 1392 1236; x_wconf 89' lang='lat' dir='ltr'><strong>v.</strong></span> <span class='ocrx_word' id='word_1_138' title='bbox 1416 1198 1452 1235; x_wconf 91' lang='lat'><strong>6.</strong></span> <span class='ocrx_word' id='word_1_139' title='bbox 1475 1198 1511 1236; x_wconf 90' lang='lat'><strong>7.</strong></span> <span class='ocrx_word' id='word_1_140' title='bbox 1535 1197 1560 1236; x_wconf 90' lang='grc'>8</span> <span class='ocrx_word' id='word_1_141' title='bbox 1576 1190 1654 1250; x_wconf 91' lang='lat'><strong>(—-</strong></span> <span class='ocrx_word' id='word_1_142' title='bbox 1664 1192 1786 1246; x_wconf 78' lang='grc' dir='ltr'><strong><em>ἐστίν)</em></strong></span> 
     </span>
     <span class='ocr_line' id='line_1_17' title="bbox 210 1256 1157 1307; baseline 0 -12"><span class='ocrx_word' id='word_1_143' title='bbox 210 1256 280 1296; x_wconf 92' lang='lat' dir='ltr'><strong>uni</strong></span> <span class='ocrx_word' id='word_1_144' title='bbox 311 1269 506 1307; x_wconf 81' lang='lat' dir='ltr'><strong>personae</strong></span> <span class='ocrx_word' id='word_1_145' title='bbox 538 1257 720 1297; x_wconf 88' lang='lat' dir='ltr'><strong>tribuens</strong></span> <span class='ocrx_word' id='word_1_146' title='bbox 753 1256 906 1296; x_wconf 85' lang='lat' dir='ltr'><strong>Kaibel.</strong></span> <span class='ocrx_word' id='word_1_147' title='bbox 938 1257 980 1295; x_wconf 92' lang='lat' dir='ltr'><strong>in</strong></span> <span class='ocrx_word' id='word_1_148' title='bbox 1010 1256 1157 1295; x_wconf 87' lang='lat' dir='ltr'><strong>Athen.</strong></span> 
     </span>
    </p>

    <p class='ocr_par' dir='ltr' id='par_1_8' title="bbox 211 1307 1788 1430">
     <span class='ocr_line' id='line_1_18' title="bbox 331 1307 1788 1367; baseline 0 -12"><span class='ocrx_word' id='word_1_149' title='bbox 331 1317 398 1356; x_wconf 89' lang='lat'><strong>60.</strong></span> <span class='ocrx_word' id='word_1_150' title='bbox 428 1312 631 1364; x_wconf 66' lang='grc' dir='ltr'><strong><em>καλέσας“</em></strong></span> <span class='ocrx_word' id='word_1_151' title='bbox 634 1319 670 1356; x_wconf 77' lang='lat' dir='ltr'><strong>si</strong></span> <span class='ocrx_word' id='word_1_152' title='bbox 688 1329 782 1366; x_wconf 75' lang='lat' dir='ltr'><strong>quos</strong></span> <span class='ocrx_word' id='word_1_153' title='bbox 800 1307 992 1356; x_wconf 56' lang='lat' dir='ltr'><strong>incitavi?</strong></span> <span class='ocrx_word' id='word_1_154' title='bbox 1019 1317 1311 1366; x_wconf 87' lang='lat' dir='ltr'><strong>interpretatur</strong></span> <span class='ocrx_word' id='word_1_155' title='bbox 1336 1313 1380 1354; x_wconf 94' lang='grc' dir='ltr'><strong>Ο.</strong></span> <span class='ocrx_word' id='word_1_156' title='bbox 1402 1314 1580 1365; x_wconf 87' lang='lat' dir='ltr'><strong>Crusius,</strong></span> <span class='ocrx_word' id='word_1_157' title='bbox 1607 1318 1788 1367; x_wconf 78' lang='lat' dir='ltr'><strong>agrestes</strong></span> 
     </span>
     <span class='ocr_line' id='line_1_19' title="bbox 211 1371 1610 1430; baseline -0.001 -15"><span class='ocrx_word' id='word_1_158' title='bbox 211 1375 456 1415; x_wconf 79' lang='lat' dir='ltr'><strong>Boeotorum</strong></span> <span class='ocrx_word' id='word_1_159' title='bbox 487 1389 619 1416; x_wconf 89' lang='lat' dir='ltr'><strong>mores</strong></span> <span class='ocrx_word' id='word_1_160' title='bbox 651 1389 697 1416; x_wconf 91' lang='lat' dir='ltr'><strong>eo</strong></span> <span class='ocrx_word' id='word_1_161' title='bbox 729 1376 902 1416; x_wconf 84' lang='lat' dir='ltr'><strong>describi</strong></span> <span class='ocrx_word' id='word_1_162' title='bbox 934 1388 1098 1415; x_wconf 88' lang='lat' dir='ltr'><strong>censens</strong></span> <span class='ocrx_word' id='word_1_163' title='bbox 1131 1371 1294 1430; x_wconf 90' lang='lat' dir='ltr'><strong>(Philol.</strong></span> <span class='ocrx_word' id='word_1_164' title='bbox 1326 1374 1460 1414; x_wconf 90' lang='lat' dir='ltr'>XLVI</span> <span class='ocrx_word' id='word_1_165' title='bbox 1493 1372 1610 1428; x_wconf 92' lang='lat'><strong>607).</strong></span> 
     </span>
    </p>

    <p class='ocr_par' dir='ltr' id='par_1_9' title="bbox 209 1433 1788 1715">
     <span class='ocr_line' id='line_1_20' title="bbox 330 1433 1785 1488; baseline -0.001 -13"><span class='ocrx_word' id='word_1_166' title='bbox 330 1436 487 1488; x_wconf 89' lang='grc'><strong>68,12.</strong></span> <span class='ocrx_word' id='word_1_167' title='bbox 514 1436 700 1476; x_wconf 84' lang='lat' dir='ltr'><strong>Eustath</strong></span> <span class='ocrx_word' id='word_1_168' title='bbox 725 1438 851 1488; x_wconf 87' lang='grc'>1720,</span> <span class='ocrx_word' id='word_1_169' title='bbox 873 1438 939 1476; x_wconf 92' lang='grc'><strong>51.</strong></span> <span class='ocrx_word' id='word_1_170' title='bbox 965 1437 1018 1475; x_wconf 85' lang='grc'><strong>14</strong></span> <span class='ocrx_word' id='word_1_171' title='bbox 1050 1435 1236 1475; x_wconf 85' lang='lat' dir='ltr'><strong>Eustath.</strong></span> <span class='ocrx_word' id='word_1_172' title='bbox 1258 1436 1327 1486; x_wconf 90' lang='lat'><strong>87,</strong></span> <span class='ocrx_word' id='word_1_173' title='bbox 1349 1437 1405 1474; x_wconf 88' lang='grc'><strong>30</strong></span> <span class='ocrx_word' id='word_1_174' title='bbox 1425 1435 1514 1474; x_wconf 84' lang='lat' dir='ltr'><strong>add.</strong></span> <span class='ocrx_word' id='word_1_175' title='bbox 1535 1433 1579 1474; x_wconf 93' lang='grc' dir='ltr'><strong>Ο.</strong></span> <span class='ocrx_word' id='word_1_176' title='bbox 1602 1434 1785 1474; x_wconf 88' lang='lat' dir='ltr'><strong>Kaehler.</strong></span> 
     </span>
     <span class='ocr_line' id='line_1_21' title="bbox 211 1494 1787 1549; baseline -0.001 -14"><span class='ocrx_word' id='word_1_177' title='bbox 211 1496 321 1537; x_wconf 92' lang='grc'><strong>903.</strong></span> <span class='ocrx_word' id='word_1_178' title='bbox 336 1516 393 1522; x_wconf 94' lang='grc'><strong>-</strong></span> <span class='ocrx_word' id='word_1_179' title='bbox 429 1497 494 1535; x_wconf 90' lang='grc'><strong>14.</strong></span> <span class='ocrx_word' id='word_1_180' title='bbox 527 1494 606 1536; x_wconf 80' lang='grc' dir='ltr'><strong><em>ἐστὶ</em></strong></span> <span class='ocrx_word' id='word_1_181' title='bbox 643 1494 827 1548; x_wconf 79' lang='grc' dir='ltr'><strong><em>Σελήνης</em></strong></span> <span class='ocrx_word' id='word_1_182' title='bbox 861 1494 1056 1549; x_wconf 82' lang='grc' dir='ltr'><strong><em>’βρώματα</em></strong></span> <span class='ocrx_word' id='word_1_183' title='bbox 1094 1494 1138 1534; x_wconf 96' lang='grc' dir='ltr'><strong>Ο.</strong></span> <span class='ocrx_word' id='word_1_184' title='bbox 1166 1494 1331 1534; x_wconf 82' lang='lat' dir='ltr'><strong>Orusius</strong></span> <span class='ocrx_word' id='word_1_185' title='bbox 1366 1496 1463 1534; x_wconf 88' lang='grc'><strong>607.</strong></span> <span class='ocrx_word' id='word_1_186' title='bbox 1508 1497 1551 1533; x_wconf 86' lang='lat' dir='ltr'><strong>at</strong></span> <span class='ocrx_word' id='word_1_187' title='bbox 1587 1507 1787 1546; x_wconf 83' lang='lat' dir='ltr'><strong>nusquam</strong></span> 
     </span>
     <span class='ocr_line' id='line_1_22' title="bbox 212 1554 1787 1607; baseline 0 -13"><span class='ocrx_word' id='word_1_188' title='bbox 212 1555 317 1607; x_wconf 92' lang='lat' dir='ltr'><strong>quod</strong></span> <span class='ocrx_word' id='word_1_189' title='bbox 362 1555 487 1595; x_wconf 85' lang='lat' dir='ltr'><strong>sciam</strong></span> <span class='ocrx_word' id='word_1_190' title='bbox 529 1554 711 1607; x_wconf 81' lang='grc' dir='ltr'><strong><em>Σελήνης</em></strong></span> <span class='ocrx_word' id='word_1_191' title='bbox 758 1555 899 1595; x_wconf 84' lang='grc' dir='ltr'><strong><em>δεῖπνα</em></strong></span> <span class='ocrx_word' id='word_1_192' title='bbox 943 1555 1010 1595; x_wconf 86' lang='lat' dir='ltr'><strong>vel</strong></span> <span class='ocrx_word' id='word_1_193' title='bbox 1058 1554 1246 1607; x_wconf 82' lang='grc' dir='ltr'><strong><em>βρώματα</em></strong></span> <span class='ocrx_word' id='word_1_194' title='bbox 1290 1556 1672 1607; x_wconf 79' lang='lat' dir='ltr'><strong>commemorantur,</strong></span> <span class='ocrx_word' id='word_1_195' title='bbox 1717 1555 1787 1594; x_wconf 88' lang='lat' dir='ltr'><strong>sed</strong></span> 
     </span>
     <span class='ocr_line' id='line_1_23' title="bbox 209 1606 1788 1667; baseline -0.001 -13"><span class='ocrx_word' id='word_1_196' title='bbox 209 1626 367 1666; x_wconf 87' lang='lat' dir='ltr'><strong>semper</strong></span> <span class='ocrx_word' id='word_1_197' title='bbox 389 1611 569 1667; x_wconf 78' lang='grc' dir='ltr'><strong>Ἑκάτης.</strong></span> <span class='ocrx_word' id='word_1_198' title='bbox 625 1606 836 1667; x_wconf 66' lang='lat' dir='ltr'><strong>praeteida</strong></span> <span class='ocrx_word' id='word_1_199' title='bbox 867 1628 914 1655; x_wconf 87' lang='lat' dir='ltr'><strong>ea</strong></span> <span class='ocrx_word' id='word_1_200' title='bbox 949 1615 1181 1655; x_wconf 82' lang='lat' dir='ltr'><strong>coniectura</strong></span> <span class='ocrx_word' id='word_1_201' title='bbox 1211 1627 1379 1654; x_wconf 86' lang='lat' dir='ltr'><strong>caesura</strong></span> <span class='ocrx_word' id='word_1_202' title='bbox 1409 1614 1586 1653; x_wconf 86' lang='lat' dir='ltr'><strong>trimetri</strong></span> <span class='ocrx_word' id='word_1_203' title='bbox 1616 1615 1788 1654; x_wconf 87' lang='lat' dir='ltr'><strong>infertur</strong></span> 
     </span>
     <span class='ocr_line' id='line_1_24' title="bbox 209 1674 542 1715; baseline -0.003 0"><span class='ocrx_word' id='word_1_204' title='bbox 209 1674 277 1715; x_wconf 82' lang='lat' dir='ltr'><strong>vix</strong></span> <span class='ocrx_word' id='word_1_205' title='bbox 307 1675 542 1715; x_wconf 86' lang='lat' dir='ltr'><strong>tolerabilis.</strong></span> 
     </span>
    </p>

    <p class='ocr_par' dir='ltr' id='par_1_10' title="bbox 333 1728 995 1787">
     <span class='ocr_line' id='line_1_25' title="bbox 333 1728 995 1787; baseline 0 -13"><span class='ocrx_word' id='word_1_206' title='bbox 333 1736 400 1787; x_wconf 83' lang='lat'>73,</span> <span class='ocrx_word' id='word_1_207' title='bbox 436 1737 455 1773; x_wconf 93' lang='grc'><strong>1</strong></span> <span class='ocrx_word' id='word_1_208' title='bbox 492 1749 567 1774; x_wconf 85' lang='grc' dir='ltr'><strong>ουν</strong></span> <span class='ocrx_word' id='word_1_209' title='bbox 599 1728 656 1774; x_wconf 82' lang='grc' dir='ltr'><strong>ὧν</strong></span> <span class='ocrx_word' id='word_1_210' title='bbox 687 1735 775 1774; x_wconf 80' lang='lat' dir='ltr'><strong>add.</strong></span> <span class='ocrx_word' id='word_1_211' title='bbox 809 1734 995 1774; x_wconf 72' lang='lat' dir='ltr'><strong>CobetuS.</strong></span> 
     </span>
    </p>

    <p class='ocr_par' dir='ltr' id='par_1_11' title="bbox 328 1793 1614 1845">
     <span class='ocr_line' id='line_1_26' title="bbox 328 1793 1614 1845; baseline 0.001 -13"><span class='ocrx_word' id='word_1_212' title='bbox 328 1793 392 1833; x_wconf 89' lang='lat' dir='ltr'><strong>Ad</strong></span> <span class='ocrx_word' id='word_1_213' title='bbox 427 1794 690 1845; x_wconf 73' lang='lat' dir='ltr'><strong>Ganymedem</strong></span> <span class='ocrx_word' id='word_1_214' title='bbox 720 1796 892 1834; x_wconf 87' lang='lat' dir='ltr'><strong>fortasse</strong></span> <span class='ocrx_word' id='word_1_215' title='bbox 922 1794 1126 1845; x_wconf 84' lang='lat' dir='ltr'><strong>pertinent</strong></span> <span class='ocrx_word' id='word_1_216' title='bbox 1157 1794 1290 1844; x_wconf 86' lang='lat' dir='ltr'><strong>adesp.</strong></span> <span class='ocrx_word' id='word_1_217' title='bbox 1327 1795 1452 1834; x_wconf 86' lang='lat'><strong>1256.</strong></span> <span class='ocrx_word' id='word_1_218' title='bbox 1489 1795 1614 1834; x_wconf 84' lang='lat'><strong>1429.</strong></span> 
     </span>
    </p>

    <p class='ocr_par' dir='ltr' id='par_1_12' title="bbox 211 1849 1784 1968">
     <span class='ocr_line' id='line_1_27' title="bbox 331 1849 1784 1908; baseline 0.001 -15"><span class='ocrx_word' id='word_1_219' title='bbox 331 1856 399 1905; x_wconf 85' lang='lat'><strong>74,</strong></span> <span class='ocrx_word' id='word_1_220' title='bbox 431 1855 468 1893; x_wconf 93' lang='grc'><strong>8.</strong></span> <span class='ocrx_word' id='word_1_221' title='bbox 501 1867 583 1895; x_wconf 86' lang='grc' dir='ltr'>ιιοιι</span> <span class='ocrx_word' id='word_1_222' title='bbox 613 1855 836 1894; x_wconf 86' lang='lat' dir='ltr'><strong>omittenda</strong></span> <span class='ocrx_word' id='word_1_223' title='bbox 867 1856 955 1894; x_wconf 88' lang='lat' dir='ltr'><strong>erat</strong></span> <span class='ocrx_word' id='word_1_224' title='bbox 971 1853 1164 1905; x_wconf 84' lang='lat' dir='ltr'><strong>Emperii</strong></span> <span class='ocrx_word' id='word_1_225' title='bbox 1195 1854 1424 1895; x_wconf 83' lang='lat' dir='ltr'><strong>coniectura</strong></span> <span class='ocrx_word' id='word_1_226' title='bbox 1461 1853 1647 1903; x_wconf 84' lang='lat' dir='ltr'><strong>(Advers.</strong></span> <span class='ocrx_word' id='word_1_227' title='bbox 1678 1849 1784 1908; x_wconf 85' lang='lat'>349)</span> 
     </span>
     <span class='ocr_line' id='line_1_28' title="bbox 211 1903 998 1968; baseline 0.001 -16"><span class='ocrx_word' id='word_1_228' title='bbox 211 1910 366 1965; x_wconf 81' lang='grc' dir='ltr'><strong><em>ταχέως.</em></strong></span> <span class='ocrx_word' id='word_1_229' title='bbox 422 1914 476 1953; x_wconf 93' lang='grc' dir='ltr'><strong>Π.</strong></span> <span class='ocrx_word' id='word_1_230' title='bbox 505 1917 625 1954; x_wconf 82' lang='grc' dir='ltr'><strong><em>ποῖον</em></strong></span> <span class='ocrx_word' id='word_1_231' title='bbox 656 1912 731 1955; x_wconf 78' lang='grc' dir='ltr'><strong>οὐκ</strong></span> <span class='ocrx_word' id='word_1_232' title='bbox 761 1912 889 1968; x_wconf 77' lang='grc' dir='ltr'><strong><em>ἔγνων</em></strong></span> <span class='ocrx_word' id='word_1_233' title='bbox 920 1903 998 1954; x_wconf 82' lang='grc' dir='ltr'><strong><em>κτλ.</em></strong></span> 
     </span>
    </p>

    <p class='ocr_par' dir='ltr' id='par_1_13' title="bbox 169 1967 1790 2147">
     <span class='ocr_line' id='line_1_29' title="bbox 331 1967 1790 2028; baseline 0 -16"><span class='ocrx_word' id='word_1_234' title='bbox 331 1975 399 2024; x_wconf 95' lang='lat'>77,</span> <span class='ocrx_word' id='word_1_235' title='bbox 427 1975 463 2012; x_wconf 91' lang='lat'><strong>1.</strong></span> <span class='ocrx_word' id='word_1_236' title='bbox 496 1974 543 2014; x_wconf 88' lang='lat' dir='ltr'><strong>cf.</strong></span> <span class='ocrx_word' id='word_1_237' title='bbox 570 1974 721 2026; x_wconf 81' lang='lat' dir='ltr'><strong>Lyncei</strong></span> <span class='ocrx_word' id='word_1_238' title='bbox 746 1975 794 2014; x_wconf 86' lang='lat' dir='ltr'><strong>fr.</strong></span> <span class='ocrx_word' id='word_1_239' title='bbox 817 1988 850 2014; x_wconf 86' lang='lat' dir='ltr'><strong>v.</strong></span> <span class='ocrx_word' id='word_1_240' title='bbox 872 1975 897 2013; x_wconf 87' lang='lat'>9</span> <span class='ocrx_word' id='word_1_241' title='bbox 920 1976 961 2013; x_wconf 91' lang='lat' dir='ltr'><strong>et</strong></span> <span class='ocrx_word' id='word_1_242' title='bbox 981 1974 1112 2014; x_wconf 85' lang='lat' dir='ltr'><strong>Strab.</strong></span> <span class='ocrx_word' id='word_1_243' title='bbox 1137 1975 1174 2026; x_wconf 89' lang='lat'><strong>7,</strong></span> <span class='ocrx_word' id='word_1_244' title='bbox 1196 1975 1279 2013; x_wconf 87' lang='lat'><strong>307</strong></span> <span class='ocrx_word' id='word_1_245' title='bbox 1303 1967 1365 2028; x_wconf 87' lang='lat' dir='ltr'><strong>(in</strong></span> <span class='ocrx_word' id='word_1_246' title='bbox 1383 1968 1602 2028; x_wconf 80' lang='lat' dir='ltr'><strong>Maeotide)</strong></span> <span class='ocrx_word' id='word_1_247' title='bbox 1629 1971 1790 2026; x_wconf 84' lang='grc' dir='ltr'><strong><em>ὀρυκτοί</em></strong></span> 
     </span>
     <span class='ocr_line' id='line_1_30' title="bbox 169 2003 1786 2089; baseline 0 -17"><span class='ocrx_word' id='word_1_248' title='bbox 169 2052 171 2054; x_wconf 94' lang='grc'><em>·</em></span> <span class='ocrx_word' id='word_1_249' title='bbox 210 2031 309 2072; x_wconf 84' lang='grc' dir='ltr'><strong><em>εἰσιν</em></strong></span> <span class='ocrx_word' id='word_1_250' title='bbox 341 2003 478 2085; x_wconf 82' lang='grc' dir='ltr'><strong><em>ἰχθύες</em></strong></span> <span class='ocrx_word' id='word_1_251' title='bbox 504 2033 547 2073; x_wconf 80' lang='grc' dir='ltr'><strong>οἵ</strong></span> <span class='ocrx_word' id='word_1_252' title='bbox 573 2032 940 2086; x_wconf 78' lang='grc' dir='ltr'><strong><em>ἀποληφθέντες</em></strong></span> <span class='ocrx_word' id='word_1_253' title='bbox 964 2031 1014 2074; x_wconf 75' lang='grc' dir='ltr'><strong>ἐν</strong></span> <span class='ocrx_word' id='word_1_254' title='bbox 1040 2035 1098 2089; x_wconf 79' lang='grc' dir='ltr'><strong><em>τῷ</em></strong></span> <span class='ocrx_word' id='word_1_255' title='bbox 1124 2032 1459 2089; x_wconf 78' lang='grc' dir='ltr'><strong><em>κρυστάλλῳ.</em></strong></span> <span class='ocrx_word' id='word_1_256' title='bbox 1482 2031 1786 2084; x_wconf 82' lang='grc' dir='ltr'><strong><em>.ἆντακαῐοι,</em></strong></span> 
     </span>
     <span class='ocr_line' id='line_1_31' title="bbox 211 2091 839 2147; baseline 0.003 -15"><span class='ocrx_word' id='word_1_257' title='bbox 211 2091 367 2143; x_wconf 81' lang='grc' dir='ltr'><strong><em>δελφΐσι</em></strong></span> <span class='ocrx_word' id='word_1_258' title='bbox 397 2092 556 2146; x_wconf 79' lang='grc' dir='ltr'><strong><em>πάρισοι</em></strong></span> <span class='ocrx_word' id='word_1_259' title='bbox 586 2092 629 2133; x_wconf 88' lang='grc' dir='ltr'><strong><em>τὸ</em></strong></span> <span class='ocrx_word' id='word_1_260' title='bbox 661 2092 839 2147; x_wconf 80' lang='grc' dir='ltr'><strong>μέγεθος.</strong></span> 
     </span>
    </p>

    <p class='ocr_par' dir='ltr' id='par_1_14' title="bbox 211 2151 1785 2265">
     <span class='ocr_line' id='line_1_32' title="bbox 329 2151 1785 2202; baseline 0 -10"><span class='ocrx_word' id='word_1_261' title='bbox 329 2154 397 2202; x_wconf 90' lang='lat'><strong>80,</strong></span> <span class='ocrx_word' id='word_1_262' title='bbox 425 2154 463 2192; x_wconf 91' lang='lat'><strong>8.</strong></span> <span class='ocrx_word' id='word_1_263' title='bbox 489 2153 677 2193; x_wconf 85' lang='lat' dir='ltr'><strong>Eustath.</strong></span> <span class='ocrx_word' id='word_1_264' title='bbox 705 2155 789 2194; x_wconf 90' lang='lat'>863</span> <span class='ocrx_word' id='word_1_265' title='bbox 817 2154 906 2193; x_wconf 85' lang='lat' dir='ltr'><strong>add</strong></span> <span class='ocrx_word' id='word_1_266' title='bbox 933 2151 978 2192; x_wconf 94' lang='grc' dir='ltr'><strong>Ο.</strong></span> <span class='ocrx_word' id='word_1_267' title='bbox 1005 2152 1190 2192; x_wconf 79' lang='lat' dir='ltr'><strong>Kaehler.</strong></span> <span class='ocrx_word' id='word_1_268' title='bbox 1214 2154 1311 2192; x_wconf 89' lang='lat'><strong>903.</strong></span> <span class='ocrx_word' id='word_1_269' title='bbox 1345 2153 1386 2192; x_wconf 91' lang='lat' dir='ltr'><strong>in</strong></span> <span class='ocrx_word' id='word_1_270' title='bbox 1411 2166 1502 2192; x_wconf 88' lang='lat' dir='ltr'><strong>mea</strong></span> <span class='ocrx_word' id='word_1_271' title='bbox 1526 2153 1785 2192; x_wconf 85' lang='lat' dir='ltr'><strong>adnotatione</strong></span> 
     </span>
     <span class='ocr_line' id='line_1_33' title="bbox 211 2207 1569 2265; baseline 0 -13"><span class='ocrx_word' id='word_1_272' title='bbox 211 2207 376 2252; x_wconf 81' lang='lat' dir='ltr'><strong>verba</strong></span> <span class='ocrx_word' id='word_1_273' title='bbox 380 2225 428 2252; x_wconf 87' lang='lat' dir='ltr'><strong>ex</strong></span> <span class='ocrx_word' id='word_1_274' title='bbox 458 2213 534 2253; x_wconf 86' lang='lat' dir='ltr'><strong>hac</strong></span> <span class='ocrx_word' id='word_1_275' title='bbox 564 2213 810 2264; x_wconf 89' lang='lat' dir='ltr'><strong>Antiphanis</strong></span> <span class='ocrx_word' id='word_1_276' title='bbox 843 2214 982 2265; x_wconf 87' lang='lat' dir='ltr'><strong>ecloga</strong></span> <span class='ocrx_word' id='word_1_277' title='bbox 1000 2234 1058 2240; x_wconf 97' lang='lat'><strong>—</strong></span> <span class='ocrx_word' id='word_1_278' title='bbox 1067 2208 1232 2260; x_wconf 80' lang='grc' dir='ltr'><strong><em>’Ἁλεξις’</em></strong></span> <span class='ocrx_word' id='word_1_279' title='bbox 1266 2213 1435 2252; x_wconf 84' lang='lat' dir='ltr'><strong>delenda</strong></span> <span class='ocrx_word' id='word_1_280' title='bbox 1465 2215 1569 2252; x_wconf 89' lang='lat' dir='ltr'><strong>sunt.</strong></span> 
     </span>
    </p>

    <p class='ocr_par' dir='ltr' id='par_1_15' title="bbox 209 2270 1785 2684">
     <span class='ocr_line' id='line_1_34' title="bbox 329 2270 1785 2325; baseline 0.001 -14"><span class='ocrx_word' id='word_1_281' title='bbox 329 2273 398 2322; x_wconf 88' lang='lat'><strong>85,</strong></span> <span class='ocrx_word' id='word_1_282' title='bbox 433 2274 734 2325; x_wconf 59' lang='lat' dir='ltr'><strong>rme-pissime</strong></span> <span class='ocrx_word' id='word_1_283' title='bbox 766 2286 857 2314; x_wconf 89' lang='lat' dir='ltr'><strong>cum</strong></span> <span class='ocrx_word' id='word_1_284' title='bbox 888 2273 1009 2313; x_wconf 84' lang='lat' dir='ltr'><strong>verbo</strong></span> <span class='ocrx_word' id='word_1_285' title='bbox 1049 2270 1195 2312; x_wconf 79' lang='grc' dir='ltr'><strong><em>ἐνεῖναι</em></strong></span> <span class='ocrx_word' id='word_1_286' title='bbox 1226 2272 1416 2325; x_wconf 85' lang='lat' dir='ltr'><strong>coniungi</strong></span> <span class='ocrx_word' id='word_1_287' title='bbox 1446 2273 1785 2324; x_wconf 83' lang='lat' dir='ltr'><strong>praepositionem</strong></span> 
     </span>
     <span class='ocr_line' id='line_1_35' title="bbox 209 2329 1782 2385; baseline 0.001 -14"><span class='ocrx_word' id='word_1_288' title='bbox 209 2329 253 2371; x_wconf 79' lang='grc' dir='ltr'><strong>ἐν</strong></span> <span class='ocrx_word' id='word_1_289' title='bbox 282 2334 425 2371; x_wconf 90' lang='lat' dir='ltr'><strong>notum</strong></span> <span class='ocrx_word' id='word_1_290' title='bbox 455 2336 534 2384; x_wconf 82' lang='lat' dir='ltr'><strong>est3</strong></span> <span class='ocrx_word' id='word_1_291' title='bbox 572 2346 654 2373; x_wconf 92' lang='lat' dir='ltr'><strong>non</strong></span> <span class='ocrx_word' id='word_1_292' title='bbox 686 2346 843 2385; x_wconf 86' lang='lat' dir='ltr'><strong>semper</strong></span> <span class='ocrx_word' id='word_1_293' title='bbox 879 2333 922 2372; x_wconf 89' lang='lat' dir='ltr'><strong>id</strong></span> <span class='ocrx_word' id='word_1_294' title='bbox 951 2332 1039 2372; x_wconf 90' lang='lat' dir='ltr'><strong>fieri</strong></span> <span class='ocrx_word' id='word_1_295' title='bbox 1078 2332 1222 2371; x_wconf 87' lang='lat' dir='ltr'><strong>docent</strong></span> <span class='ocrx_word' id='word_1_296' title='bbox 1253 2332 1377 2372; x_wconf 89' lang='lat' dir='ltr'><strong>Arist.</strong></span> <span class='ocrx_word' id='word_1_297' title='bbox 1405 2332 1524 2383; x_wconf 87' lang='lat' dir='ltr'><strong>Vesp.</strong></span> <span class='ocrx_word' id='word_1_298' title='bbox 1552 2334 1635 2372; x_wconf 90' lang='lat'><strong>441</strong></span> <span class='ocrx_word' id='word_1_299' title='bbox 1670 2329 1782 2373; x_wconf 85' lang='grc' dir='ltr'><strong><em>πόλλ’</em></strong></span> 
     </span>
     <span class='ocr_line' id='line_1_36' title="bbox 209 2387 1784 2448; baseline 0.001 -18"><span class='ocrx_word' id='word_1_300' title='bbox 209 2389 332 2431; x_wconf 75' lang='grc' dir='ltr'><strong><em>ἔνεστι</em></strong></span> <span class='ocrx_word' id='word_1_301' title='bbox 361 2393 414 2448; x_wconf 80' lang='grc' dir='ltr'><strong><em>τῷ</em></strong></span> <span class='ocrx_word' id='word_1_302' title='bbox 445 2391 564 2445; x_wconf 79' lang='grc' dir='ltr'><strong><em>γήραι</em></strong></span> <span class='ocrx_word' id='word_1_303' title='bbox 594 2392 707 2433; x_wconf 83' lang='grc' dir='ltr'><strong>κακά.</strong></span> <span class='ocrx_word' id='word_1_304' title='bbox 758 2394 805 2432; x_wconf 89' lang='lat' dir='ltr'><strong>fr.</strong></span> <span class='ocrx_word' id='word_1_305' title='bbox 839 2394 924 2432; x_wconf 87' lang='grc'><strong>325</strong></span> <span class='ocrx_word' id='word_1_306' title='bbox 958 2397 1036 2431; x_wconf 87' lang='grc' dir='ltr'><strong><em>τῶν</em></strong></span> <span class='ocrx_word' id='word_1_307' title='bbox 1068 2389 1320 2444; x_wconf 83' lang='grc' dir='ltr'><strong><em>ἀποδέσμων,</em></strong></span> <span class='ocrx_word' id='word_1_308' title='bbox 1353 2387 1412 2439; x_wconf 80' lang='grc' dir='ltr'><strong>οἷς</strong></span> <span class='ocrx_word' id='word_1_309' title='bbox 1443 2390 1539 2444; x_wconf 80' lang='grc' dir='ltr'><strong><em>ἐνῆν</em></strong></span> <span class='ocrx_word' id='word_1_310' title='bbox 1571 2391 1617 2431; x_wconf 86' lang='grc' dir='ltr'><strong><em>τὰ</em></strong></span> <span class='ocrx_word' id='word_1_311' title='bbox 1644 2392 1784 2432; x_wconf 82' lang='grc' dir='ltr'><strong>τιτθία.</strong></span> 
     </span>
     <span class='ocr_line' id='line_1_37' title="bbox 209 2450 1784 2505; baseline 0.001 -15"><span class='ocrx_word' id='word_1_312' title='bbox 209 2451 362 2490; x_wconf 85' lang='lat' dir='ltr'><strong>Alexid.</strong></span> <span class='ocrx_word' id='word_1_313' title='bbox 397 2453 482 2491; x_wconf 91' lang='grc'><strong>254</strong></span> <span class='ocrx_word' id='word_1_314' title='bbox 514 2455 595 2500; x_wconf 85' lang='grc' dir='ltr'><strong><em>τοῖς</em></strong></span> <span class='ocrx_word' id='word_1_315' title='bbox 624 2451 917 2505; x_wconf 81' lang='grc' dir='ltr'><strong><em>ὑπερβάλλουσι</em></strong></span> <span class='ocrx_word' id='word_1_316' title='bbox 946 2450 1082 2504; x_wconf 86' lang='grc' dir='ltr'><strong><em>τέρψις</em></strong></span> <span class='ocrx_word' id='word_1_317' title='bbox 1114 2450 1188 2491; x_wconf 79' lang='grc' dir='ltr'><strong>οὐκ</strong></span> <span class='ocrx_word' id='word_1_318' title='bbox 1220 2450 1354 2491; x_wconf 75' lang='grc' dir='ltr'><strong><em>ἔνεστι.</em></strong></span> <span class='ocrx_word' id='word_1_319' title='bbox 1415 2452 1552 2503; x_wconf 87' lang='lat' dir='ltr'><strong>itaque</strong></span> <span class='ocrx_word' id='word_1_320' title='bbox 1577 2466 1659 2491; x_wconf 90' lang='lat' dir='ltr'><strong>non</strong></span> <span class='ocrx_word' id='word_1_321' title='bbox 1685 2466 1784 2504; x_wconf 88' lang='lat' dir='ltr'><strong>opus</strong></span> 
     </span>
     <span class='ocr_line' id='line_1_38' title="bbox 209 2507 1785 2566; baseline 0.001 -16"><span class='ocrx_word' id='word_1_322' title='bbox 209 2513 271 2550; x_wconf 90' lang='lat' dir='ltr'><strong>est</strong></span> <span class='ocrx_word' id='word_1_323' title='bbox 295 2511 417 2551; x_wconf 85' lang='lat' dir='ltr'><strong>scribi</strong></span> <span class='ocrx_word' id='word_1_324' title='bbox 444 2507 484 2550; x_wconf 92' lang='grc' dir='ltr'><strong>’ν</strong></span> <span class='ocrx_word' id='word_1_325' title='bbox 509 2515 589 2560; x_wconf 83' lang='grc' dir='ltr'><strong><em>τοῖς</em></strong></span> <span class='ocrx_word' id='word_1_326' title='bbox 614 2512 801 2563; x_wconf 83' lang='grc' dir='ltr'><strong><em>σκύφοισι</em></strong></span> <span class='ocrx_word' id='word_1_327' title='bbox 828 2508 1053 2566; x_wconf 85' lang='lat' dir='ltr'><strong>(Herwerd.</strong></span> <span class='ocrx_word' id='word_1_328' title='bbox 1082 2512 1226 2551; x_wconf 89' lang='lat' dir='ltr'><strong>Mnem.</strong></span> <span class='ocrx_word' id='word_1_329' title='bbox 1245 2525 1282 2550; x_wconf 95' lang='lat' dir='ltr'><strong>n.</strong></span> <span class='ocrx_word' id='word_1_330' title='bbox 1303 2512 1425 2551; x_wconf 89' lang='lat' dir='ltr'><strong>XIIII</strong></span> <span class='ocrx_word' id='word_1_331' title='bbox 1447 2514 1541 2551; x_wconf 83' lang='lat'><strong>172.</strong></span> <span class='ocrx_word' id='word_1_332' title='bbox 1565 2510 1624 2564; x_wconf 89' lang='lat'><strong>3).</strong></span> <span class='ocrx_word' id='word_1_333' title='bbox 1663 2525 1785 2564; x_wconf 83' lang='lat' dir='ltr'><strong>quam</strong></span> 
     </span>
     <span class='ocr_line' id='line_1_39' title="bbox 210 2570 1783 2623; baseline 0.001 -14"><span class='ocrx_word' id='word_1_334' title='bbox 210 2570 330 2610; x_wconf 91' lang='lat' dir='ltr'><strong>huius</strong></span> <span class='ocrx_word' id='word_1_335' title='bbox 374 2571 593 2623; x_wconf 85' lang='lat' dir='ltr'><strong>fragmenti</strong></span> <span class='ocrx_word' id='word_1_336' title='bbox 629 2571 674 2612; x_wconf 90' lang='grc' dir='ltr'><strong>Ο.</strong></span> <span class='ocrx_word' id='word_1_337' title='bbox 701 2572 925 2612; x_wconf 88' lang='lat' dir='ltr'><strong>Kaehlerus</strong></span> <span class='ocrx_word' id='word_1_338' title='bbox 963 2571 1246 2611; x_wconf 89' lang='lat' dir='ltr'><strong>Wochenschr.</strong></span> <span class='ocrx_word' id='word_1_339' title='bbox 1275 2573 1358 2612; x_wconf 85' lang='lat'><strong>901</strong></span> <span class='ocrx_word' id='word_1_340' title='bbox 1405 2572 1617 2623; x_wconf 89' lang='lat' dir='ltr'><strong>proposuit</strong></span> <span class='ocrx_word' id='word_1_341' title='bbox 1658 2572 1783 2612; x_wconf 89' lang='lat' dir='ltr'><strong>inter-</strong></span> 
     </span>
     <span class='ocr_line' id='line_1_40' title="bbox 213 2630 965 2684; baseline 0.001 -15"><span class='ocrx_word' id='word_1_342' title='bbox 213 2630 479 2680; x_wconf 81' lang='lat' dir='ltr'><strong>pretationem</strong></span> <span class='ocrx_word' id='word_1_343' title='bbox 511 2631 674 2681; x_wconf 85' lang='lat' dir='ltr'><strong>probari</strong></span> <span class='ocrx_word' id='word_1_344' title='bbox 704 2645 821 2683; x_wconf 88' lang='lat' dir='ltr'><strong>posse</strong></span> <span class='ocrx_word' id='word_1_345' title='bbox 851 2645 965 2684; x_wconf 89' lang='lat' dir='ltr'><strong>nego.</strong></span> 
     </span>
    </p>

    <p class='ocr_par' dir='ltr' id='par_1_16' title="bbox 212 2691 1786 2803">
     <span class='ocr_line' id='line_1_41' title="bbox 333 2691 1786 2743; baseline 0.001 -14"><span class='ocrx_word' id='word_1_346' title='bbox 333 2691 406 2740; x_wconf 90' lang='lat'><strong>86,</strong></span> <span class='ocrx_word' id='word_1_347' title='bbox 440 2693 477 2729; x_wconf 90' lang='lat'><strong>5.</strong></span> <span class='ocrx_word' id='word_1_348' title='bbox 522 2691 557 2730; x_wconf 91' lang='lat' dir='ltr'><strong>si</strong></span> <span class='ocrx_word' id='word_1_349' title='bbox 587 2692 709 2732; x_wconf 86' lang='lat' dir='ltr'><strong>verbo</strong></span> <span class='ocrx_word' id='word_1_350' title='bbox 749 2691 964 2739; x_wconf 80' lang='grc' dir='ltr'><strong><em>σιτίζεσθαι</em></strong></span> <span class='ocrx_word' id='word_1_351' title='bbox 999 2692 1062 2730; x_wconf 90' lang='lat' dir='ltr'><strong>uti</strong></span> <span class='ocrx_word' id='word_1_352' title='bbox 1093 2691 1256 2731; x_wconf 88' lang='lat' dir='ltr'><strong>volebat</strong></span> <span class='ocrx_word' id='word_1_353' title='bbox 1288 2691 1558 2742; x_wconf 82' lang='lat' dir='ltr'><strong>Antiphanes,</strong></span> <span class='ocrx_word' id='word_1_354' title='bbox 1589 2704 1691 2743; x_wconf 86' lang='lat' dir='ltr'><strong>quae</strong></span> <span class='ocrx_word' id='word_1_355' title='bbox 1723 2695 1786 2731; x_wconf 88' lang='lat' dir='ltr'><strong>est</strong></span> 
     </span>
     <span class='ocr_line' id='line_1_42' title="bbox 212 2748 1543 2803; baseline 0.001 -15"><span class='ocrx_word' id='word_1_356' title='bbox 212 2749 412 2789; x_wconf 83' lang='lat' dir='ltr'><strong>sententia</strong></span> <span class='ocrx_word' id='word_1_357' title='bbox 442 2748 486 2789; x_wconf 94' lang='grc' dir='ltr'><strong>Ο.</strong></span> <span class='ocrx_word' id='word_1_358' title='bbox 513 2749 647 2790; x_wconf 86' lang='lat' dir='ltr'><strong>Crusii</strong></span> <span class='ocrx_word' id='word_1_359' title='bbox 676 2764 712 2802; x_wconf 87' lang='lat' dir='ltr'><strong>p.</strong></span> <span class='ocrx_word' id='word_1_360' title='bbox 742 2753 839 2803; x_wconf 91' lang='lat'>608,</span> <span class='ocrx_word' id='word_1_361' title='bbox 872 2763 973 2802; x_wconf 90' lang='lat' dir='ltr'><strong>opus</strong></span> <span class='ocrx_word' id='word_1_362' title='bbox 1004 2753 1092 2790; x_wconf 90' lang='lat' dir='ltr'><strong>erat</strong></span> <span class='ocrx_word' id='word_1_363' title='bbox 1122 2750 1334 2801; x_wconf 89' lang='lat' dir='ltr'><strong>participio</strong></span> <span class='ocrx_word' id='word_1_364' title='bbox 1366 2751 1543 2801; x_wconf 87' lang='lat' dir='ltr'><strong>perfecti.</strong></span> 
     </span>
    </p>

    <p class='ocr_par' dir='ltr' id='par_1_17' title="bbox 212 2806 1784 2919">
     <span class='ocr_line' id='line_1_43' title="bbox 334 2806 1784 2863; baseline 0.002 -15"><span class='ocrx_word' id='word_1_365' title='bbox 334 2810 409 2861; x_wconf 84' lang='lat'><strong>89,</strong></span> <span class='ocrx_word' id='word_1_366' title='bbox 441 2811 478 2849; x_wconf 88' lang='grc'><strong>3.</strong></span> <span class='ocrx_word' id='word_1_367' title='bbox 523 2806 639 2861; x_wconf 81' lang='grc' dir='ltr'><strong><em>θέμις</em></strong></span> <span class='ocrx_word' id='word_1_368' title='bbox 670 2811 788 2863; x_wconf 86' lang='lat' dir='ltr'><strong>dixit,</strong></span> <span class='ocrx_word' id='word_1_369' title='bbox 825 2813 873 2850; x_wconf 91' lang='lat' dir='ltr'><strong>ut</strong></span> <span class='ocrx_word' id='word_1_370' title='bbox 909 2811 950 2850; x_wconf 91' lang='lat' dir='ltr'><strong>in</strong></span> <span class='ocrx_word' id='word_1_371' title='bbox 987 2810 1139 2850; x_wconf 86' lang='lat' dir='ltr'><strong>talibus</strong></span> <span class='ocrx_word' id='word_1_372' title='bbox 1177 2810 1387 2850; x_wconf 87' lang='lat' dir='ltr'><strong>sententiis</strong></span> <span class='ocrx_word' id='word_1_373' title='bbox 1424 2810 1595 2850; x_wconf 80' lang='lat' dir='ltr'><strong>Romani</strong></span> <span class='ocrx_word' id='word_1_374' title='bbox 1631 2812 1697 2860; x_wconf 78' lang='lat' dir='ltr'><strong>fas</strong></span> <span class='ocrx_word' id='word_1_375' title='bbox 1731 2815 1784 2851; x_wconf 70' lang='lat' dir='ltr'><strong>est</strong></span> 
     </span>
     <span class='ocr_line' id='line_1_44' title="bbox 212 2869 1368 2919; baseline 0.001 -11"><span class='ocrx_word' id='word_1_376' title='bbox 212 2881 284 2919; x_wconf 88' lang='lat' dir='ltr'><strong>pro</strong></span> <span class='ocrx_word' id='word_1_377' title='bbox 315 2869 410 2909; x_wconf 80' lang='lat' dir='ltr'><strong>licet.</strong></span> <span class='ocrx_word' id='word_1_378' title='bbox 461 2869 508 2908; x_wconf 85' lang='lat' dir='ltr'><strong>cf.</strong></span> <span class='ocrx_word' id='word_1_379' title='bbox 541 2869 664 2909; x_wconf 87' lang='lat' dir='ltr'><strong>Arist.</strong></span> <span class='ocrx_word' id='word_1_380' title='bbox 696 2870 802 2910; x_wconf 84' lang='lat' dir='ltr'><strong>Nub.</strong></span> <span class='ocrx_word' id='word_1_381' title='bbox 839 2872 934 2910; x_wconf 89' lang='grc'><strong>140.</strong></span> <span class='ocrx_word' id='word_1_382' title='bbox 969 2871 1064 2909; x_wconf 89' lang='grc'><strong>295.</strong></span> <span class='ocrx_word' id='word_1_383' title='bbox 1116 2870 1207 2909; x_wconf 83' lang='lat' dir='ltr'><strong>Pac.</strong></span> <span class='ocrx_word' id='word_1_384' title='bbox 1243 2871 1368 2909; x_wconf 89' lang='lat'><strong>1018.</strong></span> 
     </span>
    </p>

    <p class='ocr_par' dir='ltr' id='par_1_18' title="bbox 333 2929 1782 2979">
     <span class='ocr_line' id='line_1_45' title="bbox 333 2929 1782 2979; baseline 0.003 -12"><span class='ocrx_word' id='word_1_385' title='bbox 333 2929 399 2968; x_wconf 90' lang='grc'><strong>92.</strong></span> <span class='ocrx_word' id='word_1_386' title='bbox 435 2929 714 2969; x_wconf 87' lang='lat' dir='ltr'><strong>&#39;testimonium</strong></span> <span class='ocrx_word' id='word_1_387' title='bbox 757 2930 963 2970; x_wconf 83' lang='lat' dir='ltr'><strong>Eustathii</strong></span> <span class='ocrx_word' id='word_1_388' title='bbox 1009 2931 1140 2979; x_wconf 87' lang='grc'>1289,</span> <span class='ocrx_word' id='word_1_389' title='bbox 1174 2930 1231 2969; x_wconf 89' lang='grc'><strong>50</strong></span> <span class='ocrx_word' id='word_1_390' title='bbox 1269 2930 1359 2969; x_wconf 88' lang='lat' dir='ltr'><strong>add.</strong></span> <span class='ocrx_word' id='word_1_391' title='bbox 1399 2929 1442 2969; x_wconf 92' lang='grc' dir='ltr'><strong>Ο.</strong></span> <span class='ocrx_word' id='word_1_392' title='bbox 1477 2930 1653 2970; x_wconf 86' lang='lat' dir='ltr'><strong>Kaehler</strong></span> <span class='ocrx_word' id='word_1_393' title='bbox 1685 2934 1782 2972; x_wconf 90' lang='grc'><strong>903.</strong></span> 
     </span>
    </p>
   </div>
  </div>
 </body>
</html>
