2014 3334
251 235 337 278 536
632 204 635 209 s
882 237 1167 280 ,ΑΔΕΣΠοΤΑ

254 348 383 388 690b.
433 346 572 394 Λυδός
597 347 677 386 suit
698 348 953 398 Antiphanis‚
984 347 1121 387 Λυδοί
1144 349 1359 400 Magnetis:
1392 359 1635 399 quamquam
1658 347 1758 386 talia
1782 347 1826 386 in

252 408 432 459 qualibet
464 406 668 446 comoedia
699 407 776 446 dici
807 410 1006 458 poterant.

1001 524 1085 566 721

539 606 705 661 λύχνον
739 605 787 648 ἐν
818 608 1067 663 μεσημβρίᾳ
1099 605 1296 662 (ἅπτεις).

292 697 295 700 ⁴
371 693 540 732 Photius
584 689 647 731 ἐπὶ
677 696 756 732 τῶν
795 691 838 732 ἐν
869 694 993 749 καιρῷ
1026 691 1283 749 ἀνεπιτηδείῳ
1310 687 1385 747 (sic
1406 693 1568 732 Porsen.
1588 705 1660 743 pro
1691 689 1827 731 ἀνεπι-

253 747 429 806 τήὸειον)
462 766 497 790 τι
527 750 764 791 ποιούντων.
799 774 849 779 —-
884 752 1018 800 ἅπτεις
1050 766 1074 792 a
1104 753 1247 792 Photio
1279 754 1344 792 vel
1381 766 1426 792 eo
1465 765 1583 803 quem
1619 751 1828 802 exscripsit

246 812 435 851 ,additum
468 811 638 850 videtur.
693 814 814 862 poeta
850 813 952 851 nihil
982 813 1061 852 nisi
1092 811 1136 852 ἐν
1168 811 1387 868 μεσημβρίᾳ
1425 811 1585 863 λύχνον,
1626 824 1726 863 quae
1764 813 1827 850 est

254 873 384 911 altera
414 883 508 922 pars
539 871 723 910 trimetri.

1001 976 1086 1018 722

971 1058 1190 1113 κάπικνῆν
1220 1057 1480 1101 κᾶπεσθίειν

374 1145 543 1184 Photius
563 1146 604 1183 et
624 1144 768 1184 Suidas
801 1143 971 1196 ξυήλην,
993 1176 1001 1184 .
1022 1144 1085 1184 ,οἵ
1111 1142 1183 1196 μὲν
1214 1139 1289 1185 οὖν
1302 1142 1467 1184 Ἀττικοὶ
1497 1142 1539 1183 τὸ
1571 1143 1676 1198 ῥῆμα
1687 1140 1828 1198 (κνῆν)

256 1204 358 1244 οὕτω
391 1202 572 1257 λέγουσιν
593 1207 670 1243 κτλ.
720 1205 768 1243 of.
788 1204 963 1244 Pierson.
983 1205 1105 1244 Moer.
1129 1207 1226 1245 234.
1276 1205 1376 1244 Poll.
1404 1206 1442 1255 7,
1471 1206 1553 1244 196
1586 1207 1827 1256 τυροπῶλαι·

256 1263 351 1311 ἔθος
376 1258 428 1315 ἦν
455 1263 653 1316 ἐπερωτᾶν
677 1263 842 1311 τούτους
860 1263 1026 1316 πότερον
1044 1269 1147 1316 κνῆν
1172 1261 1199 1316 ἢ
1218 1263 1429 1304 ἐπεσθίειν.
1472 1264 1496 1302 i.
1519 1277 1551 1302 e.
1577 1264 1645 1315 qui
1669 1277 1829 1304 caseum

256 1324 484 1364 vendebant
522 1324 771 1375 interrogare
810 1324 992 1363 solebant
1029 1325 1221 1363 tritumne
1260 1337 1419 1364 caseum
1452 1325 1650 1374 emptores
1688 1337 1740 1362 an
1769 1323 1828 1362 in-

256 1387 415 1435 tegrum
453 1397 543 1429 cum
574 1396 676 1433 pane
709 1383 905 1422 edendum
936 1385 1097 1424 vellent.
1148 1384 1248 1423 Poll.
1282 1386 1326 1435 6,
1359 1386 1413 1423 39
1447 1378 1693 1437 (ἐπιφαγεῖν)
1726 1381 1828 1422 οὕτω

257 1441 392 1495 ἔλεγον
423 1441 465 1482 τὸ
498 1440 561 1482 ἐπὶ
591 1444 644 1498 τῷ
675 1439 779 1499 ἄρτῳ
811 1440 917 1494 ὄψον
948 1441 1160 1483 ἐπεσθίειν.

972 1638 1078 1684 οὐδὲ
1108 1641 1319 1698 τάρχαῖον
1350 1648 1479 1683 ποιεῖ.

380 1729 549 1767 Photius
588 1726 651 1768 ἐπὶ
681 1734 759 1768 τῶν
791 1727 844 1780 μὴ
883 1727 1199 1768 λυσιτελούντων.
1250 1742 1351 1779 quae
1384 1728 1610 1767 adiciuntur
1641 1730 1831 1778 corrupta

263 1790 368 1827 sunt.
417 1788 597 1838 Append.
630 1802 741 1839 prov.
773 1791 820 1839 4,
856 1790 909 1828 36
955 1786 1074 1828 οὐδὲν
1105 1786 1269 1840 ἀρχαῖον
1298 1783 1400 1841 f(scr.
1432 1785 1526 1827 οὐδὲ
1556 1783 1678 1839 τάρχ.)
1710 1790 1830 1826 ποιεῖ·

260 1845 324 1886 ἐπὶ
343 1852 421 1886 τῶν
443 1847 498 1894 εἰς
517 1845 641 1899 μηδὲν
661 1847 963 1889 συντελούντων.
1002 1848 1144 1887 Suidas
1170 1848 1253 1887 sine
1272 1848 1437 1897 interpr.
1458 1868 1502 1874 -—
1523 1848 1598 1886 hoc
1624 1847 1699 1886 sibi
1723 1847 1830 1886 vult:

261 1903 373 1946 ‘haec
398 1920 462 1946 res
487 1921 566 1947 non
591 1909 721 1947 solum
746 1909 863 1947 fenus
887 1908 1056 1955 nullum,
1089 1908 1157 1947 sed
1182 1921 1230 1946 ne
1264 1909 1413 1946 sortem
1437 1907 1596 1958 quidem
1623 1902 1829 1956 praestat?

999 2036 1086 2077 724

546 2119 626 2173 τὴν
657 2121 827 2173 γλαῦκα
857 2119 1118 2170 τωθάζουσι.

380 2205 581 2257 παροιμία.
631 2206 798 2245 Photius
818 2206 931 2244 nulla
957 2205 1220 2256 explicatione
1240 2204 1388 2243 addita.
1430 2217 1502 2254 per
1526 2203 1829 2243 translationem

263 2265 415 2304 dictum
448 2265 623 2304 videtur:
656 2265 854 2305 ludificari
887 2265 1073 2316 aliquem,
1102 2267 1150 2303 ut
1180 2277 1274 2304 aves
1304 2265 1503 2303 noctuam.

1001 2392 1087 2434 725

832 2482 921 2518 τῶν
951 2475 1036 2531 γὰρ
1067 2474 1270 2517 ὑστάτων
1301 2474 1437 2530 χάρις.

384 2561 565 2610 Photius‚
596 2562 708 2600 nulla
739 2561 1001 2612 explicatione
1033 2561 1199 2600 adiecta.
1249 2561 1298 2600 cf.
1329 2560 1452 2599 Arist.
1478 2560 1551 2611 Eq.
1586 2560 1712 2599 1205.
1785 2562 1790 2566 '

1008 2688 1091 2730 726

833 2772 937 2821 τοὺς
966 2772 1133 2826 νόμους
1162 2769 1380 2826 μεγάλους
1410 2770 1515 2824 ἄγω.

385 2858 513 2897 Schol.
545 2858 684 2909 Eurip.
717 2850 810 2896 Hec.
845 2859 927 2897 386
961 2854 1017 2908 (p.
1051 2857 1154 2908 316,
1187 2858 1240 2896 16
1273 2851 1411 2910 Dind.)
1447 2853 1541 2896 ποτὲ
1577 2852 1619 2894 δὲ
1655 2849 1715 2908 (τὸ
1745 2851 1828 2908 ἄγω

269 2913 467 2970 σημαίνει)
499 2916 540 2956 τὸ
572 2914 759 2970 ἡγοῦμαι,
790 2914 842 2964 ὡς
872 2915 915 2956 τό
947 2919 1023 2957 κτλ.
1059 2937 1109 2943 -
1144 2917 1192 2955 cf.
1219 2915 1367 2956 Cratin.
1396 2918 1491 2955 112.
1518 2916 1615 2955 352.
