<?xml version="1.0" encoding="UTF-8"?>
<!DOCTYPE html PUBLIC "-//W3C//DTD XHTML 1.0 Transitional//EN"
    "http://www.w3.org/TR/xhtml1/DTD/xhtml1-transitional.dtd">
<html xmlns="http://www.w3.org/1999/xhtml" xml:lang="en" lang="en">
 <head>
  <title>
</title>
<meta http-equiv="Content-Type" content="text/html;charset=utf-8" />
  <meta name='ocr-system' content='tesseract 3.04.00' />
  <meta name='ocr-capabilities' content='ocr_page ocr_carea ocr_par ocr_line ocrx_word'/>
</head>
<body>
  <div class='ocr_page' id='page_1' title='image "./comicorumatticor03kockuoft_0433.png"; bbox 0 0 2014 3334; ppageno 0'>
   <div class='ocr_carea' id='block_1_1' title="bbox 0 0 328 220">
    <p class='ocr_par' dir='ltr' id='par_1_1' title="bbox 0 0 328 220">
     <span class='ocr_line' id='line_1_1' title="bbox 0 0 328 220; baseline 0 3114"><span class='ocrx_word' id='word_1_1' title='bbox 0 0 328 220; x_wconf 95' lang='lat' dir='ltr'><strong> </strong></span> 
     </span>
    </p>
   </div>
   <div class='ocr_carea' id='block_1_2' title="bbox 827 238 1787 282">
    <p class='ocr_par' dir='ltr' id='par_1_2' title="bbox 827 238 1787 282">
     <span class='ocr_line' id='line_1_2' title="bbox 827 238 1787 282; baseline 0.003 -3"><span class='ocrx_word' id='word_1_2' title='bbox 827 243 928 279; x_wconf 76' lang='grc' dir='ltr'><strong>ΤΗΣ</strong></span> <span class='ocrx_word' id='word_1_3' title='bbox 952 241 1162 279; x_wconf 72' lang='grc' dir='ltr'><strong>ΑΡΧΑΙΑΣ</strong></span> <span class='ocrx_word' id='word_1_4' title='bbox 1697 238 1787 282; x_wconf 83' lang='grc'><strong>413</strong></span> 
     </span>
    </p>
   </div>
   <div class='ocr_carea' id='block_1_3' title="bbox 132 352 1788 408">
    <p class='ocr_par' dir='ltr' id='par_1_3' title="bbox 132 352 1788 408">
     <span class='ocr_line' id='line_1_3' title="bbox 132 352 1788 408; baseline -0.004 -8"><span class='ocrx_word' id='word_1_5' title='bbox 132 358 134 361; x_wconf 74' lang='grc'><strong>’</strong></span> <span class='ocrx_word' id='word_1_6' title='bbox 204 357 241 399; x_wconf 83' lang='lat' dir='ltr'><strong>V</strong></span> <span class='ocrx_word' id='word_1_7' title='bbox 273 371 526 400; x_wconf 81' lang='lat' dir='ltr'><strong>cccxxxvm.</strong></span> <span class='ocrx_word' id='word_1_8' title='bbox 552 352 857 405; x_wconf 78' lang='grc' dir='ltr'><strong><em>Ἀπελλικῶντος</em></strong></span> <span class='ocrx_word' id='word_1_9' title='bbox 888 369 1046 408; x_wconf 80' lang='lat' dir='ltr'><strong>semper</strong></span> <span class='ocrx_word' id='word_1_10' title='bbox 1084 355 1244 396; x_wconf 81' lang='lat' dir='ltr'><strong>Strabo.</strong></span> <span class='ocrx_word' id='word_1_11' title='bbox 1293 355 1342 396; x_wconf 90' lang='lat' dir='ltr'><strong>de</strong></span> <span class='ocrx_word' id='word_1_12' title='bbox 1368 355 1591 396; x_wconf 78' lang='lat' dir='ltr'><strong>Democlide</strong></span> <span class='ocrx_word' id='word_1_13' title='bbox 1620 355 1686 395; x_wconf 86' lang='lat' dir='ltr'><strong>vel</strong></span> <span class='ocrx_word' id='word_1_14' title='bbox 1710 354 1788 394; x_wconf 85' lang='lat' dir='ltr'><strong>De-</strong></span> 
     </span>
    </p>
   </div>
   <div class='ocr_carea' id='block_1_4' title="bbox 202 419 940 469">
    <p class='ocr_par' dir='ltr' id='par_1_4' title="bbox 202 419 940 469">
     <span class='ocr_line' id='line_1_4' title="bbox 202 419 940 469; baseline -0.005 -9"><span class='ocrx_word' id='word_1_15' title='bbox 202 421 323 460; x_wconf 77' lang='lat' dir='ltr'><strong>mocle</strong></span> <span class='ocrx_word' id='word_1_16' title='bbox 351 420 454 459; x_wconf 84' lang='lat' dir='ltr'><strong>nihil</strong></span> <span class='ocrx_word' id='word_1_17' title='bbox 485 419 647 459; x_wconf 75' lang='lat' dir='ltr'><strong>aliunde</strong></span> <span class='ocrx_word' id='word_1_18' title='bbox 679 420 940 469; x_wconf 87' lang='lat' dir='ltr'><strong>compertum.</strong></span> 
     </span>
    </p>
   </div>
   <div class='ocr_carea' id='block_1_5' title="bbox 489 535 1027 638">
    <p class='ocr_par' dir='ltr' id='par_1_5' title="bbox 489 535 1027 638">
     <span class='ocr_line' id='line_1_5' title="bbox 489 535 1027 638; baseline -0.002 0"><span class='ocrx_word' id='word_1_19' title='bbox 489 595 754 638; x_wconf 80' lang='grc' dir='ltr'><strong><em>Μενωνίδαι</em></strong></span> <span class='ocrx_word' id='word_1_20' title='bbox 971 535 1027 577; x_wconf 65' lang='grc'><strong>72</strong></span> 
     </span>
    </p>
   </div>
   <div class='ocr_carea' id='block_1_6' title="bbox 204 677 1788 1095">
    <p class='ocr_par' dir='ltr' id='par_1_6' title="bbox 204 677 1788 1095">
     <span class='ocr_line' id='line_1_6' title="bbox 325 677 1788 733; baseline -0.002 -11"><span class='ocrx_word' id='word_1_21' title='bbox 325 682 569 733; x_wconf 83' lang='lat' dir='ltr'><strong>Hesychius,</strong></span> <span class='ocrx_word' id='word_1_22' title='bbox 606 686 685 721; x_wconf 82' lang='grc' dir='ltr'><strong><em>τῶν</em></strong></span> <span class='ocrx_word' id='word_1_23' title='bbox 722 679 927 733; x_wconf 80' lang='grc' dir='ltr'><strong><em>εὐσήμων,</em></strong></span> <span class='ocrx_word' id='word_1_24' title='bbox 965 679 1008 720; x_wconf 78' lang='grc' dir='ltr'><strong>ἐκ</strong></span> <span class='ocrx_word' id='word_1_25' title='bbox 1044 680 1313 720; x_wconf 81' lang='grc' dir='ltr'><strong><em>Μενωνιδῶν.</em></strong></span> <span class='ocrx_word' id='word_1_26' title='bbox 1375 677 1478 728; x_wconf 83' lang='grc' dir='ltr'><strong><em>τινὲς</em></strong></span> <span class='ocrx_word' id='word_1_27' title='bbox 1510 677 1553 720; x_wconf 85' lang='grc' dir='ltr'><strong>δέ</strong></span> <span class='ocrx_word' id='word_1_28' title='bbox 1589 691 1689 731; x_wconf 84' lang='grc' dir='ltr'><strong><em>φασι</em></strong></span> <span class='ocrx_word' id='word_1_29' title='bbox 1719 678 1788 720; x_wconf 87' lang='grc' dir='ltr'><strong><em>τὸν</em></strong></span> 
     </span>
     <span class='ocr_line' id='line_1_7' title="bbox 205 736 1787 794; baseline -0.002 -12"><span class='ocrx_word' id='word_1_30' title='bbox 205 739 388 782; x_wconf 87' lang='grc' dir='ltr'><strong><em>Μένωνα</em></strong></span> <span class='ocrx_word' id='word_1_31' title='bbox 407 741 727 794; x_wconf 80' lang='grc' dir='ltr'><strong><em>ἐξωστρακίσθαι.</em></strong></span> <span class='ocrx_word' id='word_1_32' title='bbox 759 740 945 793; x_wconf 81' lang='grc' dir='ltr'><strong><em>εὐσήμων</em></strong></span> <span class='ocrx_word' id='word_1_33' title='bbox 964 738 1102 791; x_wconf 72' lang='lat' dir='ltr'><strong>Mein]</strong></span> <span class='ocrx_word' id='word_1_34' title='bbox 1130 738 1337 792; x_wconf 76' lang='grc' dir='ltr'><strong><em>εὐφήμων.</em></strong></span> <span class='ocrx_word' id='word_1_35' title='bbox 1371 740 1629 780; x_wconf 84' lang='grc' dir='ltr'><strong><em>Μενωνιδῶν</em></strong></span> <span class='ocrx_word' id='word_1_36' title='bbox 1649 736 1787 792; x_wconf 74' lang='lat' dir='ltr'><strong>Mein]</strong></span> 
     </span>
     <span class='ocr_line' id='line_1_8' title="bbox 205 797 1788 852; baseline -0.002 -10"><span class='ocrx_word' id='word_1_37' title='bbox 205 800 406 850; x_wconf 85' lang='grc' dir='ltr'><strong><em>Μένωνος</em></strong></span> <span class='ocrx_word' id='word_1_38' title='bbox 437 801 563 842; x_wconf 79' lang='grc' dir='ltr'><strong><em>ἰδίων.</em></strong></span> <span class='ocrx_word' id='word_1_39' title='bbox 614 797 755 842; x_wconf 80' lang='lat' dir='ltr'><strong>‘verba</strong></span> <span class='ocrx_word' id='word_1_40' title='bbox 785 800 829 842; x_wconf 81' lang='grc' dir='ltr'><strong>ἐκ</strong></span> <span class='ocrx_word' id='word_1_41' title='bbox 854 800 1111 841; x_wconf 81' lang='grc' dir='ltr'><strong><em>Μενωνιδῶν</em></strong></span> <span class='ocrx_word' id='word_1_42' title='bbox 1141 803 1284 852; x_wconf 85' lang='lat' dir='ltr'><strong>poetae</strong></span> <span class='ocrx_word' id='word_1_43' title='bbox 1317 813 1403 840; x_wconf 86' lang='lat' dir='ltr'><strong>esse</strong></span> <span class='ocrx_word' id='word_1_44' title='bbox 1435 801 1639 850; x_wconf 88' lang='lat' dir='ltr'><strong>videntur,</strong></span> <span class='ocrx_word' id='word_1_45' title='bbox 1672 801 1788 840; x_wconf 88' lang='lat' dir='ltr'><strong>cuius</strong></span> 
     </span>
     <span class='ocr_line' id='line_1_9' title="bbox 204 858 1788 914; baseline -0.003 -11"><span class='ocrx_word' id='word_1_46' title='bbox 204 862 338 903; x_wconf 87' lang='lat' dir='ltr'><strong>locum</strong></span> <span class='ocrx_word' id='word_1_47' title='bbox 367 862 661 914; x_wconf 71' lang='lat' dir='ltr'><strong>interpretatur</strong></span> <span class='ocrx_word' id='word_1_48' title='bbox 690 861 1007 914; x_wconf 83' lang='lat' dir='ltr'>glossographus</span> <span class='ocrx_word' id='word_1_49' title='bbox 1039 861 1174 901; x_wconf 86' lang='lat' dir='ltr'><strong>verbis</strong></span> <span class='ocrx_word' id='word_1_50' title='bbox 1206 859 1448 900; x_wconf 83' lang='grc' dir='ltr'><strong><em>Μενωνίὸαι</em></strong></span> <span class='ocrx_word' id='word_1_51' title='bbox 1477 865 1556 899; x_wconf 87' lang='grc' dir='ltr'><strong><em>τῶν</em></strong></span> <span class='ocrx_word' id='word_1_52' title='bbox 1588 858 1788 912; x_wconf 82' lang='grc' dir='ltr'><strong><em>εὐσήμων,</em></strong></span> 
     </span>
     <span class='ocr_line' id='line_1_10' title="bbox 205 916 1786 972; baseline -0.002 -10"><span class='ocrx_word' id='word_1_53' title='bbox 205 923 444 963; x_wconf 74' lang='lat' dir='ltr'><strong>Memmidae</strong></span> <span class='ocrx_word' id='word_1_54' title='bbox 474 916 705 962; x_wconf 66' lang='lat' dir='ltr'><strong>inlustoe&#39;ibus</strong></span> <span class='ocrx_word' id='word_1_55' title='bbox 732 922 911 971; x_wconf 77' lang='lat' dir='ltr'><strong>yentibus</strong></span> <span class='ocrx_word' id='word_1_56' title='bbox 942 916 1257 961; x_wconf 67' lang='lat' dir='ltr'><strong>adnumerandi?</strong></span> <span class='ocrx_word' id='word_1_57' title='bbox 1286 921 1407 960; x_wconf 88' lang='lat' dir='ltr'><strong>Mein.</strong></span> <span class='ocrx_word' id='word_1_58' title='bbox 1457 918 1622 972; x_wconf 82' lang='grc' dir='ltr'><strong><em>εὐήθων</em></strong></span> <span class='ocrx_word' id='word_1_59' title='bbox 1641 921 1786 972; x_wconf 85' lang='lat' dir='ltr'><strong>Bergk.</strong></span> 
     </span>
     <span class='ocr_line' id='line_1_11' title="bbox 205 980 1788 1034; baseline -0.002 -12"><span class='ocrx_word' id='word_1_60' title='bbox 205 981 427 1023; x_wconf 86' lang='lat' dir='ltr'><strong>Comment.</strong></span> <span class='ocrx_word' id='word_1_61' title='bbox 453 981 604 1022; x_wconf 32' lang='lat' dir='ltr'><strong>crit.‡H</strong></span> <span class='ocrx_word' id='word_1_62' title='bbox 623 995 709 1031; x_wconf 88' lang='lat' dir='ltr'>v111,</span> <span class='ocrx_word' id='word_1_63' title='bbox 742 982 812 1034; x_wconf 86' lang='lat' dir='ltr'><strong>qui</strong></span> <span class='ocrx_word' id='word_1_64' title='bbox 843 982 1052 1022; x_wconf 71' lang='lat' dir='ltr'><strong>Meno‘ne‘m</strong></span> <span class='ocrx_word' id='word_1_65' title='bbox 1077 981 1284 1030; x_wconf 86' lang='lat' dir='ltr'><strong>artificem,</strong></span> <span class='ocrx_word' id='word_1_66' title='bbox 1309 980 1477 1020; x_wconf 83' lang='lat' dir='ltr'><strong>Phidiae</strong></span> <span class='ocrx_word' id='word_1_67' title='bbox 1504 983 1788 1032; x_wconf 86' lang='lat' dir='ltr'><strong>accusatorem,</strong></span> 
     </span>
     <span class='ocr_line' id='line_1_12' title="bbox 207 1042 602 1095; baseline -0.005 -12"><span class='ocrx_word' id='word_1_68' title='bbox 207 1042 425 1095; x_wconf 82' lang='lat' dir='ltr'><strong>significari</strong></span> <span class='ocrx_word' id='word_1_69' title='bbox 455 1044 602 1083; x_wconf 83' lang='lat' dir='ltr'><strong>censet.</strong></span> 
     </span>
    </p>
   </div>
   <div class='ocr_carea' id='block_1_7' title="bbox 490 1135 1026 1261">
    <p class='ocr_par' dir='ltr' id='par_1_7' title="bbox 490 1135 1026 1261">
     <span class='ocr_line' id='line_1_13' title="bbox 971 1135 1026 1176; baseline 0 0"><span class='ocrx_word' id='word_1_70' title='bbox 971 1135 1026 1176; x_wconf 82' lang='lat'><strong>73</strong></span> 
     </span>
     <span class='ocr_line' id='line_1_14' title="bbox 490 1205 880 1261; baseline 0.003 -13"><span class='ocrx_word' id='word_1_71' title='bbox 490 1206 694 1261; x_wconf 79' lang='grc' dir='ltr'><strong><em>Κήπιδος</em></strong></span> <span class='ocrx_word' id='word_1_72' title='bbox 725 1205 880 1257; x_wconf 78' lang='grc' dir='ltr'><strong><em>σκέλος</em></strong></span> 
     </span>
    </p>
   </div>
   <div class='ocr_carea' id='block_1_8' title="bbox 206 1284 1784 1417">
    <p class='ocr_par' dir='ltr' id='par_1_8' title="bbox 206 1284 1784 1417">
     <span class='ocr_line' id='line_1_15' title="bbox 323 1284 1784 1358; baseline -0.001 -14"><span class='ocrx_word' id='word_1_73' title='bbox 323 1305 588 1357; x_wconf 81' lang='grc' dir='ltr'><strong><em>παροιμιῶδες</em></strong></span> <span class='ocrx_word' id='word_1_74' title='bbox 613 1299 665 1357; x_wconf 76' lang='grc' dir='ltr'><strong><em>ἦν</em></strong></span> <span class='ocrx_word' id='word_1_75' title='bbox 690 1284 789 1344; x_wconf 78' lang='grc' dir='ltr'><strong><em>κατὰ</em></strong></span> <span class='ocrx_word' id='word_1_76' title='bbox 812 1302 855 1344; x_wconf 86' lang='grc' dir='ltr'><strong>τὸ</strong></span> <span class='ocrx_word' id='word_1_77' title='bbox 874 1301 1073 1358; x_wconf 81' lang='grc' dir='ltr'><em>Πέρδικος</em></span> <span class='ocrx_word' id='word_1_78' title='bbox 1099 1302 1245 1353; x_wconf 80' lang='grc' dir='ltr'><strong><em>σκέλος.</em></strong></span> <span class='ocrx_word' id='word_1_79' title='bbox 1278 1305 1516 1357; x_wconf 85' lang='lat' dir='ltr'><strong>Hesychius.</strong></span> <span class='ocrx_word' id='word_1_80' title='bbox 1555 1302 1670 1354; x_wconf 76' lang='lat' dir='ltr'><strong>Cepis</strong></span> <span class='ocrx_word' id='word_1_81' title='bbox 1689 1303 1784 1342; x_wconf 87' lang='lat' dir='ltr'><strong>Adi-</strong></span> 
     </span>
     <span class='ocr_line' id='line_1_16' title="bbox 206 1365 1065 1417; baseline -0.001 -12"><span class='ocrx_word' id='word_1_82' title='bbox 206 1365 335 1405; x_wconf 76' lang='lat' dir='ltr'><strong>manti</strong></span> <span class='ocrx_word' id='word_1_83' title='bbox 365 1368 482 1416; x_wconf 89' lang='lat' dir='ltr'><strong>pater</strong></span> <span class='ocrx_word' id='word_1_84' title='bbox 513 1367 575 1405; x_wconf 88' lang='lat' dir='ltr'><strong>est</strong></span> <span class='ocrx_word' id='word_1_85' title='bbox 605 1365 710 1404; x_wconf 83' lang='lat' dir='ltr'><strong>Plat.</strong></span> <span class='ocrx_word' id='word_1_86' title='bbox 741 1365 905 1417; x_wconf 85' lang='lat' dir='ltr'><strong>Protag.</strong></span> <span class='ocrx_word' id='word_1_87' title='bbox 939 1366 1023 1405; x_wconf 86' lang='lat'><strong>315</strong></span> <span class='ocrx_word' id='word_1_88' title='bbox 1034 1378 1065 1404; x_wconf 91' lang='lat' dir='ltr'><strong>e.</strong></span> 
     </span>
    </p>
   </div>
   <div class='ocr_carea' id='block_1_9' title="bbox 905 1501 1027 1547">
    <p class='ocr_par' dir='ltr' id='par_1_9' title="bbox 905 1501 1027 1547">
     <span class='ocr_line' id='line_1_17' title="bbox 905 1501 1027 1547; baseline 0 0"><span class='ocrx_word' id='word_1_89' title='bbox 905 1501 1027 1547; x_wconf 79' lang='lat'><strong>&#39;74</strong></span> 
     </span>
    </p>
   </div>
   <div class='ocr_carea' id='block_1_10' title="bbox 490 1565 716 1608">
    <p class='ocr_par' dir='ltr' id='par_1_10' title="bbox 490 1565 716 1608">
     <span class='ocr_line' id='line_1_18' title="bbox 490 1565 716 1608; baseline 0.004 -1"><span class='ocrx_word' id='word_1_90' title='bbox 490 1565 716 1608; x_wconf 86' lang='grc' dir='ltr'><strong><em>Δούλωνα</em></strong></span> 
     </span>
    </p>
   </div>
   <div class='ocr_carea' id='block_1_11' title="bbox 205 1647 1789 2180">
    <p class='ocr_par' dir='ltr' id='par_1_11' title="bbox 205 1647 1789 2180">
     <span class='ocr_line' id='line_1_19' title="bbox 324 1647 1789 1704; baseline -0.001 -13"><span class='ocrx_word' id='word_1_91' title='bbox 324 1649 394 1691; x_wconf 85' lang='grc' dir='ltr'><strong><em>τὸν</em></strong></span> <span class='ocrx_word' id='word_1_92' title='bbox 430 1649 622 1703; x_wconf 84' lang='grc' dir='ltr'><strong><em>μουσικὸν</em></strong></span> <span class='ocrx_word' id='word_1_93' title='bbox 665 1650 902 1703; x_wconf 82' lang='grc' dir='ltr'><strong><em>Φιλόξενον,</em></strong></span> <span class='ocrx_word' id='word_1_94' title='bbox 940 1649 1075 1702; x_wconf 83' lang='grc' dir='ltr'><strong><em>ἐπειδὴ</em></strong></span> <span class='ocrx_word' id='word_1_95' title='bbox 1115 1650 1259 1698; x_wconf 81' lang='grc' dir='ltr'><strong><em>δοῦλος</em></strong></span> <span class='ocrx_word' id='word_1_96' title='bbox 1300 1648 1470 1704; x_wconf 80' lang='grc' dir='ltr'><strong><em>ἐγεγόνει</em></strong></span> <span class='ocrx_word' id='word_1_97' title='bbox 1508 1647 1529 1690; x_wconf 85' lang='grc' dir='ltr'><em>ὃ</em></span> <span class='ocrx_word' id='word_1_98' title='bbox 1565 1649 1789 1698; x_wconf 79' lang='grc' dir='ltr'><strong><em>Φιλόξενος.</em></strong></span> 
     </span>
     <span class='ocr_line' id='line_1_20' title="bbox 205 1705 1788 1764; baseline -0.001 -14"><span class='ocrx_word' id='word_1_99' title='bbox 205 1705 259 1763; x_wconf 79' lang='grc' dir='ltr'><strong><em>ἧν</em></strong></span> <span class='ocrx_word' id='word_1_100' title='bbox 291 1708 334 1750; x_wconf 79' lang='grc' dir='ltr'><strong>δὲ</strong></span> <span class='ocrx_word' id='word_1_101' title='bbox 363 1708 406 1750; x_wconf 83' lang='grc' dir='ltr'><strong>τὸ</strong></span> <span class='ocrx_word' id='word_1_102' title='bbox 436 1709 553 1764; x_wconf 84' lang='grc' dir='ltr'><strong><em>γένος</em></strong></span> <span class='ocrx_word' id='word_1_103' title='bbox 583 1709 806 1763; x_wconf 78' lang='grc' dir='ltr'><strong><em>Κυθήριος.</em></strong></span> <span class='ocrx_word' id='word_1_104' title='bbox 838 1711 1074 1762; x_wconf 81' lang='lat' dir='ltr'><strong>Hesychius.</strong></span> <span class='ocrx_word' id='word_1_105' title='bbox 1124 1711 1174 1750; x_wconf 90' lang='lat' dir='ltr'><strong>cf.</strong></span> <span class='ocrx_word' id='word_1_106' title='bbox 1205 1711 1377 1750; x_wconf 87' lang='lat' dir='ltr'><strong>Lobeck.</strong></span> <span class='ocrx_word' id='word_1_107' title='bbox 1403 1710 1525 1761; x_wconf 86' lang='lat' dir='ltr'><strong>Soph.</strong></span> <span class='ocrx_word' id='word_1_108' title='bbox 1545 1710 1608 1750; x_wconf 91' lang='lat' dir='ltr'><strong>Ai.</strong></span> <span class='ocrx_word' id='word_1_109' title='bbox 1628 1724 1666 1761; x_wconf 87' lang='lat' dir='ltr'><strong>p.</strong></span> <span class='ocrx_word' id='word_1_110' title='bbox 1691 1712 1788 1749; x_wconf 83' lang='lat'><strong>167.</strong></span> 
     </span>
     <span class='ocr_line' id='line_1_21' title="bbox 206 1770 1788 1823; baseline -0.001 -13"><span class='ocrx_word' id='word_1_111' title='bbox 206 1771 435 1811; x_wconf 87' lang='lat' dir='ltr'><strong>comoediae</strong></span> <span class='ocrx_word' id='word_1_112' title='bbox 467 1771 683 1822; x_wconf 84' lang='lat' dir='ltr'><strong>adscripsit</strong></span> <span class='ocrx_word' id='word_1_113' title='bbox 701 1771 833 1822; x_wconf 86' lang='lat' dir='ltr'><strong>Mein.,</strong></span> <span class='ocrx_word' id='word_1_114' title='bbox 865 1773 986 1822; x_wconf 90' lang='lat' dir='ltr'><strong>atque</strong></span> <span class='ocrx_word' id='word_1_115' title='bbox 1013 1771 1204 1821; x_wconf 85' lang='lat' dir='ltr'><strong>antiquae</strong></span> <span class='ocrx_word' id='word_1_116' title='bbox 1235 1770 1366 1823; x_wconf 86' lang='lat' dir='ltr'><strong>magis</strong></span> <span class='ocrx_word' id='word_1_117' title='bbox 1393 1770 1606 1810; x_wconf 85' lang='lat' dir='ltr'><strong>convenire</strong></span> <span class='ocrx_word' id='word_1_118' title='bbox 1625 1770 1788 1810; x_wconf 83' lang='lat' dir='ltr'><strong>videtur</strong></span> 
     </span>
     <span class='ocr_line' id='line_1_22' title="bbox 207 1830 1786 1883; baseline -0.001 -13"><span class='ocrx_word' id='word_1_119' title='bbox 207 1843 328 1883; x_wconf 87' lang='lat' dir='ltr'><strong>quam</strong></span> <span class='ocrx_word' id='word_1_120' title='bbox 358 1844 497 1871; x_wconf 84' lang='lat' dir='ltr'><strong>novae.</strong></span> <span class='ocrx_word' id='word_1_121' title='bbox 554 1844 716 1871; x_wconf 81' lang='lat' dir='ltr'><strong>servum</strong></span> <span class='ocrx_word' id='word_1_122' title='bbox 741 1831 1013 1882; x_wconf 75' lang='lat' dir='ltr'><strong>adpellabant‚</strong></span> <span class='ocrx_word' id='word_1_123' title='bbox 1045 1831 1140 1881; x_wconf 82' lang='lat' dir='ltr'><strong>quia.</strong></span> <span class='ocrx_word' id='word_1_124' title='bbox 1165 1830 1274 1881; x_wconf 88' lang='lat' dir='ltr'><strong>apud</strong></span> <span class='ocrx_word' id='word_1_125' title='bbox 1293 1831 1535 1883; x_wconf 82' lang='lat' dir='ltr'><strong>Dionysium</strong></span> <span class='ocrx_word' id='word_1_126' title='bbox 1566 1833 1786 1881; x_wconf 83' lang='lat' dir='ltr'><strong>tyrannum</strong></span> 
     </span>
     <span class='ocr_line' id='line_1_23' title="bbox 207 1887 1785 1941; baseline -0.001 -12"><span class='ocrx_word' id='word_1_127' title='bbox 207 1890 389 1941; x_wconf 82' lang='lat' dir='ltr'><strong>degebat.</strong></span> <span class='ocrx_word' id='word_1_128' title='bbox 421 1891 544 1930; x_wconf 79' lang='lat' dir='ltr'><strong>aliam</strong></span> <span class='ocrx_word' id='word_1_129' title='bbox 574 1903 736 1930; x_wconf 83' lang='lat' dir='ltr'><strong>causam</strong></span> <span class='ocrx_word' id='word_1_130' title='bbox 767 1891 919 1930; x_wconf 86' lang='lat' dir='ltr'><strong>indicat</strong></span> <span class='ocrx_word' id='word_1_131' title='bbox 951 1890 1096 1929; x_wconf 80' lang='lat' dir='ltr'><strong>Suidas</strong></span> <span class='ocrx_word' id='word_1_132' title='bbox 1131 1889 1343 1938; x_wconf 81' lang='grc' dir='ltr'><strong><em>Φιλόξενος</em></strong></span> <span class='ocrx_word' id='word_1_133' title='bbox 1360 1921 1368 1929; x_wconf 95' lang='grc'><strong>.</strong></span> <span class='ocrx_word' id='word_1_134' title='bbox 1389 1909 1398 1930; x_wconf 80' lang='grc'><strong>;</strong></span> <span class='ocrx_word' id='word_1_135' title='bbox 1420 1887 1785 1941; x_wconf 81' lang='grc' dir='ltr'><strong><em>.ἀνδραποδισθέν-</em></strong></span> 
     </span>
     <span class='ocr_line' id='line_1_24' title="bbox 206 1946 1789 2003; baseline -0.001 -14"><span class='ocrx_word' id='word_1_136' title='bbox 206 1962 285 1989; x_wconf 84' lang='grc' dir='ltr'><strong><em>των</em></strong></span> <span class='ocrx_word' id='word_1_137' title='bbox 315 1955 394 1989; x_wconf 86' lang='grc' dir='ltr'><strong><em>τῶν</em></strong></span> <span class='ocrx_word' id='word_1_138' title='bbox 419 1948 628 2003; x_wconf 80' lang='grc' dir='ltr'><strong><em>Κυθήρων</em></strong></span> <span class='ocrx_word' id='word_1_139' title='bbox 656 1946 737 1990; x_wconf 70' lang='grc' dir='ltr'><strong>’ὑπὸ</strong></span> <span class='ocrx_word' id='word_1_140' title='bbox 756 1949 1090 2002; x_wconf 79' lang='grc' dir='ltr'><strong><em>Λακεδαιμονίων</em></strong></span> <span class='ocrx_word' id='word_1_141' title='bbox 1122 1946 1367 2001; x_wconf 81' lang='grc' dir='ltr'><strong><em>(Ἀθηναίων</em></strong></span> <span class='ocrx_word' id='word_1_142' title='bbox 1397 1946 1538 2003; x_wconf 88' lang='lat' dir='ltr'><strong>Mein.)</strong></span> <span class='ocrx_word' id='word_1_143' title='bbox 1578 1946 1789 2003; x_wconf 79' lang='grc' dir='ltr'><strong><em>ἠγοράσθη</em></strong></span> 
     </span>
     <span class='ocr_line' id='line_1_25' title="bbox 209 2005 1787 2062; baseline 0 -14"><span class='ocrx_word' id='word_1_144' title='bbox 209 2007 289 2049; x_wconf 75' lang='grc' dir='ltr'><strong>ὑπὸ</strong></span> <span class='ocrx_word' id='word_1_145' title='bbox 327 2005 540 2062; x_wconf 83' lang='grc' dir='ltr'><strong><em>’Λγεσυλου</em></strong></span> <span class='ocrx_word' id='word_1_146' title='bbox 582 2008 689 2058; x_wconf 87' lang='grc' dir='ltr'><strong><em>τινὸς</em></strong></span> <span class='ocrx_word' id='word_1_147' title='bbox 731 2007 798 2049; x_wconf 82' lang='grc' dir='ltr'><strong>καὶ</strong></span> <span class='ocrx_word' id='word_1_148' title='bbox 840 2006 910 2049; x_wconf 77' lang='grc' dir='ltr'><strong>ὑπ’</strong></span> <span class='ocrx_word' id='word_1_149' title='bbox 953 2007 1077 2050; x_wconf 81' lang='grc' dir='ltr'><strong><em>αὐτοῦ</em></strong></span> <span class='ocrx_word' id='word_1_150' title='bbox 1114 2007 1277 2062; x_wconf 75' lang='grc' dir='ltr'><strong>ἐτράφη.</strong></span> <span class='ocrx_word' id='word_1_151' title='bbox 1340 2022 1442 2061; x_wconf 87' lang='lat' dir='ltr'><strong>quae</strong></span> <span class='ocrx_word' id='word_1_152' title='bbox 1480 2009 1532 2048; x_wconf 85' lang='lat' dir='ltr'><strong>ad</strong></span> <span class='ocrx_word' id='word_1_153' title='bbox 1564 2007 1625 2048; x_wconf 91' lang='lat' dir='ltr'><strong>Ol.</strong></span> <span class='ocrx_word' id='word_1_154' title='bbox 1659 2010 1727 2059; x_wconf 85' lang='lat'><strong>88,</strong></span> <span class='ocrx_word' id='word_1_155' title='bbox 1761 2011 1787 2048; x_wconf 87' lang='grc'>4</span> 
     </span>
     <span class='ocr_line' id='line_1_26' title="bbox 207 2039 1787 2120; baseline -0.001 -12"><span class='ocrx_word' id='word_1_156' title='bbox 207 2069 442 2120; x_wconf 86' lang='lat' dir='ltr'><strong>Meinekius,</strong></span> <span class='ocrx_word' id='word_1_157' title='bbox 473 2070 525 2109; x_wconf 88' lang='lat' dir='ltr'><strong>ad</strong></span> <span class='ocrx_word' id='word_1_158' title='bbox 545 2068 605 2110; x_wconf 93' lang='lat' dir='ltr'><strong>Ol.</strong></span> <span class='ocrx_word' id='word_1_159' title='bbox 627 2071 684 2110; x_wconf 86' lang='lat'><strong>90</strong></span> <span class='ocrx_word' id='word_1_160' title='bbox 715 2070 916 2110; x_wconf 83' lang='lat' dir='ltr'><strong>referebat</strong></span> <span class='ocrx_word' id='word_1_161' title='bbox 935 2070 1158 2110; x_wconf 86' lang='lat' dir='ltr'><strong>Reinesius.</strong></span> <span class='ocrx_word' id='word_1_162' title='bbox 1190 2070 1239 2110; x_wconf 89' lang='lat' dir='ltr'><strong>cf.</strong></span> <span class='ocrx_word' id='word_1_163' title='bbox 1258 2069 1466 2120; x_wconf 87' lang='lat' dir='ltr'><strong>Aristoph.</strong></span> <span class='ocrx_word' id='word_1_164' title='bbox 1499 2069 1548 2107; x_wconf 89' lang='lat' dir='ltr'><strong>fr</strong></span> <span class='ocrx_word' id='word_1_165' title='bbox 1572 2071 1670 2108; x_wconf 86' lang='lat'><strong>641.</strong></span> <span class='ocrx_word' id='word_1_166' title='bbox 1691 2039 1787 2108; x_wconf 78' lang='lat'>7⁷25</span> 
     </span>
     <span class='ocr_line' id='line_1_27' title="bbox 209 2129 561 2180; baseline 0.006 -12"><span class='ocrx_word' id='word_1_167' title='bbox 209 2129 429 2180; x_wconf 84' lang='lat' dir='ltr'><strong>Antiphan.</strong></span> <span class='ocrx_word' id='word_1_168' title='bbox 463 2131 561 2170; x_wconf 80' lang='lat'><strong>209.</strong></span> 
     </span>
    </p>
   </div>
   <div class='ocr_carea' id='block_1_12' title="bbox 494 2211 1025 2326">
    <p class='ocr_par' dir='ltr' id='par_1_12' title="bbox 494 2211 1025 2326">
     <span class='ocr_line' id='line_1_28' title="bbox 494 2211 1025 2326; baseline 0 -14"><span class='ocrx_word' id='word_1_169' title='bbox 494 2272 792 2326; x_wconf 85' lang='grc' dir='ltr'><strong><em>Δρυαχαρνεῦ</em></strong></span> <span class='ocrx_word' id='word_1_170' title='bbox 969 2211 1025 2254; x_wconf 66' lang='lat'><strong>75</strong></span> 
     </span>
    </p>
   </div>
   <div class='ocr_carea' id='block_1_13' title="bbox 208 2352 1789 2590">
    <p class='ocr_par' dir='ltr' id='par_1_13' title="bbox 208 2352 1789 2590">
     <span class='ocr_line' id='line_1_29' title="bbox 329 2352 1789 2412; baseline -0.001 -16"><span class='ocrx_word' id='word_1_171' title='bbox 329 2355 465 2408; x_wconf 80' lang='grc' dir='ltr'><strong><em>δρύινε</em></strong></span> <span class='ocrx_word' id='word_1_172' title='bbox 497 2352 685 2408; x_wconf 80' lang='grc' dir='ltr'><strong><em>Ἀχαρνεῦ</em></strong></span> <span class='ocrx_word' id='word_1_173' title='bbox 722 2355 950 2408; x_wconf 81' lang='grc' dir='ltr'><strong><em>ἀναίσθητε.</em></strong></span> <span class='ocrx_word' id='word_1_174' title='bbox 999 2355 1285 2412; x_wconf 77' lang='grc' dir='ltr'><strong><em>ἐκωμῳδοῦντο</em></strong></span> <span class='ocrx_word' id='word_1_175' title='bbox 1316 2354 1392 2409; x_wconf 86' lang='grc' dir='ltr'><strong>γὰρ</strong></span> <span class='ocrx_word' id='word_1_176' title='bbox 1424 2355 1467 2396; x_wconf 81' lang='grc' dir='ltr'><strong>οἱ</strong></span> <span class='ocrx_word' id='word_1_177' title='bbox 1488 2352 1690 2408; x_wconf 86' lang='grc' dir='ltr'><strong><em>Ἀχαρνεῖς</em></strong></span> <span class='ocrx_word' id='word_1_178' title='bbox 1735 2353 1789 2403; x_wconf 82' lang='grc' dir='ltr'><strong>ὡς</strong></span> 
     </span>
     <span class='ocr_line' id='line_1_30' title="bbox 209 2411 1785 2468; baseline 0 -14"><span class='ocrx_word' id='word_1_179' title='bbox 209 2412 339 2468; x_wconf 73' lang='grc' dir='ltr'><strong><em>ἄγριοι</em></strong></span> <span class='ocrx_word' id='word_1_180' title='bbox 369 2415 436 2455; x_wconf 86' lang='grc' dir='ltr'><strong>καὶ</strong></span> <span class='ocrx_word' id='word_1_181' title='bbox 466 2416 639 2467; x_wconf 85' lang='grc' dir='ltr'><strong>σκληροί.</strong></span> <span class='ocrx_word' id='word_1_182' title='bbox 689 2417 917 2468; x_wconf 86' lang='lat' dir='ltr'><strong>Etymolog.</strong></span> <span class='ocrx_word' id='word_1_183' title='bbox 938 2430 989 2455; x_wconf 92' lang='lat' dir='ltr'><strong>m.</strong></span> <span class='ocrx_word' id='word_1_184' title='bbox 1012 2417 1113 2467; x_wconf 86' lang='lat'>288,</span> <span class='ocrx_word' id='word_1_185' title='bbox 1137 2418 1188 2456; x_wconf 84' lang='lat'><strong>17</strong></span> <span class='ocrx_word' id='word_1_186' title='bbox 1222 2419 1262 2456; x_wconf 83' lang='lat' dir='ltr'><strong>et</strong></span> <span class='ocrx_word' id='word_1_187' title='bbox 1283 2416 1426 2455; x_wconf 84' lang='lat' dir='ltr'><strong>Suidas</strong></span> <span class='ocrx_word' id='word_1_188' title='bbox 1459 2411 1549 2468; x_wconf 80' lang='lat' dir='ltr'><strong>(nbi</strong></span> <span class='ocrx_word' id='word_1_189' title='bbox 1572 2428 1785 2466; x_wconf 87' lang='lat' dir='ltr'><strong>perperam</strong></span> 
     </span>
     <span class='ocr_line' id='line_1_31' title="bbox 211 2470 1786 2530; baseline 0.001 -17"><span class='ocrx_word' id='word_1_190' title='bbox 211 2470 476 2530; x_wconf 82' lang='grc' dir='ltr'><strong><em>Δραχαρνεῢ).</em></strong></span> <span class='ocrx_word' id='word_1_191' title='bbox 525 2476 711 2515; x_wconf 85' lang='lat' dir='ltr'><strong>similiter</strong></span> <span class='ocrx_word' id='word_1_192' title='bbox 747 2476 968 2526; x_wconf 82' lang='lat' dir='ltr'><strong>Hesychius</strong></span> <span class='ocrx_word' id='word_1_193' title='bbox 1001 2472 1184 2530; x_wconf 80' lang='grc' dir='ltr'><strong><em>(δοκοῦσι</em></strong></span> <span class='ocrx_word' id='word_1_194' title='bbox 1219 2474 1295 2530; x_wconf 89' lang='grc' dir='ltr'><strong>γὰρ</strong></span> <span class='ocrx_word' id='word_1_195' title='bbox 1327 2475 1371 2515; x_wconf 83' lang='grc' dir='ltr'><strong>οἰ</strong></span> <span class='ocrx_word' id='word_1_196' title='bbox 1392 2471 1592 2527; x_wconf 86' lang='grc' dir='ltr'><strong><em>Ἀχαρνεῖς</em></strong></span> <span class='ocrx_word' id='word_1_197' title='bbox 1624 2472 1786 2528; x_wconf 84' lang='grc' dir='ltr'><strong><em>σκληροὶ</em></strong></span> 
     </span>
     <span class='ocr_line' id='line_1_32' title="bbox 208 2530 1344 2590; baseline 0.001 -17"><span class='ocrx_word' id='word_1_198' title='bbox 208 2532 282 2585; x_wconf 80' lang='grc' dir='ltr'><strong><em>τὴν</em></strong></span> <span class='ocrx_word' id='word_1_199' title='bbox 311 2533 476 2588; x_wconf 78' lang='grc' dir='ltr'><strong><em>γνώμην</em></strong></span> <span class='ocrx_word' id='word_1_200' title='bbox 507 2530 608 2574; x_wconf 86' lang='grc' dir='ltr'><strong><em>εἶναι</em></strong></span> <span class='ocrx_word' id='word_1_201' title='bbox 637 2534 704 2575; x_wconf 82' lang='grc' dir='ltr'><strong>καὶ</strong></span> <span class='ocrx_word' id='word_1_202' title='bbox 734 2531 941 2590; x_wconf 72' lang='grc' dir='ltr'><strong><em>ἄτεγκτοι).</em></strong></span> <span class='ocrx_word' id='word_1_203' title='bbox 990 2536 1039 2576; x_wconf 87' lang='lat' dir='ltr'><strong>cf.</strong></span> <span class='ocrx_word' id='word_1_204' title='bbox 1072 2536 1213 2575; x_wconf 87' lang='lat' dir='ltr'><strong>Zonar.</strong></span> <span class='ocrx_word' id='word_1_205' title='bbox 1246 2537 1344 2576; x_wconf 89' lang='grc'><strong>569.</strong></span> 
     </span>
    </p>
   </div>
   <div class='ocr_carea' id='block_1_14' title="bbox 973 2676 1028 2719">
    <p class='ocr_par' dir='ltr' id='par_1_14' title="bbox 973 2676 1028 2719">
     <span class='ocr_line' id='line_1_33' title="bbox 973 2676 1028 2719; baseline 0 0"><span class='ocrx_word' id='word_1_206' title='bbox 973 2676 1028 2719; x_wconf 82' lang='grc'><strong>76</strong></span> 
     </span>
    </p>
   </div>
   <div class='ocr_carea' id='block_1_15' title="bbox 205 2755 1790 2994">
    <p class='ocr_par' dir='ltr' id='par_1_15' title="bbox 212 2755 1790 2994">
     <span class='ocr_line' id='line_1_34' title="bbox 329 2755 1788 2817; baseline 0.001 -17"><span class='ocrx_word' id='word_1_207' title='bbox 329 2761 556 2813; x_wconf 88' lang='lat' dir='ltr'><strong>Hesychius</strong></span> <span class='ocrx_word' id='word_1_208' title='bbox 595 2759 932 2813; x_wconf 77' lang='grc' dir='ltr'><strong><em>Κλαζομένιοι·</em></strong></span> <span class='ocrx_word' id='word_1_209' title='bbox 977 2760 1081 2802; x_wconf 76' lang='grc' dir='ltr'><strong><em>οὕτω</em></strong></span> <span class='ocrx_word' id='word_1_210' title='bbox 1125 2755 1262 2815; x_wconf 79' lang='grc' dir='ltr'><strong><em>(οὗτοι</em></strong></span> <span class='ocrx_word' id='word_1_211' title='bbox 1298 2759 1443 2813; x_wconf 86' lang='lat' dir='ltr'><strong>Mein.)</strong></span> <span class='ocrx_word' id='word_1_212' title='bbox 1488 2760 1788 2817; x_wconf 79' lang='grc' dir='ltr'><strong><em>κωμωδοῦνται.</em></strong></span> 
     </span>
     <span class='ocr_line' id='line_1_35' title="bbox 212 2815 1790 2875; baseline 0 -14"><span class='ocrx_word' id='word_1_213' title='bbox 212 2821 377 2861; x_wconf 81' lang='grc' dir='ltr'><strong><em>δοκοῦσι</em></strong></span> <span class='ocrx_word' id='word_1_214' title='bbox 406 2820 481 2874; x_wconf 86' lang='grc' dir='ltr'><strong>γὰρ</strong></span> <span class='ocrx_word' id='word_1_215' title='bbox 513 2818 856 2869; x_wconf 79' lang='grc' dir='ltr'><strong><em>ἐπικύπτοντες</em></strong></span> <span class='ocrx_word' id='word_1_216' title='bbox 885 2824 1160 2875; x_wconf 85' lang='grc' dir='ltr'><strong><em>προστιλᾶν.</em></strong></span> <span class='ocrx_word' id='word_1_217' title='bbox 1210 2823 1251 2860; x_wconf 87' lang='lat' dir='ltr'><strong>et</strong></span> <span class='ocrx_word' id='word_1_218' title='bbox 1286 2818 1631 2871; x_wconf 79' lang='grc' dir='ltr'><strong><em>Κλαζομένιος·</em></strong></span> <span class='ocrx_word' id='word_1_219' title='bbox 1673 2815 1790 2869; x_wconf 78' lang='grc' dir='ltr'><strong><em>οὗτος</em></strong></span> 
     </span>
     <span class='ocr_line' id='line_1_36' title="bbox 205 2875 1788 2934; baseline 0.001 -14.006"><span class='ocrx_word' id='word_1_220' title='bbox 205 2876 463 2933; x_wconf 82' lang='grc' dir='ltr'><strong><em>Ἡρακλείδης</em></strong></span> <span class='ocrx_word' id='word_1_221' title='bbox 494 2878 515 2920; x_wconf 85' lang='grc' dir='ltr'>ὁ</span> <span class='ocrx_word' id='word_1_222' title='bbox 547 2877 814 2932; x_wconf 81' lang='grc' dir='ltr'><strong><em>Κλαζομένιός</em></strong></span> <span class='ocrx_word' id='word_1_223' title='bbox 848 2895 887 2921; x_wconf 82' lang='grc' dir='ltr'><strong>τε</strong></span> <span class='ocrx_word' id='word_1_224' title='bbox 916 2879 984 2922; x_wconf 78' lang='grc' dir='ltr'><strong>καὶ</strong></span> <span class='ocrx_word' id='word_1_225' title='bbox 1016 2878 1037 2921; x_wconf 83' lang='grc' dir='ltr'><em>ὅ</em></span> <span class='ocrx_word' id='word_1_226' title='bbox 1069 2877 1173 2933; x_wconf 84' lang='grc' dir='ltr'><strong><em>βαῢς</em></strong></span> <span class='ocrx_word' id='word_1_227' title='bbox 1204 2875 1328 2934; x_wconf 82' lang='grc' dir='ltr'><strong><em>(βαῦς</em></strong></span> <span class='ocrx_word' id='word_1_228' title='bbox 1357 2875 1495 2934; x_wconf 87' lang='lat' dir='ltr'><strong>Mein.)</strong></span> <span class='ocrx_word' id='word_1_229' title='bbox 1533 2879 1788 2932; x_wconf 86' lang='grc' dir='ltr'><strong><em>καλούμενος.</em></strong></span> 
     </span>
     <span class='ocr_line' id='line_1_37' title="bbox 212 2936 1790 2994; baseline 0.001 -14"><span class='ocrx_word' id='word_1_230' title='bbox 212 2940 329 2980; x_wconf 78' lang='lat' dir='ltr'><strong>Plato</strong></span> <span class='ocrx_word' id='word_1_231' title='bbox 348 2941 432 2980; x_wconf 88' lang='lat' dir='ltr'><strong>Ion.</strong></span> <span class='ocrx_word' id='word_1_232' title='bbox 454 2942 535 2980; x_wconf 87' lang='lat'><strong>541</strong></span> <span class='ocrx_word' id='word_1_233' title='bbox 548 2940 574 2979; x_wconf 85' lang='lat' dir='ltr'>d</span> <span class='ocrx_word' id='word_1_234' title='bbox 609 2938 850 2993; x_wconf 80' lang='grc' dir='ltr'><strong><em>Φανοσθένη</em></strong></span> <span class='ocrx_word' id='word_1_235' title='bbox 881 2939 949 2981; x_wconf 87' lang='grc' dir='ltr'><strong><em>τὸν</em></strong></span> <span class='ocrx_word' id='word_1_236' title='bbox 958 2938 1149 2993; x_wconf 77' lang='grc' dir='ltr'><strong><em>’Ἀνδριον</em></strong></span> <span class='ocrx_word' id='word_1_237' title='bbox 1180 2938 1246 2979; x_wconf 82' lang='grc' dir='ltr'><strong>καὶ</strong></span> <span class='ocrx_word' id='word_1_238' title='bbox 1257 2936 1519 2994; x_wconf 85' lang='grc' dir='ltr'><strong><em>Ἡρακλείδην</em></strong></span> <span class='ocrx_word' id='word_1_239' title='bbox 1549 2938 1618 2980; x_wconf 83' lang='grc' dir='ltr'><strong><em>τὸν</em></strong></span> <span class='ocrx_word' id='word_1_240' title='bbox 1636 2941 1790 2988; x_wconf 80' lang='grc' dir='ltr'><strong><em>Κλαζο-</em></strong></span> 
     </span>
    </p>
   </div>
  </div>
 </body>
</html>
