2014 3334
252 253 339 295 492
640 232 644 237 ¹
905 252 1167 286 ΑΔΕΣΠΟΤΑ

250 376 439 403 numerus
471 360 537 417 (τὰ
562 359 615 418 σ.)
647 377 726 403 non
758 364 854 403 satis
887 364 1060 403 concinit
1091 377 1181 403 cum
1213 365 1392 414 tempore
1422 365 1618 415 perfecto:
1650 365 1819 405 fortasse

249 422 291 463 τὸ
325 422 556 475 συμπόσιον.
606 425 654 462 cf.
687 424 772 463 515
806 425 847 462 et
877 423 1104 463 Archiloch.
1139 425 1221 463 103
1261 436 1351 462 oum
1391 424 1447 463 eis
1479 436 1581 473 quae
1612 424 1820 464 adnotavit

249 483 398 534 Bergk.
430 483 693 533 Aristophani
724 483 868 522 tribuit
900 483 1134 522 Sternbach.
1178 482 1291 522 stud.
1326 483 1496 522 vindob.
1520 483 1619 522 VIII
1651 485 1748 524 247.
1780 485 1819 535 8,

249 543 363 581 nulla
393 542 642 581 necessitate.

996 633 1084 675 440
1269 684 1280 695 ⁵

1247 696 1386 736 καλοῦ

534 766 680 820 γήρως
709 763 921 820 θεμέλιον
953 765 1171 820 σωμάτων
1202 763 1356 816 εὐεξία.

371 852 615 890 Plutarchus
646 851 746 891 Mori
779 853 835 890 80
879 865 913 889 κ.
944 849 1019 903 γὰρ
1053 871 1105 877 -
1140 847 1165 901 ἡ
1198 849 1242 890 ἐν
1272 849 1408 890 παισὶν
1440 856 1517 890 τῶν
1549 862 1582 890 σ.
1614 849 1752 899 εὐεξία.

996 991 1079 1032 441

1034 1070 1068 1116 ὦ
1099 1074 1233 1124 τάλας
1264 1072 1363 1128 ἐγώ,

535 1146 584 1187 τὸ
617 1143 731 1200 μηδὲ
762 1145 935 1188 τούτων
966 1144 1044 1187 ἕνα
1075 1143 1297 1199 γενέσθαι.

369 1233 602 1271 Athenaeus
637 1234 703 1282 127
738 1233 853 1271 536ο
890 1227 1139 1286 (Φύλαρχος)
1178 1230 1424 1282 Πτολεμαῖόν
1462 1242 1561 1283 φησι
1591 1230 1659 1271 τὸν
1691 1231 1820 1271 δεύτε-

249 1307 322 1343 ρον
343 1324 348 1330 .
379 1323 385 1331 .
418 1323 426 1331 .
446 1290 771 1343 κατατεινόμενον
808 1290 886 1330 ’ὑπὸ
924 1290 1126 1344 ποδάγρας
1143 1322 1151 1330 .
1172 1321 1182 1330 .
1198 1288 1252 1338 ὡς
1294 1291 1444 1330 κατεῖδε
1465 1321 1474 1331 .
1500 1321 1509 1330 .
1537 1322 1544 1330 .
1565 1290 1657 1338 τοὺς
1700 1290 1820 1344 Αἰγυ-

250 1351 408 1398 πτίους.
430 1382 438 1390 .
460 1349 526 1390 ,τὰ
551 1350 717 1403 τυχόντα
740 1348 1089 1404 προσφερομένους
1114 1349 1181 1390 ἐπί
1208 1365 1247 1390 τε
1273 1355 1342 1402 τῆς
1373 1348 1507 1402 ἅμμου
1534 1349 1660 1402 χύδην
1690 1349 1820 1404 ε’ρριμ-

251 1409 396 1462 μένους
428 1405 591 1464 (εἰπεῖν)
623 1413 699 1450 κτλ.
750 1411 889 1450 comici
920 1411 1107 1450 videntur
1144 1423 1243 1450 esse.
1295 1411 1515 1460 Hauptium
1546 1412 1643 1450 haec
1674 1410 1821 1450 alicubi

250 1473 427 1510 tractare
459 1471 630 1520 memini,
664 1470 733 1510 sed
763 1472 892 1510 locum
924 1470 1100 1521 reperire
1131 1483 1210 1509 non
1241 1470 1366 1520 potui.

993 1609 1082 1652 442

939 1689 987 1735 σὲ
1017 1692 1102 1748 γὰρ
1135 1693 1206 1735 δεῖ
1233 1693 1424 1748 τήμερον

533 1765 728 1820 χρηστὸν
759 1769 956 1820 φανῆναι
987 1767 1156 1819 μᾶλλον
1187 1763 1214 1819 ἢ
1246 1762 1418 1820 (δεινὸν
1449 1761 1625 1821 λέγειν).

368 1851 561 1890 Libanius
592 1850 613 1889 I
645 1852 750 1902 455,
795 1853 847 1890 12
893 1850 959 1890 δεῖ
987 1849 1062 1903 γάρ
1099 1861 1141 1890 σε
1181 1871 1231 1878 -
1273 1847 1300 1902 ἢ
1338 1849 1556 1903 ῥητορικόν.
1617 1851 1665 1890 cf.
1697 1850 1821 1890 Arist.

248 1910 348 1949 th.
380 1911 478 1950 440.
514 1913 550 1950 1.
1808 1924 1813 1925 ’

1033 2087 1219 2140 χαλκεὺς
1250 2079 1323 2127 οἶά
1352 2099 1418 2134 τις

537 2156 685 2213 γέμων
716 2162 889 2200 καπνοῦ
920 2172 965 2199 τε
997 2155 1070 2199 καὶ
1101 2157 1287 2212 μαρίλης

368 2256 512 2295 Suidas
549 2255 708 2307 μαρίλη·
751 2253 931 2307 ἀμαυρὸν
961 2259 1053 2306 πῦρ.
1103 2252 1124 2294 ὅ
1156 2258 1275 2307 χνοῦς
1305 2252 1372 2293 καὶ
1401 2252 1443 2292 τὸ
1482 2252 1713 2293 λεπτότατον
1743 2259 1821 2292 τῶν

250 2313 469 2369 ἀνθράκων
500 2318 576 2354 κτλ.
626 2329 664 2354 τε
695 2315 785 2353 add.
817 2315 935 2353 Mein.
986 2309 1051 2353 οἷα
1088 2315 1236 2364 pendet
1274 2327 1298 2352 a
1328 2314 1450 2352 verbo
1482 2312 1638 2352 omisso.
1692 2315 1820 2352 tetra-

250 2377 467 2413 metrorum
497 2375 620 2414 troch.
646 2374 838 2425 reliquias
864 2386 1077 2424 agnoscere
1105 2374 1181 2413 sibi
1206 2373 1417 2413 videbatur
1435 2372 1673 2423 Bernhardy
1686 2402 1820 2411 ......

251 2433 414 2485 χαλκεὺς
435 2429 500 2473 οἶά
518 2448 574 2481 τις
593 2449 628 2487 γ.
648 2439 804 2473 καπνοῦ
832 2428 839 2487 Ι
866 2431 932 2472 καὶ
953 2432 1129 2485 μαρίλης.
1172 2433 1366 2471 Themist.
1388 2433 1485 2483 298,
1507 2433 1562 2470 10
1587 2429 1821 2484 ἀνθρακέως

249 2491 354 2541 τινὸς
384 2491 411 2545 ἢ
443 2491 646 2547 σιδηρέως,
677 2497 834 2532 καπνοῦ
865 2491 1051 2546 γέμοντος
1080 2490 1147 2532 καὶ
1177 2491 1342 2544 μαρίλης
1373 2485 1571 2545 (Bernh.).

988 2632 1077 2673 444

533 2715 669 2758 πλέον
702 2716 832 2758 δυοῖν
863 2725 936 2757 σοι
966 2716 1175 2770 χοινίκων
1207 2713 1230 2756 ὁ
1264 2714 1477 2769 δεσπότης

535 2787 724 2844 παρέχει.

368 2872 628 2913 Choeroboso.
663 2876 768 2924 312,
802 2875 825 2912 6
871 2873 994 2925 χοῖνιξ
1038 2871 1208 2924 χοίνικος
1245 2876 1447 2923 πανταχοῦ
1488 2868 1679 2910 συστέλλει
1715 2868 1757 2909 τὸ
1791 2882 1817 2921 z,

251 2927 338 2971 οἷον
350 2961 358 2970 .
381 2962 388 2970 .
410 2962 418 2970 .
431 2930 492 2971 καὶ
514 2932 632 2972 πάλιν
652 2936 728 2972 κτλ.
762 2931 841 2984 σοι]
863 2943 904 2972 σε
919 2932 1017 2971 Ven.
1033 2953 1083 2958 —
1097 2932 1246 2971 comico
1267 2931 1411 2970 tribuit
1426 2929 1623 2970 Gaisford.
1637 2929 1699 2968 III
1716 2932 1814 2969 217.
