<?xml version="1.0" encoding="UTF-8"?>
<!DOCTYPE html PUBLIC "-//W3C//DTD XHTML 1.0 Transitional//EN"
    "http://www.w3.org/TR/xhtml1/DTD/xhtml1-transitional.dtd">
<html xmlns="http://www.w3.org/1999/xhtml" xml:lang="en" lang="en">
 <head>
  <title>
</title>
<meta http-equiv="Content-Type" content="text/html;charset=utf-8" />
  <meta name='ocr-system' content='tesseract 3.04.00' />
  <meta name='ocr-capabilities' content='ocr_page ocr_carea ocr_par ocr_line ocrx_word'/>
</head>
<body>
  <div class='ocr_page' id='page_1' title='image "./comicorumatticor03kockuoft_0130.png"; bbox 0 0 2014 3334; ppageno 0'>
   <div class='ocr_carea' id='block_1_1' title="bbox 230 231 1162 281">
    <p class='ocr_par' dir='ltr' id='par_1_1' title="bbox 230 231 1162 281">
     <span class='ocr_line' id='line_1_1' title="bbox 230 231 1162 281; baseline -0.002 -9"><span class='ocrx_word' id='word_1_1' title='bbox 230 239 315 281; x_wconf 91' lang='lat'><em>110</em></span> <span class='ocrx_word' id='word_1_2' title='bbox 796 231 800 234; x_wconf 82' lang='grc'><em>“</em></span> <span class='ocrx_word' id='word_1_3' title='bbox 866 237 1162 272; x_wconf 76' lang='lat' dir='ltr'><strong>MENANAPOT</strong></span> 
     </span>
    </p>
   </div>
   <div class='ocr_carea' id='block_1_2' title="bbox 442 449 1418 580">
    <p class='ocr_par' dir='ltr' id='par_1_2' title="bbox 442 449 1418 580">
     <span class='ocr_line' id='line_1_2' title="bbox 442 449 1412 509; baseline -0.001 -14"><span class='ocrx_word' id='word_1_4' title='bbox 442 449 697 508; x_wconf 79' lang='grc' dir='ltr'><strong><em>πεποιήκατ’</em></strong></span> <span class='ocrx_word' id='word_1_5' title='bbox 733 454 866 509; x_wconf 83' lang='grc' dir='ltr'><em>ἔργον</em></span> <span class='ocrx_word' id='word_1_6' title='bbox 898 452 979 507; x_wconf 85' lang='grc' dir='ltr'><em>οὐχ</em></span> <span class='ocrx_word' id='word_1_7' title='bbox 1013 451 1199 508; x_wconf 84' lang='grc' dir='ltr'><em>ἑταίρων</em></span> <span class='ocrx_word' id='word_1_8' title='bbox 1261 486 1269 494; x_wconf 93' lang='grc'><em>.</em></span> <span class='ocrx_word' id='word_1_9' title='bbox 1332 486 1341 494; x_wconf 96' lang='grc'><em>.</em></span> <span class='ocrx_word' id='word_1_10' title='bbox 1404 485 1412 494; x_wconf 96' lang='grc'><em>.</em></span> 
     </span>
     <span class='ocr_line' id='line_1_3' title="bbox 443 519 1418 580; baseline -0.001 -13"><span class='ocrx_word' id='word_1_11' title='bbox 443 557 739 567; x_wconf 88' lang='grc'><strong>.....</strong></span> <span class='ocrx_word' id='word_1_12' title='bbox 800 523 936 566; x_wconf 79' lang='grc' dir='ltr'><em>ταύτὰ</em></span> <span class='ocrx_word' id='word_1_13' title='bbox 969 519 1008 566; x_wconf 88' lang='grc' dir='ltr'><em>δ’</em></span> <span class='ocrx_word' id='word_1_14' title='bbox 1046 525 1153 566; x_wconf 81' lang='grc' dir='ltr'><em>ὄντα</em></span> <span class='ocrx_word' id='word_1_15' title='bbox 1183 523 1418 580; x_wconf 87' lang='grc' dir='ltr'><em>γράμματα</em></span> 
     </span>
    </p>
   </div>
   <div class='ocr_carea' id='block_1_3' title="bbox 229 591 1805 1212">
    <p class='ocr_par' dir='ltr' id='par_1_3' title="bbox 441 591 1580 652">
     <span class='ocr_line' id='line_1_4' title="bbox 441 591 1580 652; baseline -0.004 -13"><span class='ocrx_word' id='word_1_16' title='bbox 441 597 523 651; x_wconf 83' lang='grc' dir='ltr'><em>τὴν</em></span> <span class='ocrx_word' id='word_1_17' title='bbox 554 597 910 652; x_wconf 76' lang='grc' dir='ltr'><em>προσαγόρευσιν</em></span> <span class='ocrx_word' id='word_1_18' title='bbox 943 594 997 637; x_wconf 86' lang='grc' dir='ltr'><em>οὐ</em></span> <span class='ocrx_word' id='word_1_19' title='bbox 1029 591 1191 651; x_wconf 81' lang='grc' dir='ltr'><em>σφόδρ’</em></span> <span class='ocrx_word' id='word_1_20' title='bbox 1226 595 1420 650; x_wconf 81' lang='grc' dir='ltr'><em>εὔσημον</em></span> <span class='ocrx_word' id='word_1_21' title='bbox 1452 601 1580 638; x_wconf 78' lang='grc' dir='ltr'><em>ποιεῖ.</em></span> 
     </span>
    </p>

    <p class='ocr_par' dir='ltr' id='par_1_4' title="bbox 229 678 1805 1212">
     <span class='ocr_line' id='line_1_5' title="bbox 348 678 1802 736; baseline -0.002 -14"><span class='ocrx_word' id='word_1_22' title='bbox 348 683 580 722; x_wconf 72' lang='lat' dir='ltr'>Athenaeus</span> <span class='ocrx_word' id='word_1_23' title='bbox 609 684 675 733; x_wconf 86' lang='lat'><em>13,</em></span> <span class='ocrx_word' id='word_1_24' title='bbox 703 683 787 721; x_wconf 85' lang='lat'><em>571</em></span> <span class='ocrx_word' id='word_1_25' title='bbox 806 683 859 720; x_wconf 88' lang='lat' dir='ltr'><em>de</em></span> <span class='ocrx_word' id='word_1_26' title='bbox 903 678 1146 733; x_wconf 84' lang='grc' dir='ltr'><em>Μένανδρος</em></span> <span class='ocrx_word' id='word_1_27' title='bbox 1178 679 1220 720; x_wconf 82' lang='grc' dir='ltr'><em>ἐν</em></span> <span class='ocrx_word' id='word_1_28' title='bbox 1252 680 1583 736; x_wconf 78' lang='grc' dir='ltr'><em>Παρακαταθήκῃ</em></span> <span class='ocrx_word' id='word_1_29' title='bbox 1614 678 1693 720; x_wconf 79' lang='grc' dir='ltr'><em>ἀπὸ</em></span> <span class='ocrx_word' id='word_1_30' title='bbox 1723 685 1802 720; x_wconf 84' lang='grc' dir='ltr'><em>τῶν</em></span> 
     </span>
     <span class='ocr_line' id='line_1_6' title="bbox 232 738 1802 795; baseline -0.002 -13"><span class='ocrx_word' id='word_1_31' title='bbox 232 741 395 795; x_wconf 76' lang='grc' dir='ltr'><em>ἑταιρῶν</em></span> <span class='ocrx_word' id='word_1_32' title='bbox 426 742 517 789; x_wconf 78' lang='grc' dir='ltr'><em>τοὺς</em></span> <span class='ocrx_word' id='word_1_33' title='bbox 549 741 725 794; x_wconf 81' lang='grc' dir='ltr'><em>ἑταίρους</em></span> <span class='ocrx_word' id='word_1_34' title='bbox 758 738 990 780; x_wconf 79' lang='grc' dir='ltr'><em>διαστέλλων</em></span> <span class='ocrx_word' id='word_1_35' title='bbox 1022 740 1125 792; x_wconf 88' lang='grc' dir='ltr'><em>φησί</em></span> <span class='ocrx_word' id='word_1_36' title='bbox 1151 744 1230 780; x_wconf 89' lang='grc' dir='ltr'><em>κτλ.</em></span> <span class='ocrx_word' id='word_1_37' title='bbox 1295 743 1331 779; x_wconf 93' lang='grc'><em>1.</em></span> <span class='ocrx_word' id='word_1_38' title='bbox 1366 743 1389 780; x_wconf 88' lang='grc'>2</span> <span class='ocrx_word' id='word_1_39' title='bbox 1429 739 1502 792; x_wconf 78' lang='grc' dir='ltr'><em>οὐχ</em></span> <span class='ocrx_word' id='word_1_40' title='bbox 1532 739 1696 793; x_wconf 79' lang='grc' dir='ltr'><em>ἑταίρων</em></span> <span class='ocrx_word' id='word_1_41' title='bbox 1726 738 1802 792; x_wconf 84' lang='grc' dir='ltr'><em>γὰρ</em></span> 
     </span>
     <span class='ocr_line' id='line_1_7' title="bbox 229 796 1801 854; baseline -0.003 -12"><span class='ocrx_word' id='word_1_42' title='bbox 229 817 350 842; x_wconf 89' lang='grc' dir='ltr'><em>ταυτα</em></span> <span class='ocrx_word' id='word_1_43' title='bbox 382 798 418 841; x_wconf 77' lang='grc' dir='ltr'><em>δ’</em></span> <span class='ocrx_word' id='word_1_44' title='bbox 455 800 549 841; x_wconf 78' lang='grc' dir='ltr'><em>ὄντα</em></span> <span class='ocrx_word' id='word_1_45' title='bbox 574 802 622 840; x_wconf 90' lang='lat' dir='ltr'><em>A.</em></span> <span class='ocrx_word' id='word_1_46' title='bbox 685 799 758 852; x_wconf 79' lang='grc' dir='ltr'><em>οὐχ</em></span> <span class='ocrx_word' id='word_1_47' title='bbox 789 799 952 854; x_wconf 75' lang='grc' dir='ltr'><em>ἑταίρων</em></span> <span class='ocrx_word' id='word_1_48' title='bbox 984 798 1034 851; x_wconf 82' lang='grc' dir='ltr'><em>νὴ</em></span> <span class='ocrx_word' id='word_1_49' title='bbox 1061 800 1151 850; x_wconf 88' lang='grc' dir='ltr'><em>Δία,</em></span> <span class='ocrx_word' id='word_1_50' title='bbox 1179 797 1185 852; x_wconf 84' lang='grc' dir='ltr'>Ι</span> <span class='ocrx_word' id='word_1_51' title='bbox 1213 802 1362 852; x_wconf 82' lang='grc' dir='ltr'><em>μᾶλλον</em></span> <span class='ocrx_word' id='word_1_52' title='bbox 1395 796 1431 839; x_wconf 81' lang='grc' dir='ltr'><em>δ’</em></span> <span class='ocrx_word' id='word_1_53' title='bbox 1466 798 1648 852; x_wconf 73' lang='grc' dir='ltr'><em>ἑταιρῶν·</em></span> <span class='ocrx_word' id='word_1_54' title='bbox 1679 797 1801 839; x_wconf 79' lang='grc' dir='ltr'><em>ταύτὰ</em></span> 
     </span>
     <span class='ocr_line' id='line_1_8' title="bbox 230 856 1803 912; baseline -0.003 -11"><span class='ocrx_word' id='word_1_55' title='bbox 230 865 309 901; x_wconf 91' lang='grc' dir='ltr'><em>κτλ.</em></span> <span class='ocrx_word' id='word_1_56' title='bbox 336 862 505 901; x_wconf 85' lang='lat' dir='ltr'>Oasaub.</span> <span class='ocrx_word' id='word_1_57' title='bbox 561 861 754 911; x_wconf 89' lang='grc' dir='ltr'><em>φίλταται,</em></span> <span class='ocrx_word' id='word_1_58' title='bbox 782 861 787 910; x_wconf 94' lang='grc' dir='ltr'>Ι</span> <span class='ocrx_word' id='word_1_59' title='bbox 816 859 870 912; x_wconf 84' lang='grc' dir='ltr'><em>μὰ</em></span> <span class='ocrx_word' id='word_1_60' title='bbox 901 856 984 911; x_wconf 77' lang='grc' dir='ltr'><em>Δί’,</em></span> <span class='ocrx_word' id='word_1_61' title='bbox 1015 856 1098 899; x_wconf 84' lang='grc' dir='ltr'><em>ἀλλ’</em></span> <span class='ocrx_word' id='word_1_62' title='bbox 1133 858 1297 912; x_wconf 77' lang='grc' dir='ltr'><em>ἑταιρῶν</em></span> <span class='ocrx_word' id='word_1_63' title='bbox 1330 860 1514 899; x_wconf 80' lang='lat' dir='ltr'>Zedelius</span> <span class='ocrx_word' id='word_1_64' title='bbox 1546 860 1678 899; x_wconf 80' lang='lat' dir='ltr'>Neues</span> <span class='ocrx_word' id='word_1_65' title='bbox 1697 860 1803 911; x_wconf 84' lang='lat' dir='ltr'>Mag.</span> 
     </span>
     <span class='ocr_line' id='line_1_9' title="bbox 231 918 1803 973; baseline -0.003 -12"><span class='ocrx_word' id='word_1_66' title='bbox 231 922 273 960; x_wconf 91' lang='lat' dir='ltr'><em>II</em></span> <span class='ocrx_word' id='word_1_67' title='bbox 309 923 403 961; x_wconf 78' lang='lat'>182.</span> <span class='ocrx_word' id='word_1_68' title='bbox 465 918 689 973; x_wconf 84' lang='grc' dir='ltr'><em>Παρμένων</em></span> <span class='ocrx_word' id='word_1_69' title='bbox 720 921 839 959; x_wconf 88' lang='lat' dir='ltr'>Mein.</span> <span class='ocrx_word' id='word_1_70' title='bbox 872 921 913 958; x_wconf 90' lang='lat' dir='ltr'><em>in</em></span> <span class='ocrx_word' id='word_1_71' title='bbox 947 921 1040 959; x_wconf 91' lang='lat' dir='ltr'>Ath.</span> <span class='ocrx_word' id='word_1_72' title='bbox 1096 920 1136 958; x_wconf 92' lang='lat' dir='ltr'><em>in</em></span> <span class='ocrx_word' id='word_1_73' title='bbox 1175 934 1211 959; x_wconf 87' lang='lat' dir='ltr'><em>v.</em></span> <span class='ocrx_word' id='word_1_74' title='bbox 1246 922 1270 958; x_wconf 82' lang='lat'>2</span> <span class='ocrx_word' id='word_1_75' title='bbox 1315 920 1427 958; x_wconf 81' lang='lat' dir='ltr'>deest</span> <span class='ocrx_word' id='word_1_76' title='bbox 1471 919 1666 958; x_wconf 70' lang='lat' dir='ltr'>articulus</span> <span class='ocrx_word' id='word_1_77' title='bbox 1711 921 1803 958; x_wconf 88' lang='lat' dir='ltr'>ante</span> 
     </span>
     <span class='ocr_line' id='line_1_10' title="bbox 229 979 1804 1034; baseline -0.003 -14"><span class='ocrx_word' id='word_1_78' title='bbox 229 981 450 1034; x_wconf 73' lang='grc' dir='ltr'><em>γράμματαε</em></span> <span class='ocrx_word' id='word_1_79' title='bbox 502 983 746 1032; x_wconf 83' lang='lat' dir='ltr'>quapropter</span> <span class='ocrx_word' id='word_1_80' title='bbox 781 981 959 1019; x_wconf 85' lang='lat' dir='ltr'>nondum</span> <span class='ocrx_word' id='word_1_81' title='bbox 1002 981 1263 1029; x_wconf 75' lang='lat' dir='ltr'>pel-sanatum</span> <span class='ocrx_word' id='word_1_82' title='bbox 1306 991 1465 1018; x_wconf 82' lang='lat' dir='ltr'>versum</span> <span class='ocrx_word' id='word_1_83' title='bbox 1512 979 1654 1018; x_wconf 82' lang='lat' dir='ltr'>iudico.</span> <span class='ocrx_word' id='word_1_84' title='bbox 1718 991 1804 1017; x_wconf 85' lang='lat' dir='ltr'>sen-</span> 
     </span>
     <span class='ocr_line' id='line_1_11' title="bbox 229 1036 1805 1089; baseline -0.002 -10"><span class='ocrx_word' id='word_1_85' title='bbox 229 1041 359 1079; x_wconf 86' lang='lat' dir='ltr'>tentia</span> <span class='ocrx_word' id='word_1_86' title='bbox 383 1042 480 1079; x_wconf 82' lang='lat' dir='ltr'>haec</span> <span class='ocrx_word' id='word_1_87' title='bbox 501 1043 562 1079; x_wconf 86' lang='lat' dir='ltr'><em>est</em></span> <span class='ocrx_word' id='word_1_88' title='bbox 594 1036 699 1079; x_wconf 71' lang='lat' dir='ltr'>‘cum</span> <span class='ocrx_word' id='word_1_89' title='bbox 717 1041 928 1089; x_wconf 78' lang='lat' dir='ltr'>utriusque</span> <span class='ocrx_word' id='word_1_90' title='bbox 954 1039 1063 1078; x_wconf 77' lang='lat' dir='ltr'>vocis</span> <span class='ocrx_word' id='word_1_91' title='bbox 1086 1039 1246 1077; x_wconf 82' lang='lat' dir='ltr'>litterae</span> <span class='ocrx_word' id='word_1_92' title='bbox 1274 1039 1354 1077; x_wconf 84' lang='lat' dir='ltr'>sint</span> <span class='ocrx_word' id='word_1_93' title='bbox 1379 1038 1554 1089; x_wconf 85' lang='lat' dir='ltr'>eaedem,</span> <span class='ocrx_word' id='word_1_94' title='bbox 1574 1038 1805 1088; x_wconf 86' lang='lat' dir='ltr'>ambiguam</span> 
     </span>
     <span class='ocr_line' id='line_1_12' title="bbox 230 1095 1804 1151; baseline -0.002 -12"><span class='ocrx_word' id='word_1_95' title='bbox 230 1101 383 1139; x_wconf 84' lang='lat' dir='ltr'>faciunt</span> <span class='ocrx_word' id='word_1_96' title='bbox 415 1095 752 1150; x_wconf 82' lang='lat' dir='ltr'>adpellationem&#39;.</span> <span class='ocrx_word' id='word_1_97' title='bbox 815 1099 995 1149; x_wconf 84' lang='lat' dir='ltr'>Alciphr.</span> <span class='ocrx_word' id='word_1_98' title='bbox 1020 1100 1058 1149; x_wconf 88' lang='lat'><em>3,</em></span> <span class='ocrx_word' id='word_1_99' title='bbox 1086 1100 1154 1150; x_wconf 85' lang='lat'><em>64,</em></span> <span class='ocrx_word' id='word_1_100' title='bbox 1182 1101 1206 1138; x_wconf 84' lang='lat'><strong>3</strong></span> <span class='ocrx_word' id='word_1_101' title='bbox 1239 1096 1394 1151; x_wconf 79' lang='grc' dir='ltr'><em>ἑταίρου</em></span> <span class='ocrx_word' id='word_1_102' title='bbox 1427 1097 1516 1150; x_wconf 86' lang='grc' dir='ltr'><em>γάρ,</em></span> <span class='ocrx_word' id='word_1_103' title='bbox 1547 1095 1620 1149; x_wconf 83' lang='grc' dir='ltr'><em>οὐχ</em></span> <span class='ocrx_word' id='word_1_104' title='bbox 1650 1095 1804 1150; x_wconf 76' lang='grc' dir='ltr'><em>ἑταίρας</em></span> 
     </span>
     <span class='ocr_line' id='line_1_13' title="bbox 232 1158 625 1212; baseline 0.003 -14"><span class='ocrx_word' id='word_1_105' title='bbox 232 1158 347 1212; x_wconf 73' lang='grc' dir='ltr'><em>ἔργον</em></span> <span class='ocrx_word' id='word_1_106' title='bbox 380 1159 625 1212; x_wconf 82' lang='grc' dir='ltr'><em>διεπράξατο.</em></span> 
     </span>
    </p>
   </div>
   <div class='ocr_carea' id='block_1_4' title="bbox 353 1251 1806 1616">
    <p class='ocr_par' dir='ltr' id='par_1_5' title="bbox 353 1251 1806 1616">
     <span class='ocr_line' id='line_1_14' title="bbox 976 1251 1064 1293; baseline -0.011 0"><span class='ocrx_word' id='word_1_107' title='bbox 976 1251 1064 1293; x_wconf 83' lang='grc'><em>382</em></span> 
     </span>
     <span class='ocr_line' id='line_1_15' title="bbox 661 1331 1480 1391; baseline -0.001 -15"><span class='ocrx_word' id='word_1_108' title='bbox 661 1335 864 1391; x_wconf 80' lang='grc' dir='ltr'><em>στρατεία</em></span> <span class='ocrx_word' id='word_1_109' title='bbox 897 1331 936 1375; x_wconf 83' lang='grc' dir='ltr'><em>δ’</em></span> <span class='ocrx_word' id='word_1_110' title='bbox 973 1333 1028 1376; x_wconf 89' lang='grc' dir='ltr'><em>οὐ</em></span> <span class='ocrx_word' id='word_1_111' title='bbox 1060 1332 1186 1390; x_wconf 80' lang='grc' dir='ltr'><em>φέρει</em></span> <span class='ocrx_word' id='word_1_112' title='bbox 1217 1335 1480 1390; x_wconf 87' lang='grc' dir='ltr'><em>περιουσίαν</em></span> 
     </span>
     <span class='ocr_line' id='line_1_16' title="bbox 447 1401 1450 1462; baseline -0.001 -14"><span class='ocrx_word' id='word_1_113' title='bbox 447 1404 636 1461; x_wconf 78' lang='grc' dir='ltr'><em>οὐδεμί’,</em></span> <span class='ocrx_word' id='word_1_114' title='bbox 669 1405 893 1461; x_wconf 83' lang='grc' dir='ltr'><em>ἐφήμερον</em></span> <span class='ocrx_word' id='word_1_115' title='bbox 925 1401 974 1447; x_wconf 73' lang='grc' dir='ltr'><em>δὲ</em></span> <span class='ocrx_word' id='word_1_116' title='bbox 1004 1403 1077 1447; x_wconf 85' lang='grc' dir='ltr'><em>καὶ</em></span> <span class='ocrx_word' id='word_1_117' title='bbox 1108 1410 1302 1462; x_wconf 80' lang='grc' dir='ltr'><em>προπετῆ</em></span> <span class='ocrx_word' id='word_1_118' title='bbox 1335 1406 1450 1459; x_wconf 87' lang='grc' dir='ltr'><em>βίον,</em></span> 
     </span>
     <span class='ocr_line' id='line_1_17' title="bbox 447 1474 1390 1534; baseline -0.002 -14"><span class='ocrx_word' id='word_1_119' title='bbox 447 1474 501 1520; x_wconf 87' lang='grc' dir='ltr'><em>οὗ</em></span> <span class='ocrx_word' id='word_1_120' title='bbox 532 1485 690 1534; x_wconf 82' lang='grc' dir='ltr'><em>πεῖραν</em></span> <span class='ocrx_word' id='word_1_121' title='bbox 723 1479 878 1533; x_wconf 79' lang='grc' dir='ltr'><em>ἔχομεν</em></span> <span class='ocrx_word' id='word_1_122' title='bbox 910 1477 1038 1527; x_wconf 79' lang='grc' dir='ltr'><em>ὄντος</em></span> <span class='ocrx_word' id='word_1_123' title='bbox 1070 1476 1124 1519; x_wconf 87' lang='grc' dir='ltr'><em>οὐ</em></span> <span class='ocrx_word' id='word_1_124' title='bbox 1157 1478 1390 1534; x_wconf 85' lang='grc' dir='ltr'><em>σωτηρίου.</em></span> 
     </span>
     <span class='ocr_line' id='line_1_18' title="bbox 353 1562 1806 1616; baseline -0.001 -12"><span class='ocrx_word' id='word_1_125' title='bbox 353 1564 548 1604; x_wconf 82' lang='lat' dir='ltr'>Stobaeus</span> <span class='ocrx_word' id='word_1_126' title='bbox 580 1565 809 1614; x_wconf 78' lang='lat' dir='ltr'>Flori1.53,</span> <span class='ocrx_word' id='word_1_127' title='bbox 838 1566 861 1602; x_wconf 84' lang='lat'><strong>2</strong></span> <span class='ocrx_word' id='word_1_128' title='bbox 895 1563 1143 1616; x_wconf 80' lang='grc' dir='ltr'><em>Μενάνδρου</em></span> <span class='ocrx_word' id='word_1_129' title='bbox 1175 1562 1505 1616; x_wconf 74' lang='grc' dir='ltr'><em>Παρακαταθήκῃ</em></span> <span class='ocrx_word' id='word_1_130' title='bbox 1526 1563 1574 1602; x_wconf 91' lang='grc' dir='ltr'><em>Α.</em></span> <span class='ocrx_word' id='word_1_131' title='bbox 1629 1566 1665 1602; x_wconf 91' lang='grc'><em>1.</em></span> <span class='ocrx_word' id='word_1_132' title='bbox 1692 1574 1806 1615; x_wconf 82' lang='grc' dir='ltr'><em>στρα-</em></span> 
     </span>
    </p>
   </div>
   <div class='ocr_carea' id='block_1_5' title="bbox 231 1626 1803 1760">
    <p class='ocr_par' dir='ltr' id='par_1_6' title="bbox 231 1626 1803 1760">
     <span class='ocr_line' id='line_1_19' title="bbox 231 1626 1803 1701; baseline -0.001 -14"><span class='ocrx_word' id='word_1_133' title='bbox 231 1648 292 1687; x_wconf 92' lang='grc' dir='ltr'><em>τία</em></span> <span class='ocrx_word' id='word_1_134' title='bbox 324 1649 407 1687; x_wconf 88' lang='grc' dir='ltr'><em>ΑΒ.</em></span> <span class='ocrx_word' id='word_1_135' title='bbox 471 1650 509 1688; x_wconf 85' lang='lat'><em>2.</em></span> <span class='ocrx_word' id='word_1_136' title='bbox 541 1644 693 1699; x_wconf 82' lang='grc' dir='ltr'><em>οὐδεμί’</em></span> <span class='ocrx_word' id='word_1_137' title='bbox 721 1648 859 1688; x_wconf 80' lang='lat' dir='ltr'>‘BentL</span> <span class='ocrx_word' id='word_1_138' title='bbox 892 1646 1095 1699; x_wconf 82' lang='grc' dir='ltr'><em>οὐδεμίαν.</em></span> <span class='ocrx_word' id='word_1_139' title='bbox 1165 1650 1202 1687; x_wconf 91' lang='lat'><em>3.</em></span> <span class='ocrx_word' id='word_1_140' title='bbox 1235 1626 1342 1701; x_wconf 61' lang='grc' dir='ltr'><em>ἕχόῖιν]</em></span> <span class='ocrx_word' id='word_1_141' title='bbox 1363 1652 1432 1687; x_wconf 85' lang='grc' dir='ltr'><em>τοῦ</em></span> <span class='ocrx_word' id='word_1_142' title='bbox 1465 1644 1578 1700; x_wconf 68' lang='grc' dir='ltr'><em>σρίου</em></span> <span class='ocrx_word' id='word_1_143' title='bbox 1605 1646 1676 1685; x_wconf 88' lang='grc' dir='ltr'><em>ΑΒ</em></span> <span class='ocrx_word' id='word_1_144' title='bbox 1709 1643 1749 1685; x_wconf 80' lang='lat' dir='ltr'><em>‘i.</em></span> <span class='ocrx_word' id='word_1_145' title='bbox 1771 1660 1803 1686; x_wconf 90' lang='lat' dir='ltr'><em>e.</em></span> 
     </span>
     <span class='ocr_line' id='line_1_20' title="bbox 233 1704 950 1760; baseline 0 -14"><span class='ocrx_word' id='word_1_146' title='bbox 233 1707 421 1760; x_wconf 83' lang='grc' dir='ltr'><em>ἐχόμενον</em></span> <span class='ocrx_word' id='word_1_147' title='bbox 452 1712 522 1747; x_wconf 82' lang='grc' dir='ltr'><em>τοῦ</em></span> <span class='ocrx_word' id='word_1_148' title='bbox 555 1704 778 1760; x_wconf 81' lang='grc' dir='ltr'><em>σωτηρίου’.</em></span> <span class='ocrx_word' id='word_1_149' title='bbox 828 1707 950 1747; x_wconf 84' lang='lat' dir='ltr'>Gaisf.</span> 
     </span>
    </p>
   </div>
   <div class='ocr_carea' id='block_1_6' title="bbox 905 1835 1133 1878">
    <p class='ocr_par' dir='ltr' id='par_1_7' title="bbox 905 1835 1133 1878">
     <span class='ocr_line' id='line_1_21' title="bbox 905 1835 1133 1878; baseline -0.004 0"><span class='ocrx_word' id='word_1_150' title='bbox 905 1835 1004 1878; x_wconf 85' lang='lat'><strong>383.</strong></span> <span class='ocrx_word' id='word_1_151' title='bbox 1046 1835 1133 1878; x_wconf 83' lang='lat'><em>384</em></span> 
     </span>
    </p>
   </div>
   <div class='ocr_carea' id='block_1_7' title="bbox 447 1919 1530 2120">
    <p class='ocr_par' dir='ltr' id='par_1_8' title="bbox 447 1919 1530 2120">
     <span class='ocr_line' id='line_1_22' title="bbox 448 1919 1400 1975; baseline -0.001 -14"><span class='ocrx_word' id='word_1_152' title='bbox 448 1919 584 1974; x_wconf 83' lang='grc' dir='ltr'><em>ὁλκὴν</em></span> <span class='ocrx_word' id='word_1_153' title='bbox 614 1919 832 1962; x_wconf 80' lang='grc' dir='ltr'><em>ταλάντου</em></span> <span class='ocrx_word' id='word_1_154' title='bbox 864 1920 1052 1975; x_wconf 84' lang='grc' dir='ltr'><em>χρυσίου</em></span> <span class='ocrx_word' id='word_1_155' title='bbox 1084 1930 1170 1974; x_wconf 87' lang='grc' dir='ltr'><em>σοι,</em></span> <span class='ocrx_word' id='word_1_156' title='bbox 1205 1919 1400 1972; x_wconf 81' lang='grc' dir='ltr'><em>παιδίον,</em></span> 
     </span>
     <span class='ocr_line' id='line_1_23' title="bbox 447 1990 797 2047; baseline 0 -14"><span class='ocrx_word' id='word_1_157' title='bbox 447 1990 607 2046; x_wconf 80' lang='grc' dir='ltr'><em>ἕστηκα</em></span> <span class='ocrx_word' id='word_1_158' title='bbox 638 1997 797 2047; x_wconf 84' lang='grc' dir='ltr'><em>τηρῶν.</em></span> 
     </span>
     <span class='ocr_line' id='line_1_24' title="bbox 447 2061 1530 2120; baseline -0.001 -15"><span class='ocrx_word' id='word_1_159' title='bbox 447 2062 659 2120; x_wconf 81' lang='grc' dir='ltr'><em>μακάριος</em></span> <span class='ocrx_word' id='word_1_160' title='bbox 690 2062 856 2113; x_wconf 75' lang='grc' dir='ltr'><em>ἐκεῖνος</em></span> <span class='ocrx_word' id='word_1_161' title='bbox 888 2061 993 2105; x_wconf 83' lang='grc' dir='ltr'><em>δέκα</em></span> <span class='ocrx_word' id='word_1_162' title='bbox 1024 2063 1216 2105; x_wconf 86' lang='grc' dir='ltr'><em>τάλαντα</em></span> <span class='ocrx_word' id='word_1_163' title='bbox 1250 2062 1530 2118; x_wconf 86' lang='grc' dir='ltr'><em>καταφαγών.</em></span> 
     </span>
    </p>
   </div>
   <div class='ocr_carea' id='block_1_8' title="bbox 233 2141 1806 2608">
    <p class='ocr_par' dir='ltr' id='par_1_9' title="bbox 233 2141 1806 2608">
     <span class='ocr_line' id='line_1_25' title="bbox 354 2141 1805 2202; baseline -0.001 -14"><span class='ocrx_word' id='word_1_164' title='bbox 354 2151 499 2190; x_wconf 87' lang='lat' dir='ltr'>Pollux</span> <span class='ocrx_word' id='word_1_165' title='bbox 533 2152 569 2200; x_wconf 88' lang='grc'><em>9,</em></span> <span class='ocrx_word' id='word_1_166' title='bbox 605 2151 658 2189; x_wconf 83' lang='grc'><em>76</em></span> <span class='ocrx_word' id='word_1_167' title='bbox 691 2148 733 2188; x_wconf 90' lang='grc' dir='ltr'><em>τὸ</em></span> <span class='ocrx_word' id='word_1_168' title='bbox 766 2147 808 2188; x_wconf 81' lang='grc' dir='ltr'><em>δὲ</em></span> <span class='ocrx_word' id='word_1_169' title='bbox 840 2149 1001 2201; x_wconf 87' lang='grc' dir='ltr'><em>χρυσίον</em></span> <span class='ocrx_word' id='word_1_170' title='bbox 1041 2148 1099 2188; x_wconf 81' lang='grc' dir='ltr'><em>ὅτι</em></span> <span class='ocrx_word' id='word_1_171' title='bbox 1128 2154 1198 2189; x_wconf 85' lang='grc' dir='ltr'><em>τοῦ</em></span> <span class='ocrx_word' id='word_1_172' title='bbox 1237 2147 1428 2202; x_wconf 81' lang='grc' dir='ltr'><em>ἀργυρίου</em></span> <span class='ocrx_word' id='word_1_173' title='bbox 1468 2147 1722 2188; x_wconf 87' lang='grc' dir='ltr'><em>δεκαστάσιον</em></span> <span class='ocrx_word' id='word_1_174' title='bbox 1753 2141 1805 2199; x_wconf 75' lang='grc' dir='ltr'><em>ἦν</em></span> 
     </span>
     <span class='ocr_line' id='line_1_26' title="bbox 234 2205 1805 2262; baseline -0.002 -13"><span class='ocrx_word' id='word_1_175' title='bbox 234 2215 371 2261; x_wconf 81' lang='grc' dir='ltr'><em>σαφῶς</em></span> <span class='ocrx_word' id='word_1_176' title='bbox 402 2207 453 2248; x_wconf 76' lang='grc' dir='ltr'><em>ἄν</em></span> <span class='ocrx_word' id='word_1_177' title='bbox 485 2224 541 2256; x_wconf 84' lang='grc' dir='ltr'><em>τις</em></span> <span class='ocrx_word' id='word_1_178' title='bbox 573 2207 616 2248; x_wconf 80' lang='grc' dir='ltr'><em>ἐκ</em></span> <span class='ocrx_word' id='word_1_179' title='bbox 646 2214 715 2260; x_wconf 80' lang='grc' dir='ltr'><em>τῆς</em></span> <span class='ocrx_word' id='word_1_180' title='bbox 746 2209 993 2262; x_wconf 86' lang='grc' dir='ltr'><em>Μενάνδρου</em></span> <span class='ocrx_word' id='word_1_181' title='bbox 1026 2208 1378 2261; x_wconf 79' lang='grc' dir='ltr'><em>Παρακαταθήκης</em></span> <span class='ocrx_word' id='word_1_182' title='bbox 1409 2208 1546 2261; x_wconf 82' lang='grc' dir='ltr'><em>μάθοι.</em></span> <span class='ocrx_word' id='word_1_183' title='bbox 1602 2205 1805 2261; x_wconf 83' lang='grc' dir='ltr'><em>προειπὼν</em></span> 
     </span>
     <span class='ocr_line' id='line_1_27' title="bbox 233 2266 1805 2323; baseline -0.001 -15"><span class='ocrx_word' id='word_1_184' title='bbox 233 2269 306 2323; x_wconf 85' lang='grc' dir='ltr'><em>γάρ</em></span> <span class='ocrx_word' id='word_1_185' title='bbox 332 2267 454 2320; x_wconf 78' lang='grc' dir='ltr'><em>ὁλκὴν</em></span> <span class='ocrx_word' id='word_1_186' title='bbox 478 2290 526 2295; x_wconf 89' lang='lat'><em>-—</em></span> <span class='ocrx_word' id='word_1_187' title='bbox 551 2274 695 2321; x_wconf 87' lang='grc' dir='ltr'><em>τηρῶν,</em></span> <span class='ocrx_word' id='word_1_188' title='bbox 727 2266 860 2321; x_wconf 80' lang='grc' dir='ltr'><em>ἐπάγει</em></span> <span class='ocrx_word' id='word_1_189' title='bbox 890 2267 984 2320; x_wconf 82' lang='grc' dir='ltr'><em>μετὰ</em></span> <span class='ocrx_word' id='word_1_190' title='bbox 1015 2274 1136 2308; x_wconf 81' lang='grc' dir='ltr'><em>ταῦτα</em></span> <span class='ocrx_word' id='word_1_191' title='bbox 1166 2267 1255 2320; x_wconf 84' lang='grc' dir='ltr'><em>περὶ</em></span> <span class='ocrx_word' id='word_1_192' title='bbox 1286 2267 1430 2308; x_wconf 80' lang='grc' dir='ltr'><em>ταύτοῦ</em></span> <span class='ocrx_word' id='word_1_193' title='bbox 1459 2266 1582 2321; x_wconf 81' lang='grc' dir='ltr'><em>λέγων</em></span> <span class='ocrx_word' id='word_1_194' title='bbox 1614 2267 1805 2320; x_wconf 82' lang='grc' dir='ltr'><em>μακάριος</em></span> 
     </span>
     <span class='ocr_line' id='line_1_28' title="bbox 233 2324 1805 2379; baseline -0.001 -11"><span class='ocrx_word' id='word_1_195' title='bbox 233 2332 310 2369; x_wconf 88' lang='grc' dir='ltr'><em>κτλ.</em></span> <span class='ocrx_word' id='word_1_196' title='bbox 379 2329 435 2368; x_wconf 79' lang='lat' dir='ltr'><em>sic</em></span> <span class='ocrx_word' id='word_1_197' title='bbox 473 2341 636 2379; x_wconf 82' lang='lat' dir='ltr'>prorsus</span> <span class='ocrx_word' id='word_1_198' title='bbox 672 2329 848 2367; x_wconf 86' lang='lat' dir='ltr'>Bekkeri</span> <span class='ocrx_word' id='word_1_199' title='bbox 885 2329 944 2368; x_wconf 87' lang='lat' dir='ltr'><em>ed.</em></span> <span class='ocrx_word' id='word_1_200' title='bbox 988 2329 1036 2367; x_wconf 86' lang='lat' dir='ltr'><em>cf.</em></span> <span class='ocrx_word' id='word_1_201' title='bbox 1070 2328 1207 2368; x_wconf 85' lang='lat' dir='ltr'>Cobet.</span> <span class='ocrx_word' id='word_1_202' title='bbox 1236 2329 1287 2368; x_wconf 89' lang='lat' dir='ltr'><em>N.</em></span> <span class='ocrx_word' id='word_1_203' title='bbox 1318 2329 1343 2368; x_wconf 93' lang='grc'><em>1.</em></span> <span class='ocrx_word' id='word_1_204' title='bbox 1372 2330 1439 2368; x_wconf 86' lang='grc'><em>89.</em></span> <span class='ocrx_word' id='word_1_205' title='bbox 1523 2333 1558 2368; x_wconf 94' lang='grc'><em>1.</em></span> <span class='ocrx_word' id='word_1_206' title='bbox 1596 2324 1654 2366; x_wconf 77' lang='lat' dir='ltr'><em>‘in</em></span> <span class='ocrx_word' id='word_1_207' title='bbox 1691 2330 1805 2366; x_wconf 88' lang='lat' dir='ltr'>tuam</span> 
     </span>
     <span class='ocr_line' id='line_1_29' title="bbox 234 2384 1804 2441; baseline -0.001 -13"><span class='ocrx_word' id='word_1_208' title='bbox 234 2389 409 2441; x_wconf 83' lang='lat' dir='ltr'>gratiam</span> <span class='ocrx_word' id='word_1_209' title='bbox 439 2388 595 2439; x_wconf 84' lang='lat' dir='ltr'>pondus</span> <span class='ocrx_word' id='word_1_210' title='bbox 628 2389 714 2427; x_wconf 88' lang='lat' dir='ltr'>auri</span> <span class='ocrx_word' id='word_1_211' title='bbox 747 2384 941 2428; x_wconf 83' lang='lat' dir='ltr'>observo&#39;.</span> <span class='ocrx_word' id='word_1_212' title='bbox 1015 2391 1052 2428; x_wconf 87' lang='lat'><em>3.</em></span> <span class='ocrx_word' id='word_1_213' title='bbox 1085 2389 1254 2428; x_wconf 80' lang='lat' dir='ltr'>fortasse</span> <span class='ocrx_word' id='word_1_214' title='bbox 1293 2387 1422 2441; x_wconf 88' lang='grc' dir='ltr'><em>μάκαρ</em></span> <span class='ocrx_word' id='word_1_215' title='bbox 1454 2384 1490 2441; x_wconf 76' lang='grc' dir='ltr'><em>γ’</em></span> <span class='ocrx_word' id='word_1_216' title='bbox 1534 2387 1692 2434; x_wconf 80' lang='grc' dir='ltr'><em>ἐκεῖνος.</em></span> <span class='ocrx_word' id='word_1_217' title='bbox 1754 2387 1804 2426; x_wconf 83' lang='lat' dir='ltr'><em>cf.</em></span> 
     </span>
     <span class='ocr_line' id='line_1_30' title="bbox 234 2447 1804 2500; baseline -0.001 -13"><span class='ocrx_word' id='word_1_218' title='bbox 234 2449 448 2500; x_wconf 84' lang='lat' dir='ltr'>Phrynich.</span> <span class='ocrx_word' id='word_1_219' title='bbox 474 2461 572 2487; x_wconf 77' lang='lat' dir='ltr'><strong>com.</strong></span> <span class='ocrx_word' id='word_1_220' title='bbox 602 2450 669 2487; x_wconf 88' lang='grc'><em>31.</em></span> <span class='ocrx_word' id='word_1_221' title='bbox 702 2461 747 2487; x_wconf 84' lang='lat' dir='ltr'><em>ac</em></span> <span class='ocrx_word' id='word_1_222' title='bbox 780 2449 940 2498; x_wconf 82' lang='lat' dir='ltr'>saepius</span> <span class='ocrx_word' id='word_1_223' title='bbox 966 2447 1094 2499; x_wconf 85' lang='grc' dir='ltr'><em>μάκαρ</em></span> <span class='ocrx_word' id='word_1_224' title='bbox 1126 2448 1167 2486; x_wconf 91' lang='lat' dir='ltr'><em>in</em></span> <span class='ocrx_word' id='word_1_225' title='bbox 1199 2448 1378 2487; x_wconf 78' lang='lat' dir='ltr'>canticis.</span> <span class='ocrx_word' id='word_1_226' title='bbox 1429 2448 1515 2488; x_wconf 90' lang='lat' dir='ltr'>Liv.</span> <span class='ocrx_word' id='word_1_227' title='bbox 1543 2449 1611 2499; x_wconf 84' lang='lat'><em>38,</em></span> <span class='ocrx_word' id='word_1_228' title='bbox 1646 2449 1697 2485; x_wconf 91' lang='lat'><em>11</em></span> <span class='ocrx_word' id='word_1_229' title='bbox 1726 2459 1804 2495; x_wconf 70' lang='lat' dir='ltr'><em>pro</em></span> 
     </span>
     <span class='ocr_line' id='line_1_31' title="bbox 235 2508 1806 2558; baseline -0.001 -11"><span class='ocrx_word' id='word_1_230' title='bbox 235 2512 390 2558; x_wconf 67' lang='lat' dir='ltr'><em>amento</em></span> <span class='ocrx_word' id='word_1_231' title='bbox 421 2510 457 2547; x_wconf 77' lang='lat' dir='ltr'><em>si</em></span> <span class='ocrx_word' id='word_1_232' title='bbox 482 2520 624 2547; x_wconf 68' lang='lat' dir='ltr'><em>aarum</em></span> <span class='ocrx_word' id='word_1_233' title='bbox 649 2509 744 2547; x_wconf 78' lang='lat' dir='ltr'><em>dare</em></span> <span class='ocrx_word' id='word_1_234' title='bbox 768 2509 936 2552; x_wconf 74' lang='lat' dir='ltr'><em>mallent,</em></span> <span class='ocrx_word' id='word_1_235' title='bbox 968 2509 1107 2547; x_wconf 74' lang='lat' dir='ltr'><em>darent</em></span> <span class='ocrx_word' id='word_1_236' title='bbox 1130 2510 1314 2552; x_wconf 73' lang='lat' dir='ltr'><em>convenit,</em></span> <span class='ocrx_word' id='word_1_237' title='bbox 1347 2509 1438 2547; x_wconf 81' lang='lat' dir='ltr'><em>dwm</em></span> <span class='ocrx_word' id='word_1_238' title='bbox 1455 2520 1534 2556; x_wconf 73' lang='lat' dir='ltr'><em>pro</em></span> <span class='ocrx_word' id='word_1_239' title='bbox 1566 2508 1806 2556; x_wconf 68' lang='lat' dir='ltr'><em>arqenteis</em></span> 
     </span>
     <span class='ocr_line' id='line_1_32' title="bbox 234 2567 1637 2608; baseline -0.001 -1"><span class='ocrx_word' id='word_1_240' title='bbox 234 2570 383 2608; x_wconf 79' lang='lat' dir='ltr'>decem</span> <span class='ocrx_word' id='word_1_241' title='bbox 414 2580 588 2607; x_wconf 78' lang='lat' dir='ltr'><em>aureus</em></span> <span class='ocrx_word' id='word_1_242' title='bbox 619 2580 739 2606; x_wconf 74' lang='lat' dir='ltr'><em>unus</em></span> <span class='ocrx_word' id='word_1_243' title='bbox 769 2569 921 2606; x_wconf 72' lang='lat' dir='ltr'><em>valeret.</em></span> <span class='ocrx_word' id='word_1_244' title='bbox 977 2567 1026 2606; x_wconf 82' lang='lat' dir='ltr'><em>cf.</em></span> <span class='ocrx_word' id='word_1_245' title='bbox 1057 2567 1243 2607; x_wconf 83' lang='lat' dir='ltr'>Hultsch.</span> <span class='ocrx_word' id='word_1_246' title='bbox 1275 2567 1433 2607; x_wconf 85' lang='lat' dir='ltr'>Metrol.</span> <span class='ocrx_word' id='word_1_247' title='bbox 1469 2569 1564 2607; x_wconf 86' lang='lat'>174.</span> <span class='ocrx_word' id='word_1_248' title='bbox 1600 2569 1637 2606; x_wconf 83' lang='lat'><em>5.</em></span> 
     </span>
    </p>
   </div>
   <div class='ocr_carea' id='block_1_9' title="bbox 449 2695 1496 2836">
    <p class='ocr_par' dir='ltr' id='par_1_10' title="bbox 449 2695 1496 2836">
     <span class='ocr_line' id='line_1_33' title="bbox 973 2695 1061 2739; baseline 0 -1"><span class='ocrx_word' id='word_1_249' title='bbox 973 2695 1061 2739; x_wconf 84' lang='lat'><em>385</em></span> 
     </span>
     <span class='ocr_line' id='line_1_34' title="bbox 449 2776 1496 2836; baseline -0.001 -15"><span class='ocrx_word' id='word_1_250' title='bbox 449 2780 632 2836; x_wconf 80' lang='grc' dir='ltr'><em>αἰσχρὸν</em></span> <span class='ocrx_word' id='word_1_251' title='bbox 663 2778 876 2833; x_wconf 82' lang='grc' dir='ltr'><em>γενέσθαι</em></span> <span class='ocrx_word' id='word_1_252' title='bbox 907 2778 1081 2835; x_wconf 84' lang='grc' dir='ltr'><em>πτωχὸν</em></span> <span class='ocrx_word' id='word_1_253' title='bbox 1112 2777 1280 2833; x_wconf 75' lang='grc' dir='ltr'><em>ἀσθενῆ</em></span> <span class='ocrx_word' id='word_1_254' title='bbox 1313 2776 1358 2820; x_wconf 77' lang='grc' dir='ltr'><em>θ’</em></span> <span class='ocrx_word' id='word_1_255' title='bbox 1397 2778 1496 2833; x_wconf 79' lang='grc' dir='ltr'><em>ἅμα.</em></span> 
     </span>
    </p>
   </div>
   <div class='ocr_carea' id='block_1_10' title="bbox 235 2859 1802 2978">
    <p class='ocr_par' dir='ltr' id='par_1_11' title="bbox 235 2859 1802 2978">
     <span class='ocr_line' id='line_1_35' title="bbox 356 2859 1802 2919; baseline -0.001 -14"><span class='ocrx_word' id='word_1_256' title='bbox 356 2866 551 2906; x_wconf 81' lang='lat' dir='ltr'>Stobaeus</span> <span class='ocrx_word' id='word_1_257' title='bbox 583 2867 719 2906; x_wconf 84' lang='lat' dir='ltr'>Floril.</span> <span class='ocrx_word' id='word_1_258' title='bbox 754 2868 821 2918; x_wconf 89' lang='grc'><em>96,</em></span> <span class='ocrx_word' id='word_1_259' title='bbox 856 2868 907 2905; x_wconf 84' lang='grc'><em>21</em></span> <span class='ocrx_word' id='word_1_260' title='bbox 943 2869 1013 2905; x_wconf 82' lang='grc' dir='ltr'><em>τοῦ</em></span> <span class='ocrx_word' id='word_1_261' title='bbox 1045 2863 1167 2905; x_wconf 79' lang='grc' dir='ltr'><em>αὐτοῦ</em></span> <span class='ocrx_word' id='word_1_262' title='bbox 1200 2859 1468 2919; x_wconf 82' lang='grc' dir='ltr'><em>(Μενάνδρου</em></span> <span class='ocrx_word' id='word_1_263' title='bbox 1499 2862 1574 2918; x_wconf 83' lang='grc'><em>20)</em></span> <span class='ocrx_word' id='word_1_264' title='bbox 1615 2865 1802 2918; x_wconf 82' lang='grc' dir='ltr'><em>Παρακα·</em></span> 
     </span>
     <span class='ocr_line' id='line_1_36' title="bbox 235 2924 983 2978; baseline 0 -13"><span class='ocrx_word' id='word_1_265' title='bbox 235 2924 414 2978; x_wconf 79' lang='grc' dir='ltr'><em>ταθήκης</em></span> <span class='ocrx_word' id='word_1_266' title='bbox 444 2926 493 2966; x_wconf 89' lang='grc' dir='ltr'><em>Α.</em></span> <span class='ocrx_word' id='word_1_267' title='bbox 556 2927 603 2966; x_wconf 85' lang='lat' dir='ltr'><em>ef.</em></span> <span class='ocrx_word' id='word_1_268' title='bbox 634 2926 912 2977; x_wconf 83' lang='lat' dir='ltr'>Aristophont.</span> <span class='ocrx_word' id='word_1_269' title='bbox 947 2928 983 2965; x_wconf 89' lang='lat'><em>6.</em></span> 
     </span>
    </p>
   </div>
  </div>
 </body>
</html>
