2014 3334
752 822 1250 900 ⁴AAEEHOTA

362 951 612 990 Incertorum
637 952 848 1001 poetarum
876 950 1116 1002 fragmenta,
1142 963 1220 1000 quo
1245 950 1389 989 melius
1416 963 1554 990 eorum
1581 951 1649 1003 qui
1674 952 1822 991 lecturi

243 1013 376 1050 essent
407 1010 624 1051 commodis
657 1011 947 1061 consuleretur,
979 1023 1102 1062 quam
1132 1011 1432 1050 accuratissime
1468 1011 1555 1050 fieri
1586 1012 1748 1062 poterat
1778 1011 1820 1050 in

242 1084 391 1123 genera
428 1083 502 1110 sua
532 1070 822 1110 distribuimus.
883 1070 1021 1121 itaque
1053 1070 1226 1120 primum
1260 1071 1392 1110 locum
1424 1070 1607 1110 obtinent
1639 1084 1686 1110 ea
1717 1083 1819 1122 quae

243 1131 326 1171 sive
358 1131 479 1170 certis
509 1130 667 1169 indiciis
699 1131 781 1170 sive
804 1130 1003 1181 probabili
1029 1130 1257 1169 coniectura
1282 1132 1354 1169 aut
1379 1130 1569 1182 antiquae
1596 1133 1668 1170 aut
1692 1144 1821 1171 novae

241 1191 469 1231 comoediae
496 1190 759 1230 adscribenda
791 1192 923 1240 erant;
956 1190 1137 1240 sequitur
1169 1203 1318 1240 magna
1348 1203 1488 1230 eorum
1519 1191 1739 1231 multitudo
1771 1191 1820 1230 de

241 1264 411 1302 quorum
451 1263 597 1301 genere
634 1263 715 1305 nou
752 1252 922 1290 constat.
983 1251 1082 1289 haec
1119 1249 1324 1300 excipiunt
1362 1251 1588 1301 fragmenta
1625 1251 1748 1290 dubia
1779 1253 1821 1290 et

240 1324 452 1361 perperam
478 1310 706 1350 comoediae
726 1310 894 1350 tributa.
942 1310 982 1348 in
1011 1309 1180 1360 singulis
1205 1312 1343 1350 autem
1362 1311 1426 1349 his
1452 1310 1653 1361 capitibus
1680 1311 1818 1361 singu·

241 1370 373 1410 lorum
403 1371 723 1422 fragmentorum
759 1370 795 1409 is
828 1371 1014 1410 servatur
1045 1369 1158 1420 ordo,
1192 1369 1240 1408 de
1272 1383 1351 1420 quo
1383 1370 1464 1409 dixi
1496 1370 1539 1409 in
1568 1371 1820 1421 praefatione

239 1430 318 1470 vol.
349 1430 371 1469 I
400 1444 439 1480 p.
469 1443 525 1470 1v.
581 1429 776 1469 claudunt
806 1442 951 1482 agmen
987 1429 1149 1480 eclogae
1181 1429 1413 1480 ampliores,
1453 1443 1556 1482 quae
1588 1431 1696 1482 apud
1724 1431 1819 1471 scri-

239 1493 376 1541 ptores
395 1490 617 1540 primorum
635 1503 672 1540 p.
696 1488 788 1528 Chr.
821 1490 1075 1529 saeculorum
1102 1489 1185 1528 sine
1219 1489 1386 1542 originis
1418 1490 1578 1539 indicio,
1611 1491 1681 1530 sed
1710 1491 1820 1530 haud

240 1550 377 1601 paucis
408 1550 591 1590 versibus
629 1549 798 1600 integris
837 1562 1104 1601 versuumque
1144 1550 1329 1600 partibus
1363 1550 1533 1590 servatis
1569 1551 1612 1589 in
1645 1551 1820 1590 solutam

241 1610 464 1649 orationem
490 1622 705 1650 conversae
730 1610 1009 1650 inveniuntur:
1041 1622 1143 1660 quae
1169 1622 1414 1661 quamquam
1438 1623 1565 1650 novae
1592 1611 1819 1651 comoediae

240 1670 454 1721 pleraeque
498 1682 635 1709 omnes
678 1669 915 1709 tribuendae
957 1669 1164 1721 videntur,
1207 1672 1344 1709 tamen
1386 1670 1575 1721 quoniam
1616 1684 1698 1710 non
1734 1673 1820 1710 tam

242 1730 422 1769 codicum
453 1743 526 1769 ms.
553 1742 626 1780 ope
658 1742 780 1781 quam
811 1729 1040 1769 coniectura
1064 1730 1159 1779 fere,
1190 1729 1300 1769 haud
1330 1743 1422 1769 raro
1448 1731 1613 1782 incerta,
1644 1731 1818 1770 redinte-

241 1790 418 1842 grandae
450 1792 556 1840 sunt,
590 1790 773 1828 consulto
806 1802 830 1828 a
860 1789 1026 1840 reliquis
1065 1791 1299 1841 segregatae
1340 1803 1411 1830 suo
1443 1790 1615 1840 quodam
1655 1791 1819 1841 proprio

241 1850 372 1899 capite
393 1849 797 1900 comprehenduntur.
847 1849 929 1887 dixi
954 1849 1002 1888 de
1027 1849 1090 1888 his
1109 1849 1246 1888 Herm.
1265 1850 1361 1889 XXI
1375 1851 1463 1898 3391
1483 1863 1540 1901 sq.
1570 1850 1674 1890 Mus.
1693 1851 1820 1890 Rhen.

240 1909 453 1948 XXXXIII
484 1911 537 1949 29
555 1922 612 1961 sq.

571 2060 714 2109 ΤΗΣ
750 2058 1049 2109 ΑΡΧΑΙΑΣ
1085 2059 1488 2109 ΚΩΜΩΙΔΙΑΣ

1018 2179 1033 2219 l

456 2260 517 2318 (ὁ)
547 2262 760 2317 Φορμίων
789 2267 907 2316 τρεῖς
939 2259 1200 2318 (ἀργυροῦς)
1233 2262 1413 2316 στήσειν
1443 2262 1529 2317 ἔφη

454 2333 686 2390 τρίποδας,
718 2329 849 2375 ἔπειτ’
886 2334 1050 2388 ἔθηκεν
1081 2332 1159 2376 ἕνα
1189 2333 1477 2389 μολύβδινον.

361 2420 536 2460 Zonaras
568 2422 681 2461 1366
715 2419 758 2460 οἰ
772 2416 939 2460 ’Ammoi
969 2419 1172 2472 μόλυβδον
1202 2418 1270 2460 καὶ
1301 2419 1566 2473 μολύβδινον.
1587 2451 1596 2460 .
1618 2423 1717 2460 atti.
1781 2425 1817 2461 1.

242 2476 267 2579 g
290 2481 330 2519 et
355 2477 554 2533 ἀργυροῦς
573 2480 664 2519 add.
682 2480 800 2519 Mein.
833 2478 988 2532 στήσειν
1019 2478 1098 2532 ἔφη
1129 2478 1253 2531 idem]
1284 2478 1362 2532 ἔφη
1384 2479 1550 2532 στήσειν.
1598 2481 1647 2520 cf.
1667 2480 1818 2521 Cratin.

275 2541 327 2579 18
361 2542 401 2579 et
431 2541 531 2579 456.

1013 2633 1040 2675 2

457 2715 563 2770 μετὰ
592 2715 674 2771 τὴν
706 2715 935 2771 ἀποβολὴν
965 2721 1047 2759 τοῦ
1083 2714 1286 2766 Κλέωνος
1317 2715 1486 2766 εὐθέως

455 2785 726 2843 ὑπερέβαλεν
756 2784 868 2844 ὑπὲρ
899 2793 981 2830 τοῦ
1004 2785 1286 2843 Ὑπερβόλου.

363 2872 494 2912 Schol.
513 2873 719 2924 Aristoph.
753 2874 823 2926 Eq.
851 2875 967 2914 1304
998 2872 1232 2926 κεραμεὺς
1269 2872 1290 2914 ὅ
1309 2870 1608 2927 Ὑπέρβολος.
1655 2874 1750 2927 μετὰ
1775 2874 1817 2916 δὲ

241 2929 315 2982 τὴν
344 2934 423 2972 κτλ.
471 2928 552 2984 μετ’
586 2931 708 2972 αὐτὸν
733 2927 885 2988 (αὐτῶν
913 2928 966 2988 V)
1005 2932 1080 2987 γὰρ
1110 2932 1395 2974 ἐπολιτεύσατο.
1478 2937 1514 2974 1.
1545 2933 1640 2986 μετὰ
1670 2934 1743 2987 τὴν
1776 2933 1814 2976 δ’
