2014 3334
261 248 321 291 94
796 215 799 217 ’
895 243 1193 280 ΜΕΝΑΝΔΡΟΤ

382 360 616 399 Athenaeus
652 361 716 407 11,
750 359 875 397 472b
917 359 1105 407 θηλυκῶς
1144 352 1186 394 δὲ
1222 353 1295 406 τὴν
1335 354 1567 407 Θηρίκλειον
1605 348 1688 394 εἶπε
1718 351 1834 395 Μέν-

266 420 411 472 ανδρος
449 449 458 457 .
485 449 494 457 .
521 449 530 457 .
569 417 611 457 ἐν
642 416 895 471 Μηναγύρτῃ
926 418 1002 455 κτλ.
1070 414 1306 467 Θηρικλείαν
1336 414 1490 465 Dindf.]
1524 414 1754 466 θηρίκλειον
1783 414 1833 454 Α.

265 478 409 531 μεστὴν
439 491 558 530 προπ.
588 477 815 529 θηρίκλειον
846 476 964 515 Mein.
996 474 1113 514 Anal.
1145 474 1241 514 Ath.
1276 476 1372 514 217.
1434 474 1483 514 cf.
1516 476 1614 514 226.

900 601 1195 635 ΜΙΣΟΓΤΝΗΣ

384 681 596 731 Phrynich.
622 679 730 729 Epit.
756 680 840 717 417
875 675 1119 728 Μένανδρος
1149 674 1233 726 τὴν
1263 675 1519 726 καλλίστην
1549 681 1640 715 τῶν
1669 691 1834 732 κωμῳ-

263 740 380 779 διῶν
410 745 488 778 τῶν
521 737 663 778 ἑαυτοῦ
682 737 749 777 τὸν
769 736 1012 790 Μισογύνην
1032 735 1341 786 κατεκηλίδωσεν
1365 734 1487 774 εἰπών
1508 730 1674 788 (excidit
1691 738 1835 786 poetae

265 800 427 838 dictum.
490 800 538 837 cf.
571 800 618 836 fr.
652 795 768 851 334).
829 797 999 835 finxerat
1029 798 1150 846 poeta
1180 795 1401 845 hominem,
1442 807 1558 846 quem
1591 795 1838 835 matrimonii

266 859 357 897 initi
388 871 480 897 mox
512 853 578 912 (ut
603 856 811 896 Δύσκολον
837 852 1016 907 Libanii)
1049 855 1148 894 adeo
1173 854 1410 905 paeniteret,
1439 855 1487 892 ut
1513 855 1706 906 quidquid
1736 867 1838 894 uxor
1883 862 1886 868 “

270 920 310 956 et
341 918 525 956 luxuriae
557 919 597 956 et
629 915 903 967 superstitioni
931 915 1067 954 dedita
1098 916 1238 966 ageret
1269 914 1305 951 ei
1337 914 1517 953 odiosum
1551 916 1656 953 esset
1687 916 1728 952 et
1755 926 1837 953 mo-

270 978 430 1016 lestum.
480 978 528 1015 cf.
561 977 682 1015 etiam
713 976 899 1015 Leutsch.
924 975 1068 1013 Philol.
1087 974 1160 1012 XV
1182 975 1279 1013 625.
1312 994 1363 1000 —
1399 972 1477 1012 Cic.
1498 973 1614 1012 Tusa.
1634 974 1673 1025 4,
1695 976 1762 1024 11,
1781 975 1836 1013 25

270 1038 401 1075 odium
432 1037 651 1081 mulierum,
683 1037 795 1085 quale
825 1038 868 1074 in
899 1033 1116 1089 Μισογύνῃ
1147 1032 1293 1073 Atilii
1323 1036 1387 1072 est.
1449 1031 1495 1071 O.
1521 1033 1710 1072 Ribbeck.
1730 1032 1838 1072 Com.

264 1096 309 1134 R.
341 1091 407 1134 fr.2
441 1097 508 1134 32.

1137 1159 1168 1171 p

1009 1198 1096 1241 325

952 1282 1063 1338 πρὸς
1093 1282 1143 1323 τὸ
1175 1276 1343 1337 πρᾶγμ’
1378 1281 1461 1335 ἔχω

476 1362 631 1404 κακῶς.
693 1357 741 1396 Β.
774 1353 1068 1411 ἐπαριστερῶς
1098 1354 1182 1409 γὰρ
1215 1352 1323 1395 αὐτὸ
1356 1351 1610 1407 λαμβάνεις·

477 1426 530 1466 τὰ
562 1425 752 1481 δυσχερῆ
785 1425 869 1481 γὰρ
900 1423 973 1467 καὶ
1003 1424 1058 1466 τὰ
1089 1422 1346 1478 λυπήσαντά
1378 1433 1427 1464 σε

481 1496 586 1554 ὁρᾷς
618 1495 666 1538 ἐν
698 1496 839 1554 αὐτῷ,
870 1495 923 1537 τὰ
956 1493 997 1537 δ’
1034 1493 1167 1549 ἀγάθ’
1208 1492 1354 1537 οὐκέτι
1385 1492 1569 1548 βλέπεις.

438 1579 458 1610 5
479 1567 627 1624 εὕροις
659 1566 698 1610 δ’
735 1566 790 1610 ἂν
823 1564 957 1610 οὐδὲν
987 1573 1077 1609 τῶν
1109 1565 1332 1620 ἁπάντων,
1364 1565 1549 1621 Σιμύλε,

478 1639 654 1693 ἀγαθὸν
686 1639 772 1696 ὅτῳ
803 1654 846 1681 τι
878 1639 935 1694 μὴ
967 1639 1177 1695 πρόσεστι
1208 1636 1282 1680 καὶ
1312 1638 1461 1680 κακόν.

477 1711 590 1765 γυνὴ
622 1712 864 1765 πολυτελής
895 1708 982 1752 ἐστ’
1019 1709 1224 1766 ὀχληρόν,
1257 1706 1354 1751 οὐδ’
1391 1707 1441 1765 ἐᾷ

480 1785 556 1837 ζῆν
587 1783 665 1824 τὸν
698 1778 885 1837 λαβόνθ’
921 1782 980 1832 ὡς
1011 1779 1207 1836 βούλετ’·
1247 1776 1342 1823 ἀλλ’
1377 1780 1525 1822 ἔνεστί
1550 1796 1592 1822 τι

480 1853 653 1907 ἀγαθὸν
685 1850 757 1894 ἀπ’
794 1852 942 1908 αὐτῆς,
974 1853 1144 1902 παῖδες·
1187 1850 1360 1894 ἐλθόντ’
1399 1853 1463 1902 εἰς
1493 1853 1632 1894 νόσον

417 1936 459 1966 10
478 1925 557 1966 τὸν
589 1926 745 1979 ἔχοντα
777 1924 943 1979 ταύτην
974 1923 1274 1981 ἐθεράπευσεν
1306 1923 1531 1979 ἐπιμελῶς,

480 1996 716 2051 ἀτυχοῦντι
749 1995 1123 2053 συμπαρέμεινεν,
1156 1995 1444 2038 ἀποθανόντα
1474 2010 1520 2037 τε

480 2069 634 2122 ἔθαψε,
665 2067 960 2123 περιέστειλεν
992 2068 1181 2117 οἰκείως·
1226 2067 1308 2124 ὅρα

480 2140 543 2188 είς
574 2136 724 2193 ταῦθ’,
757 2139 864 2181 ὅταν
896 2142 1011 2194 λυπῇ
1043 2154 1085 2180 τι
1115 2145 1206 2181 τῶν
1235 2134 1342 2180 καθ’
1371 2137 1551 2194 ἡμέραν.

479 2210 594 2252 οὕτω
627 2211 711 2266 γὰρ
745 2214 879 2260 οἴσεις
910 2216 998 2252 πᾶν
1028 2211 1077 2251 τὸ
1110 2208 1295 2266 πρᾶγμ”
1328 2208 1384 2251 ἂν
1416 2205 1456 2250 δ’
1491 2207 1644 2264 ἐκλέγῃ

420 2293 461 2323 15
482 2280 549 2323 ἀεὶ
580 2282 628 2322 τὸ
662 2285 848 2335 λυποῦν,
881 2278 1020 2336 μηδὲν
1053 2279 1412 2337 ἀντιπαρατιθεὶς

479 2359 569 2395 τῶν
599 2352 996 2409 προσδοκωμένων,
1027 2353 1237 2408 ὀδυνήσει
1270 2353 1344 2394 διὰ
1374 2351 1539 2402 τέλους.

386 2466 421 2490 v.
457 2453 569 2489 1--4
603 2451 784 2490 Clemens
816 2451 929 2491 Alex.
959 2452 1103 2491 Strom.
1133 2454 1170 2500 2,
1203 2453 1272 2501 23,
1308 2452 1388 2490 141
1424 2448 1444 2490 ὁ
1475 2448 1646 2502 κωμικὸς
1671 2448 1837 2490 Μέναν-

273 2511 364 2563 δρος
395 2508 656 2562 καταδραμὼν
693 2516 762 2550 τοῦ
798 2510 948 2563 γάμου,
986 2509 1083 2550 ἀλλὰ
1114 2509 1180 2549 καὶ
1217 2509 1263 2549 τὰ
1293 2509 1461 2562 χρήσιμα
1495 2508 1706 2557 ἀντιτιθεὶς
1737 2508 1836 2550 ἀπο-

269 2570 439 2622 κρίνεται
470 2572 522 2625 τῷ
555 2569 702 2609 εἰπόντι
735 2567 788 2622 (v.
825 2573 860 2609 1.
894 2568 955 2623 2),
986 2566 1053 2609 εἶτ’
1096 2569 1270 2621 ἐπιφέρει
1302 2568 1359 2621 (3.
1394 2567 1439 2621 4)
1477 2567 1543 2608 καὶ
1573 2568 1620 2608 τὰ
1650 2568 1750 2621 ἑξῆς.
1799 2584 1837 2610 v.

270 2631 382 2668 3—ss
416 2629 610 2668 Stobaeus
633 2630 767 2668 Floril.
792 2632 888 2681 108,
908 2632 963 2668 44
996 2629 1244 2686 Μενάνδρου
1278 2628 1567 2682 Μισογύνου
1593 2629 1640 2668 A.
1687 2643 1725 2669 v.
1746 2630 1784 2668 5.
1808 2631 1831 2668 6

268 2689 462 2727 Stobaeus
495 2689 630 2727 Floril.
666 2691 761 2741 105,
796 2691 851 2728 10
883 2689 1130 2742 Μενάνδρου
1163 2689 1210 2727 Α.
1273 2703 1308 2728 v.
1344 2692 1439 2740 7sq.
1473 2689 1667 2728 stobaeus
1693 2689 1833 2727 Floril.

269 2750 336 2798 69,
356 2750 381 2786 4
403 2747 649 2800 Μενάνδρου
667 2749 716 2788 A.
776 2763 811 2788 v.
837 2750 890 2787 14
912 2745 983 2802 (ἂν
1006 2744 1159 2803 ἐκλέγῃ)
1185 2770 1243 2774 —
1271 2750 1323 2786 16
1352 2748 1548 2787 Stobaeus
1574 2748 1712 2787 Floril.
1736 2749 1832 2796 108,

267 2809 319 2845 41
356 2806 601 2859 Μενάνδρου
627 2809 679 2846 Μ
681 2807 911 2861 ισογύνου
931 2808 980 2847 Α.
1030 2809 1168 2859 itaque
1188 2809 1285 2846 haec
1305 2808 1439 2846 omnia
1458 2820 1544 2847 esse
1565 2821 1612 2846 ex
1631 2808 1836 2855 Misoyyne

268 2869 435 2917 constat,
468 2867 514 2905 de
547 2868 810 2906 continuitate
844 2882 876 2906 v.
913 2869 936 2906 6
970 2870 1011 2906 et
1044 2870 1066 2906 7
1099 2880 1180 2907 non
1211 2869 1380 2905 constat.
1430 2888 1478 2893 —
1527 2868 1564 2906 3.
1597 2866 1765 2917 δυσχερῆ
1796 2880 1835 2905 τε

269 2925 389 2964 Clem.
422 2925 651 2976 λυπήσαντα
671 2924 810 2975 Clam]
832 2925 1059 2977 λυπήσοντα
1079 2927 1149 2964 ΑΒ
1164 2926 1281 2964 Vind.
1304 2926 1412 2965 Stob.
1467 2928 1506 2964 4.
1527 2924 1600 2964 οὐκ
1619 2923 1837 2977 ἐπιβλέπεις
