2014 3334
267 233 350 275 166
905 237 1006 269 ΜΕΝ
1009 237 1201 270 ΑΝΔΡΟΤ

1034 343 1217 400 ’Έλεγχός
1249 343 1324 399 εἰμ’
1357 346 1447 401 ἐγώ,

547 403 567 444 ὁ
600 405 714 455 φίλος
742 402 927 461 Ἀληθείᾳ
958 421 996 445 τε
1027 405 1094 445 καὶ
1123 407 1333 461 Παρρησίᾳ

543 461 773 520 Ἐλευθερία
803 479 842 504 τε
874 461 1211 519 (συγγενέστατος)
1242 466 1351 517 θεός,

546 523 726 574 μόνοισιν
757 523 900 576 ἐχθρὸς
930 531 1009 564 τῶν
1040 526 1192 578 βροτῶν
1222 529 1304 573 τοῖς
1333 524 1406 577 τὴν
1437 525 1535 577 ἐμὴν

506 592 526 621 5
547 586 717 636 γλῶτταν
750 583 911 635 δεδιόσι,
940 584 1070 623 πάντα
1099 582 1132 624 τ’
1168 583 1281 633 εἰδὼς
1312 584 1377 624 καὶ
1409 591 1546 636 σαφῶς

549 641 703 690 διεξιὼν
736 641 861 683 ὁπόσα
892 640 1045 684 σύνοιδ’
1083 643 1179 696 ὑμῖν
1212 642 1366 698 (κακά),

547 701 593 741 τὰ
625 707 726 741 σῦκα
758 708 872 754 σῦκα,
902 701 975 754 τὴν
1006 703 1166 756 σκάφην
1198 704 1358 755 σκάφην
1389 703 1534 757 λέγων,

381 763 579 801 Elenchus
609 763 767 813 pr010gi
799 766 871 813 est,
903 777 981 803 non
1012 764 1171 803 fabulae
1202 777 1355 803 nomen.
1419 765 1683 804 sic'Philemo
1709 763 1830 814 Aera,

260 823 381 871 poeta
423 834 537 860 anon.
583 817 735 875 (adesp.
772 817 875 877 154)
922 822 1060 875 Φόβον
1102 823 1382 876 προλογίζοντα
1427 825 1594 875 fecerat,
1638 823 1830 863 Afranius

260 880 422 931 Σοφίαν
443 881 732 931 (Sapientiam),
752 882 923 922 Plautus
938 882 1163 929 Arctwrum,
1177 883 1395 929 Auxilium,
1417 884 1563 923 Larem
1581 884 1831 932 familiarem

261 941 496 985 Luxuriam,
527 942 713 990 Inopiam
743 944 817 981 oet.

1007 1083 1093 1125 546

476 1178 579 1226 τοὺς
609 1182 686 1231 τῆς
716 1182 907 1232 γαμετῆς
939 1177 1072 1234 ὅρους
1102 1177 1398 1234 ὑπερβαίνεις,
1429 1178 1575 1232 γύναι,

476 1248 558 1301 τὴν
590 1247 765 1290 αὐλίαν·
805 1248 940 1305 πέρας
970 1250 1055 1305 γὰρ
1089 1250 1264 1299 αὔλειος
1293 1250 1416 1305 θύρα

477 1318 692 1376 ἐλευθέρᾳ
722 1319 899 1374 γυναικὶ
930 1319 1153 1376 νενόμιστ’
1191 1322 1345 1371 οἰκίας·

476 1391 525 1432 τὸ
559 1386 600 1431 δ’
635 1389 886 1433 ἐπιδιώκειν
918 1396 980 1441 εἴς
1010 1407 1056 1434 τε
1087 1393 1169 1447 τὴν
1203 1392 1311 1435 ὁδὸν
1341 1392 1526 1449 τρέχειν,
1579 1435 1583 1440 ,

436 1474 454 1503 5
477 1463 539 1503 ἔτι
572 1462 938 1518 λοιδορουμένην,
970 1465 1103 1513 κυνός
1135 1462 1222 1505 ἐστ’
1260 1465 1408 1520 ἔργον,
1433 1463 1570 1518 Ῥόδη.

384 1560 494 1599 Stob.
514 1561 651 1599 Floril.
675 1562 741 1610 74,
765 1564 815 1599 11
851 1561 1098 1614 Μενάνδρου
1130 1564 1178 1600 A.
1239 1563 1475 1613 Harpocrat.
1509 1560 1665 1609 αὔλειος
1695 1559 1720 1613 ἡ
1754 1560 1832 1601 ἀπὸ

263 1624 333 1670 τῆς
374 1617 472 1658 ὁδοῦ
512 1618 646 1671 πρώτη
687 1619 796 1673 θύρα
836 1626 905 1672 τῆς
945 1621 1091 1671 οἰκίας,
1132 1619 1184 1669 ὡς
1222 1622 1341 1672 δηλοῖ
1367 1619 1618 1672 Μένανδρος.
1695 1624 1732 1660 2.
1768 1620 1834 1660 διὰ

265 1677 337 1729 τὴν
378 1677 505 1718 αὐλὰν
546 1679 634 1718 λίαν
672 1680 832 1719 AVoss.
900 1679 972 1731 τὴν
1012 1679 1150 1720 αὔλιον
1187 1682 1298 1721 Pors.
1340 1682 1456 1720 Kidd.
1490 1683 1587 1720 387.
1655 1680 1834 1736 αὐθαδία

264 1739 395 1777 Bentl.
429 1735 523 1790 (del.
556 1737 622 1777 διὰ
652 1735 756 1791 τὴν).
817 1738 888 1790 τὴν
929 1738 1071 1780 αὐλίαν
1103 1736 1280 1794 (αὔλιον)
1323 1742 1398 1780 del.
1431 1740 1524 1780 Cob.
1555 1742 1604 1779 N.
1636 1741 1661 1780 l.
1697 1742 1762 1780 76.
1798 1743 1834 1779 7.

265 1798 407 1836 deinde
439 1795 594 1845 αὔλειος
626 1799 658 1836 Β
684 1798 835 1849 Benffl]
869 1797 1016 1847 αὔλιος.
1080 1799 1171 1852 ὅρος
1201 1799 1276 1853 γὰρ
1309 1798 1463 1847 αὔλειος
1488 1799 1597 1852 θύρα
1623 1800 1716 1839 Oob.
1739 1800 1832 1839 ibid.

269 1859 363 1897 178.
415 1856 532 1908 ὅρους
563 1856 705 1910 Ι’ὑπερβιῖ
738 1875 773 1911 γ.
808 1854 812 1912 Ι
846 1858 939 1906 τοὺς
969 1865 1038 1911 τῆς
1074 1865 1258 1912 γαμετῆς·
1298 1858 1419 1911 πέρας
1449 1858 1523 1912 γὰρ
1554 1863 1631 1899 κτλ.
1680 1859 1835 1900 Nauck.

265 1917 314 1956 cf.
346 1920 482 1956 tamen
520 1918 723 1968 Aristoph.
762 1920 809 1957 fr.
851 1920 948 1958 255.
981 1920 1070 1959 Pac.
1105 1922 1202 1959 982.
1290 1921 1327 1959 5.
1360 1917 1538 1972 ἔστεργον
1579 1918 1687 1972 ῥώδη
1720 1918 1833 1959 Voss.

266 1976 384 2015 Heus.
418 1990 464 2015 ao
496 1975 603 2028 ρώδη
637 1978 758 2016 etiam
789 1978 836 2018 A.
868 1977 990 2026 κυνὸς
1021 1981 1099 2018 κτλ.
1132 1993 1207 2018 om.
1232 1979 1278 2018 B.

386 2037 436 2075 ad
466 2032 627 2087 Ἱέρειαν
663 2041 829 2087 propter
859 2034 1001 2089 Ῥόδης
1037 2052 1181 2078 nomen
1218 2039 1419 2078 refereba13
1450 2038 1646 2089 Clericus,
1681 2038 1835 2077 incerta

267 2108 427 2145 prorsus
460 2097 699 2135 coniectura.
751 2098 798 2136 cf.
830 2098 997 2137 Philem.
1031 2100 1098 2137 84.

942 2249 1040 2290 547.
1072 2249 1157 2291 548

481 2341 639 2390 πάντες
669 2338 750 2396 μὲν
782 2342 829 2383 οἰ
859 2345 1041 2399 Θρᾷκες,
1074 2343 1261 2398 μάλιστα
1293 2339 1334 2385 δ’
1370 2345 1417 2386 οί
1446 2343 1573 2386 Γέται

481 2412 604 2467 ἡμεῖς
635 2411 841 2455 ἁπάντων
873 2412 961 2466 (καὶ
992 2414 1076 2470 γὰρ
1109 2414 1240 2464 αὐτὸς
1271 2414 1454 2470 εὔχομαι

482 2483 655 2526 ἐκεῖθεν
686 2479 800 2526 εἶναι
830 2485 879 2526 τὸ
911 2482 1073 2541 γένος),
1108 2485 1161 2527 οὐ
1193 2482 1354 2542 σφόδρ’
1389 2485 1610 2542 ἐγκρατεῖς

483 2554 625 2610 ἐσμέν.
1392 2558 1395 2560 ’

437 2638 456 2668 5
483 2633 615 2681 γαμεῖ
642 2627 727 2683 γὰρ
758 2626 884 2682 ἡμῶν
915 2624 1021 2670 οὐδὲ
1052 2622 1115 2678 εἷς
1146 2629 1188 2670 εἰ
1216 2629 1274 2683 μὴ
1307 2626 1397 2671 δέκ’
1433 2628 1460 2683 ’ἢ

483 2697 639 2740 ἕνδεκα
669 2705 894 2752 γυναῖκας,
927 2695 1083 2741 δώδεκ’
1118 2698 1145 2753 ἢ
1177 2701 1356 2750 πλείους
1386 2700 1513 2751 τινές,

484 2768 539 2811 ἂν
570 2769 775 2825 τέτταρας
806 2767 846 2812 δ’
882 2769 909 2824 ἢ
941 2769 1070 2812 πέντε
1101 2771 1356 2825 γεγαμηκώς
1387 2787 1453 2821 τις
1487 2765 1525 2827 ᾖ,

484 2841 766 2897 καταστροφὴ
799 2847 892 2896 γῆς,
925 2840 1189 2896 ἀνυμέναιος
1220 2842 1391 2895 ἄθλιος,

485 2911 688 2966 ἄνυμφος
721 2907 851 2963 οὗτος
882 2907 1114 2954 ἐπικαλεῖτ’
1149 2911 1197 2954 ἐν
1227 2919 1320 2963 τοῖς
1351 2913 1449 2956 ἐκεῖ.
