2014 3334
0 2539 18 2623 ἒι,

0 2622 15 2703 ρ,

788 234 955 269 ΑΔΗΑΑ
980 235 1050 269 ΟΠ
1053 235 1241 269 ΟΤΕΡΑΣ
1708 232 1794 275 557

217 342 393 401 Ἀργεία,
432 346 567 400 σφυρά
605 347 689 387 cod.
729 347 880 388 emend.
920 347 1106 388 Leutsch.
1143 346 1380 398 Diogenian.
1407 347 1450 396 2,
1484 347 1551 386 79.
1608 346 1656 385 cf.
1695 358 1797 397 quae

220 407 469 448 adnotantur
499 407 548 446 wd
582 407 731 457 Diphil.
767 409 864 447 120.

899 510 996 554 850.
1031 511 1113 554 851

504 583 683 639 ἄριστος
714 580 918 625 κλέπτειν

336 670 508 709 Bekker.
528 669 677 709 Aneed.
701 671 767 720 10,
795 671 847 708 31
922 672 1174 721 ,σαρκασμοῦ
1205 666 1336 724 τρόπῳ
1369 664 1560 723 ἐπῄνηται
1592 668 1646 716 εἶς
1676 666 1798 722 ’ὑπερ-

215 727 342 782 βολὴν
379 734 450 769 τοῦ
487 734 625 768 κακοῦ.
676 731 717 768 et
750 731 818 779 29,
852 731 875 767 9
915 726 1071 782 ἄριστος
1107 725 1284 767 κλέπτειν
1314 725 1380 767 καὶ
1417 724 1608 780 ἄριστος
1644 731 1795 768 λωπο-

216 788 377 828 δυτεῖν
410 785 513 842 (sine
533 783 733 842 interpr).
764 786 933 840 κλέπτην
953 791 994 827 et
1012 787 1250 838 λωποδύτην
1270 788 1354 827 cod.
1383 809 1431 814 —
1454 789 1628 827 comicus
1655 789 1798 839 opinor

221 849 379 888 dixerat
409 847 584 889 κλέπτειν
615 845 783 901 ἄριστος.

967 928 1054 972 852

502 989 628 1046 ἄρτοι
659 990 811 1039 πίονες

333 1075 560 1128 Hesychius
592 1075 718 1123 οὕτως
742 1077 999 1126 πλακοῦντες,
1025 1087 1077 1114 sc.
1103 1072 1293 1127 ἐλέγοντο.
1338 1070 1466 1128 εἄρτοι
1483 1088 1523 1114 π.
1549 1076 1797 1115 vocabantur

214 1132 450 1186 placentae?
484 1136 652 1175 Salmas.
709 1149 756 1175 ex
793 1135 998 1174 comoedia.
1035 1135 1211 1186 glossam
1250 1134 1473 1174 derivatam
1510 1137 1647 1174 censet
1677 1135 1796 1174 Mein.

218 1195 362 1235 Philol.
394 1196 494 1235 XIII
527 1197 626 1235 535.

967 1264 1054 1307 853

503 1324 641 1368 ἀσκὸν
671 1326 837 1367 τίλλειν

335 1411 502 1450 Photius
528 1408 625 1451 ὄνου
651 1409 788 1451 πόκαι·
821 1408 884 1449 ἐπὶ
902 1414 981 1448 τῶν
1000 1407 1212 1460 ἀνηνύτων
1231 1407 1298 1448 καὶ
1316 1414 1395 1448 τῶν
1420 1407 1474 1460 μὴ
1495 1406 1622 1449 ὄντων
1646 1407 1796 1463 λέγεται

213 1466 240 1521 ἡ
271 1470 462 1523 παροιμία
492 1467 572 1510 ’ὑπὸ
603 1476 682 1509 τῶν
703 1466 906 1523 Ἀττικῶν..
947 1467 1077 1521 ὥσπερ
1109 1468 1155 1507 αἱ
1180 1474 1376 1508 τοιαῦται·
1407 1469 1584 1509 πλίνθον
1614 1469 1795 1520 πλύνειν,

216 1527 340 1569 ἀσκὸν
354 1530 524 1581 τίλλειν,
556 1529 701 1583 χύτραν
731 1529 961 1580 ποικίλλειν,
991 1528 1047 1576 εἰς
1077 1534 1267 1581 κοπρῶνα
1297 1532 1464 1580 θυμιᾶν.

959 1646 1046 1688 854

501 1717 751 1761 αὐτόποκον
783 1718 958 1774 ἱμάτιον

335 1803 475 1843 Pollux
509 1808 546 1853 7,
580 1807 631 1845 61
672 1802 725 1856 ἣν
763 1804 904 1858 συρίαν
936 1803 980 1843 οἱ
1011 1803 1168 1854 πολλοί,
1202 1803 1348 1854 ταύτην
1381 1801 1606 1843 αὖτόποκον
1638 1804 1793 1856 ἱμάτιον

217 1863 259 1903 οἱ
286 1863 463 1915 κωμικοί.
519 1865 569 1904 cf.
601 1864 752 1904 Cratin.
786 1866 884 1904 207.

963 1969 1050 2011 855

499 2027 645 2085 γέρων
676 2028 922 2078 στύππινος

335 2115 506 2155 Bekker.
525 2115 676 2155 Anecd.
696 2117 766 2167 33,
787 2117 841 2154 12
874 2111 962 2165 ἤτοι
992 2112 1132 2162 λευκὸς
1155 2111 1222 2153 καὶ
1246 2112 1397 2164 πολιός,
1428 2111 1563 2165 ἐπειδὴ
1593 2112 1640 2153 τὰ
1672 2113 1792 2153 στύπ-

213 2188 311 2214 πινα
341 2174 461 2215 λευκά
498 2174 609 2215 εἰσιν.
663 2173 691 2227 ἢ
722 2173 790 2214 τὸν
821 2172 976 2227 ἀσθενῆ
1010 2174 1143 2226 δηλοῖ,
1175 2171 1310 2225 ἐπειδὴ
1343 2171 1606 2225 ἀσθενέστερά
1638 2172 1715 2213 ἐστι
1745 2173 1792 2213 τὰ

215 2233 415 2274 στύππινα
445 2240 524 2274 τῶν
555 2237 688 2274 λινῶν.
744 2235 792 2274 cf.
813 2235 1052 2286 Diogenian.
1076 2236 1114 2284 8,
1144 2236 1210 2273 14.
1261 2234 1442 2284 Apostol.
1467 2235 1533 2284 15,
1561 2236 1615 2273 64
1649 2233 1791 2273 στύπ-

212 2307 357 2334 πινον
395 2293 662 2348 γερόντιον·
711 2292 892 2342 ἀσθενές.
941 2295 1123 2345 Append.
1154 2307 1265 2344 prov.
1299 2295 1337 2343 4,
1371 2295 1425 2333 69
1472 2292 1679 2345 σήπινον
1716 2308 1792 2347 γε-

214 2352 420 2405 ρόντιον.

957 2423 1043 2465 856

498 2495 709 2551 γλαφυρὰ
739 2495 948 2552 κωμῳδία

333 2579 502 2619 Bekker.
522 2580 672 2621 Aneed.
699 2583 767 2633 32,
797 2583 849 2620 22
882 2577 909 2631 ἡ
941 2578 1176 2632 εὐτράπελος
1205 2577 1271 2618 καὶ
1304 2577 1509 2632 εὔρυθμος
1539 2578 1606 2619 καὶ
1637 2579 1792 2632 χάριτος

214 2636 427 2691 μετέχουσα
457 2636 551 2691 μεθ’
584 2636 747 2692 ἡδονῆς.

962 2721 1046 2763 857

499 2786 652 2835 γραῶν
681 2778 824 2830 ὕθλος

335 2864 532 2904 Zenobiae
565 2866 612 2914 3,
645 2866 669 2904 5
715 2863 779 2904 ἐπὶ
814 2871 893 2905 τῶν
930 2865 1058 2917 μάτην
1095 2863 1336 2916 ληρούντων.
1386 2866 1434 2904 cf.
1468 2866 1572 2905 Plat.
1604 2866 1715 2916 Reip.
1753 2869 1788 2918 1,

216 2925 342 2964 350e.
393 2923 514 2976 Gorg.
548 2926 678 2964 5272„
