2014 3334
310 261 394 303 162
630 276 633 281 .
947 263 1246 297 MENANAPOT

519 370 568 411 τὸ
602 368 712 425 σῶμ’
748 369 941 424 ὑγιαίνει
971 371 1071 413 τινὰ
1104 371 1278 413 δίαιταν
1308 370 1586 428 προσφέρων.

479 452 499 483 5
519 442 636 496 πλὴν
666 439 715 483 ἕν
745 456 788 483 τι
819 448 909 483 τῶν
940 442 1119 484 πάντων
1151 442 1374 485 ἀδύνατον
1404 439 1460 497 ἧν
1493 444 1578 499 ἄρα

519 512 680 568 εὑρεῖν,
715 511 773 554 δι’
810 508 864 555 οὗ
894 514 1064 569 τρόπου
1094 529 1160 564 τις
1192 513 1246 556 οὐ
1277 515 1527 569 λυπήσεται.

519 584 573 626 οὐ
604 584 689 640 γὰρ
721 585 770 626 τὸ
803 584 861 639 μὴ
894 585 1103 639 πράττειν
1134 586 1243 628 κατὰ
1274 591 1387 628 νοῦν
1417 587 1505 642 ἔχει
1536 587 1677 641 μόνον

518 656 676 710 λύπην,
708 653 887 712 παρέχει
921 654 969 698 δὲ
1001 658 1244 712 φροντίδας
1275 655 1347 700 καὶ
1377 657 1564 712 τάγαθά.

425 742 621 781 Stobaeus
659 743 798 782 Floril.
832 744 901 793 98,
937 746 988 783 19
1034 743 1282 797 Μενάνδρου
1313 745 1360 783 A.
1441 758 1477 783 v.
1511 747 1535 783 8
1569 745 1759 784 Philostr.
1790 744 1871 783 Vit.

306 801 435 852 Apoll.
457 804 495 852 2,
529 804 582 841 36
615 816 652 852 p.
680 803 734 842 88
779 801 950 850 πολλοὺς
988 798 1078 851 οἶδα
1116 809 1194 842 τῶν
1226 803 1381 855 σφόδρα
1412 801 1647 856 ἡγουμένων
1678 797 1722 842 εὖ
1753 802 1875 857 πράτ-

302 875 381 900 τειν
419 858 512 900 οὐδὲ
549 861 765 901 καθεύδειν
803 860 1071 913 δυναμένους,
1118 859 1196 902 ἀλλ’
1237 861 1489 914 ἐκπηδῶντας
1519 868 1590 902 τοῦ
1620 862 1767 914 ὕπνου,
1806 861 1874 902 καὶ

302 917 406 960 τοῦτ’
449 919 499 960 ἂν
538 921 596 972 εἴη
634 919 676 960 τὸ
720 918 902 974 παρέχειν
946 922 1162 975 φροντίδας
1204 921 1271 961 καὶ
1313 921 1480 975 τάγαθά.
1563 925 1599 961 1.
1637 920 1870 974 βουληθεὶς]

301 979 586 1027 παιδευθεὶς
617 981 664 1019 Κ.
702 994 794 1020 nam
821 982 998 1021 voluntas
1030 982 1115 1022 sola
1145 982 1298 1021 homini
1327 981 1431 1021 nihil
1461 982 1660 1032 proderit,
1700 982 1778 1021 nisi
1815 982 1873 1021 di-

304 1040 447 1079 scendo
479 1042 520 1079 et
545 1041 828 1080 exercitatione
861 1042 1075 1080 excolatur.
1121 1039 1171 1080 ἂν
1203 1055 1278 1080 0111.
1298 1041 1347 1080 A.
1410 1044 1446 1081 2.
1478 1046 1559 1081 πᾶν
1590 1041 1709 1080 Μο111.
1742 1039 1872 1092 Stolo]

303 1105 392 1146 πᾶς.
425 1105 509 1146 πῶς
534 1100 618 1139 ΑΒ.
650 1099 796 1152 τρόπον
827 1099 915 1139 τινά
945 1099 1080 1151 Mein]
1113 1099 1260 1151 τρόπον
1292 1095 1416 1148 οὗτος.
1497 1103 1534 1140 4.
1566 1099 1760 1153 ’ὑγιαίνειν
1790 1100 1876 1140 AB.

302 1156 495 1211 ὑγιαίνων
539 1160 655 1198 Mein.
702 1159 810 1199 Stob.
899 1162 936 1199 6.
980 1159 1252 1211 λυπηθήσεται
1292 1160 1376 1198 AB.
1463 1162 1501 1200 8.
1541 1158 1699 1213 παρέχει
1741 1158 1872 1211 Grot.]

301 1223 381 1270 πῦρ
413 1217 498 1270 ἔχει.

1045 1324 1133 1366 540

514 1406 756 1462 μειράκιον,
791 1407 845 1449 οὔ
877 1422 952 1460 μοι
982 1414 1215 1450 κατανοεῖν
1248 1408 1393 1457 δοκεῖς
1425 1406 1492 1449 ὅτι

514 1478 600 1520 ὑπὸ
632 1484 708 1534 τῆς
742 1479 857 1528 ι’δίας
888 1478 1047 1521 ἕκαστα
1077 1481 1231 1530 κακίας
1263 1480 1460 1534 σήπεται,

515 1548 588 1592 καὶ
619 1555 708 1592 πᾶν
738 1550 787 1592 τὸ
820 1551 1149 1605 λυμαινόμενόν
1181 1549 1300 1592 ἐστιν
1332 1550 1533 1592 ἔνδοθεν.

514 1615 612 1664 οἷον
644 1620 667 1663 ὁ
701 1618 781 1676 μὲν
814 1621 894 1675 ι’ός,
927 1619 983 1663 ἂν
1015 1627 1195 1677 σκοπῇς,
1227 1622 1276 1664 τὸ
1310 1621 1531 1676 σιδήριον,

475 1704 495 1734 5
522 1693 571 1734 τὸ
604 1690 646 1734 δ’
684 1691 858 1747 ἱμάτιον
890 1692 936 1733 οἱ
964 1698 1103 1747 σῆτες,
1137 1692 1160 1735 ὁ
1194 1690 1241 1735 δὲ
1274 1691 1389 1747 θρὶψ
1420 1692 1469 1733 τὸ
1502 1691 1647 1742 ξύλον.

515 1761 563 1806 σε
595 1760 644 1805 δὲ
676 1764 725 1805 τὸ
757 1763 965 1806 κάκιστον
995 1771 1084 1806 τῶν
1115 1771 1263 1807 κακῶν
1294 1764 1487 1817 πάντων,
1520 1765 1694 1818 φθόνος

514 1835 731 1890 φθισικὸν
762 1837 970 1890 πεποίηκε
1002 1835 1074 1878 καὶ
1105 1838 1279 1891 ποιήσει
1310 1834 1383 1878 καὶ
1414 1843 1545 1890 ποιεῖ,

512 1913 655 1962 ψυχῆς
686 1913 884 1962 πονηρᾶς
916 1908 1134 1963 δυσσεβὴς
1165 1908 1448 1965 παράστασις.

419 1993 613 2032 Stobaeus
633 1994 772 2032 Floril.
793 1995 860 2044 38,
883 1996 935 2034 29
970 1994 1216 2046 Μενάνδρου
1236 1994 1283 2033 Α.
1348 1996 1385 2034 3.
1412 1999 1493 2032 πᾶν
1518 1992 1560 2032 τὸ
1579 1991 1870 2044 λυμαινόμενόν

299 2051 402 2092 ἐστιν
441 2051 610 2092 ἔνδοθεν
648 2053 770 2091 Dobr.
805 2053 903 2093 Adv.
937 2054 977 2091 II
1012 2052 1114 2104 282]
1164 2053 1294 2093 πάντα·
1324 2052 1371 2092 τὰ
1402 2049 1656 2104 λυμαινόμεν’
1700 2050 1870 2091 ἔνδοθέν

300 2111 402 2151 ἐστιν
432 2112 604 2152 AVoss.
649 2110 796 2151 ἔνεστιν
827 2110 998 2152 ἔνδοθεν
1030 2113 1139 2153 Grot.
1203 2115 1240 2152 4.
1273 2111 1341 2163 ἂν]
1379 2111 1449 2152 ἐὰν
1480 2113 1594 2152 Voss.
1638 2110 1710 2151 τᾶν
1742 2122 1869 2162 σκοπη

298 2173 335 2211 Α
362 2167 405 2225 (σ
430 2185 627 2222 suprascr.
648 2186 696 2210 m.
720 2166 777 2225 2).
825 2170 866 2211 τὸ
893 2171 1072 2224 σιδήριον
1091 2171 1241 2223 Bentl.]
1274 2171 1315 2211 τὸ
1342 2172 1506 2223 σίδηρον
1525 2173 1573 2210 Α.
1610 2170 1678 2210 τὸν
1704 2171 1868 2223 σίδηρον

300 2232 414 2271 Voss.
447 2232 569 2270 Hens.
600 2230 667 2270 τὸν
700 2231 878 2282 σίδηρον,
909 2229 959 2270 ἂν
992 2237 1141 2286 σκοπῇς
1174 2233 1296 2279 61“οΐ.,
1340 2232 1447 2283 quod
1477 2232 1649 2270 fortasse
1679 2231 1868 2280 rocipien-

299 2291 403 2330 dum.
504 2291 540 2330 5.
580 2288 600 2329 ὃ
640 2287 682 2329 δὲ
719 2286 956 2341 AB²Voss.]
1008 2287 1034 2342 ἡ
1074 2288 1126 2330 δὲ.
1183 2293 1231 2330 ef.
1272 2292 1432 2330 Porson.
1471 2291 1572 2330 Adv.
1612 2291 1708 2329 289.
1775 2288 1868 2342 θρὶξ

298 2346 431 2390 Voss.¹
456 2350 578 2390 Hens.
642 2352 678 2389 6.
711 2347 752 2388 σὲ
778 2348 917 2400 Βο111κ]
950 2347 982 2389 ὃ.
1022 2354 1117 2390 ποεῖ
1134 2354 1244 2390 Voss.
1308 2352 1345 2389 8.
1376 2349 1616 2402 παράστασις
1647 2343 1739 2388 ΑΒ2
1754 2349 1866 2389 Voss.

297 2409 545 2462 παραστάτης
577 2409 715 2448 Arsen.

416 2469 556 2520 Polyb.
578 2471 614 2518 6,
638 2471 692 2508 10
716 2464 866 2521 (Grot.)
898 2469 1079 2521 καθάπερ
1113 2467 1260 2525 σιδήρῳ
1286 2466 1356 2520 μὲν
1389 2467 1461 2519 ι’ός,
1494 2468 1624 2516 ξύλοις
1657 2465 1698 2507 δὲ
1723 2470 1866 2522 θρῖπες

297 2527 362 2567 καὶ
399 2527 603 2579 τερηδόνες
640 2531 836 2579 συμφυεῖς
878 2528 950 2567 εἰσι
991 2531 1110 2580 λῦμαι
1131 2559 1140 2568 .
1160 2559 1169 2568 .
1191 2559 1199 2567 .
1223 2527 1290 2567 τὸν
1328 2527 1449 2567 αὐτὸν
1488 2527 1634 2580 τρόπον
1679 2526 1746 2567 καὶ
1788 2532 1866 2567 τῶν

297 2591 502 2627 πολιτειῶν
522 2586 636 2626 κατὰ
673 2587 796 2638 φύσιν
833 2585 973 2643 ἑκάστη
1011 2586 1225 2639 παρέπεταί
1258 2603 1313 2635 τις
1352 2587 1479 2626 κακία.
1541 2588 1656 2638 Diog.
1690 2587 1734 2626 L.
1767 2589 1805 2638 6,
1838 2589 1863 2626 5

299 2644 586 2700 (Ἀντισθένης)
631 2646 759 2699 ὥσπερ
797 2645 875 2686 ὑπὸ
913 2652 982 2687 τοῦ
1026 2647 1090 2686 ἰοῦ
1132 2646 1200 2686 τὸν
1239 2647 1421 2699 σίδηρον,
1465 2646 1590 2694 οὕτως
1634 2645 1736 2698 ἔλεγε
1773 2645 1866 2693 τοὺς

299 2706 528 2758 φθονεροὺς
546 2705 625 2746 ὑπὸ
645 2712 714 2746 τοῦ
738 2706 842 2746 ἰδίου
862 2704 994 2757 ἤθους
1020 2706 1311 2746 κατεσθίεσθαι.
1368 2707 1547 2746 Gnomol.
1562 2706 1678 2744 Vind.
1698 2706 1865 2745 Bitschl.

298 2765 443 2816 Opusc.
471 2767 490 2804 I
524 2768 627 2816 565,
661 2769 714 2806 69
757 2765 887 2818 ὥσπερ
928 2765 1080 2817 σκώληξ
1120 2764 1319 2805 ἀναλίσκει
1349 2764 1400 2819 [rb
1442 2765 1559 2813 ξύλον
1603 2764 1703 2804 ὅπου
1745 2762 1865 2816 εἰσέρ-

299 2840 421 2876 χεται,
460 2824 584 2872 οὕτως
620 2824 685 2864 καὶ
723 2823 748 2876 ἡ
787 2823 955 2879 ἁμαρτία
992 2823 1166 2877 μένουσα
1202 2824 1245 2864 ἐν
1279 2827 1332 2881 τῷ
1368 2824 1576 2876 ποιήσαντι
1613 2823 1748 2875 αὐτήν.
1824 2826 1863 2862 4.

299 2885 482 2935 coniung.
515 2882 535 2923 ὁ
556 2883 614 2931 ι’ὸς
633 2887 719 2936 λυμ.
752 2883 820 2924 τὸν
839 2885 914 2924 σίδ.
933 2907 981 2912 —-
999 2883 1050 2924 ἂν
1070 2890 1230 2939 σκοπῇς.
1263 2886 1309 2924 cf.
1331 2885 1497 2923 Philem.
1521 2886 1588 2932 31,
1610 2885 1647 2923 5.
1729 2886 1763 2923 7.
1785 2883 1864 2922 tria

300 2947 479 2994 tempora
509 2945 620 2983 verbi
658 2945 955 2996 coniunguntur
991 2946 1038 2983 ut
1070 2945 1236 2984 Philam.
1270 2947 1337 2994 91,
1371 2947 1406 2983 1.
1441 2946 1477 2982 2.
1530 2944 1625 2981 Eur.
1658 2943 1750 2982 Tro.
1777 2944 1861 2981 467
