2014 3334
242 228 328 269 312
599 246 601 250 s
878 225 1181 260 ΗΓΗΣΙΠΠΟΤ

999 335 1058 377 40

529 407 765 438 συνεπαινε
771 400 814 438 ἵν

362 480 449 521 ἀντὶ
468 487 538 522 τοῦ
559 482 927 536 συγκατατίθεσθαι.
982 480 1234 534 Φιλιππίδης,
1267 482 1435 521 Bekker.
1456 481 1605 521 Anecd.
1629 483 1724 533 113,
1746 484 1812 522 33.

365 542 423 583 Cf.
455 545 666 593 praeterea
696 542 865 605 Philem.
899 543 995 581 227.
1046 541 1230 589 Menand.
1265 543 1391 581 1093.

772 767 824 815 Η
839 767 881 814 Γ
896 766 948 815 Η
960 767 1002 815 Σ
1015 765 1040 814 Ι
1052 766 1103 815 Π
1118 767 1171 814 Π
1186 764 1228 814 O
1243 766 1287 813 Σ

833 861 1003 902 Meinek.
1030 861 1050 900 Ι
1077 863 1161 902 475
1178 874 1235 912 sq.

924 952 1143 986 ΑΔΕΛΦΟῙ

1021 1038 1040 1079 l

461 1120 672 1176 βέλτιστε,
703 1123 884 1170 πολλοῖς
913 1121 1055 1162 πολλὰ
1085 1119 1186 1177 περὶ
1217 1125 1471 1177 μαγειρικῆς

462 1188 657 1248 εἰρημέν’
693 1191 823 1234 ἐστίν.
887 1194 1014 1234 ΣΥΡ.
1046 1190 1073 1247 ’ἢ
1106 1191 1249 1248 λέγων
1281 1194 1448 1248 φαίνου
1478 1206 1520 1234 τι
1553 1192 1607 1246 δὴ

463 1265 619 1307 καινὸν
650 1264 768 1320 παρὰ
799 1265 904 1314 τοὺς
936 1265 1192 1320 ἔμπροσθεν
1222 1263 1248 1319 ἢ
1281 1264 1339 1320 μὴ
1372 1266 1502 1306 κόπτε
1535 1279 1597 1318 με.

464 1340 517 1378 Α.
551 1336 633 1378 οὐκ
665 1334 774 1378 ἀλλὰ
806 1336 855 1377 τὸ
886 1334 1022 1390 πέρας
1052 1341 1130 1390 τῆς
1161 1341 1430 1392 μαγειρικῆς,
1461 1335 1598 1390 Σύρε,

422 1419 442 1450 5
464 1406 697 1464 εὑρηκέναι
728 1406 907 1449 πάντων
939 1407 1086 1462 νόμιζε
1118 1409 1260 1463 μόνον
1293 1406 1377 1463 ἐμέ.

466 1479 520 1522 οὐ
551 1479 636 1535 γὰρ
668 1477 897 1535 παρέργως
929 1479 1101 1533 ἔμαθον
1133 1477 1182 1520 ἐν
1213 1479 1356 1521 ε”τεσιν
1388 1476 1520 1520 δυσὶν

466 1553 579 1607 ἔχων
610 1549 837 1607 περίζωμ’,
871 1545 966 1597 ἀλλ’
1002 1550 1175 1592 ἅπαντα
1205 1550 1283 1592 τὸν
1314 1551 1417 1605 βίον

468 1625 607 1678 ζητῶν
637 1622 746 1665 κατὰ
779 1620 888 1678 μέρη
921 1621 1002 1676 τὴν
1034 1620 1192 1678 τέχνην
1224 1621 1422 1677 ἐξήτακα,

465 1695 560 1749 εἴδη
594 1694 798 1750 λαχάνων
830 1691 895 1735 ὄσ’
934 1692 1039 1747 ἐστί,
1071 1693 1336 1750 βεμβράδων
1367 1695 1572 1748 τρόπους,

402 1778 444 1809 10
468 1772 611 1821 φακῆς
642 1765 748 1821 γένη
781 1764 1052 1808 παντοδαπά.
1114 1765 1163 1807 τὸ
1195 1763 1331 1821 πέρας
1362 1775 1434 1807 σοι
1466 1765 1596 1820 λέγω·

466 1838 574 1880 ὅταν
606 1838 653 1881 ἐν
685 1839 952 1896 περιδείπνῳ
983 1837 1186 1893 τυγχάνω
1221 1837 1456 1892 διακονῶν,

466 1909 575 1952 ἐπὰν
607 1907 767 1965 τάχιστ’
804 1910 1000 1952 ἔλθωσιν
1032 1908 1115 1951 ἀπὸ
1147 1914 1223 1964 τῆς
1255 1908 1460 1966 ἐκφορᾶς,

467 1983 520 2024 τὰ
552 1980 678 2037 βάπτ’
716 1982 903 2037 ἔχοντες,
936 1980 1192 2036 τούπίθημα
1223 1986 1300 2035 τῆς
1329 1980 1492 2037 χύτρας

467 2053 644 2109 ἀφελὼν
677 2052 862 2108 ἐποίησα
893 2054 997 2103 τοὺς
1029 2052 1303 2108 δακρύοντας
1334 2055 1479 2107 γελᾶν.

405 2138 445 2168 15
467 2131 666 2176 τοιοῦτος
697 2123 888 2168 ἔνδοθέν
918 2140 984 2175 τις
1019 2123 1068 2167 ἐν
1099 2129 1159 2182 τῷ
1193 2124 1360 2180 σώματι

467 2195 674 2254 διέδραμε
707 2197 1006 2253 γαργαλισμὸς
1037 2190 1095 2246 ὡς
1128 2196 1271 2238 ὄντων
1302 2195 1466 2251 γάμων.

466 2271 589 2311 ΣΤΡ.
621 2273 770 2323 φακῆν
800 2269 1072 2325 παρατιθείς,
1105 2267 1201 2310 εἰπέ
1228 2283 1319 2322 μοι,
1351 2266 1424 2309 καὶ
1454 2268 1723 2324 βεμβράδας;

467 2344 521 2382 A.
552 2340 605 2381 τὰ
636 2339 833 2396 πάρεργά
865 2355 949 2395 μου
980 2337 1101 2381 ταῦτ’
1138 2340 1275 2381 ἔστιν·
1307 2337 1363 2381 ἂν
1394 2336 1442 2381 δὲ
1476 2338 1530 2394 δὴ
1562 2339 1682 2394 λάβω

467 2412 521 2453 τὰ
553 2410 726 2465 δέοντα,
758 2409 831 2453 καὶ
861 2410 1127 2453 τούπτάνιον
1160 2407 1386 2467 ἁρμόσωμ’
1422 2410 1549 2464 ἅπαξ,

403 2494 447 2526 20
468 2483 574 2538 ὅπερ
608 2480 678 2524 ἐπὶ
709 2489 798 2525 τῶν
830 2483 1055 2538 ἔμπροσθε
1086 2483 1333 2538 Σειρήνων,
1365 2482 1502 2538 Σύρε,

468 2553 655 2609 ἐγένετο,
687 2552 761 2596 καὶ
793 2559 878 2596 νῦν
909 2553 1042 2596 ταύτὸ
1074 2550 1192 2595 τοῦτ’
1229 2553 1327 2603 ὄψει
1358 2553 1511 2596 πάλιν·

467 2625 553 2668 ὑπὸ
585 2631 661 2680 τῆς
691 2625 776 2682 γὰρ
809 2625 945 2680 ὀσμῆς
977 2622 1082 2667 οὐδὲ
1116 2615 1446 2679 εἷς’δυνήσεται

469 2697 616 2747 ἁπλῶς
648 2698 845 2740 διελθεῖν
875 2697 954 2739 τὸν
986 2696 1211 2739 στενωπὸν
1241 2698 1435 2739 τουτονί·

394 2780 401 2784 ’
469 2768 492 2811 ὁ
526 2766 574 2811 δὲ
604 2769 778 2825 παριὼν
808 2774 892 2819 πᾶς
923 2766 1091 2818 εὐθέως
1121 2768 1230 2823 πρὸς
1260 2768 1342 2823 τὴν
1372 2768 1524 2824 θύραν

404 2850 448 2882 25
470 2838 657 2895 ἑστήξετ’
693 2839 870 2895 ἀχανής,
902 2838 1436 2896 προσπεπατταλευμένος,

470 2912 663 2967 ἄφωνος,
695 2911 795 2967 ἄχρι
827 2910 882 2953 ἂν
912 2918 1002 2954 τῶν
1032 2913 1179 2967 φίλων
1209 2909 1479 2967 βεβυσμένος
