2014 3334
229 248 317 290 304
540 220 544 224 ¹
594 285 598 289 ,
867 247 1171 281 ΦΙΛΙΠΠΙΔΟΤ

445 356 645 412 ἐργῶδες.
708 358 756 397 Β.
789 355 939 411 ἀμέλει
969 352 1213 410 τοῦτομὲν
1244 353 1317 397 καὶ
1348 361 1434 397 νῦν
1470 355 1550 396 ἔτι·

383 439 425 470 10
447 426 502 469 ἂν
533 428 617 483 γὰρ
651 427 799 483 ἀναθῇ
830 443 910 482 τις,
943 427 1083 477 εὐθὺς
1114 426 1261 482 ἕτερος
1292 427 1500 481 η’ρπασεν.

351 515 583 552 Athenaeus
618 516 655 562 6,
690 516 809 554 2302.
854 514 1093 586 Φιλιππίδης
1125 510 1161 552 δ’
1197 512 1240 552 ἐν
1267 510 1475 566 Ἀργυρίου
1508 511 1721 568 ἀφανισμῷ
1753 509 1806 559 ὡς

231 579 422 625 φορτικοῦ
456 571 647 624 μέμνηται
677 578 747 612 τοῦ
778 573 960 613 τοιούτου
995 569 1297 626 (argenteorum
1321 586 1508 613 vasorum
1540 585 1660 611 usum
1691 553 1806 624 dicit)

229 632 295 672 καὶ
333 633 526 683 σπανίου,
565 631 808 684 ζηλουμένου
849 631 892 672 δὲ
929 632 1006 672 ὑπό
1043 647 1163 672 τινων
1207 632 1457 672 νεοπλούτων
1502 631 1693 683 μετοίκων
1729 633 1807 671 κτλ.

234 698 269 732 1.
301 693 372 743 μοί
399 708 455 739 τις
488 691 530 732 O.
593 695 630 732 3.
663 689 732 731 ἀπ’
774 693 980 732 Herwerd.
1012 693 1129 733 Anal.
1161 693 1248 732 crit.
1280 691 1356 742 44]
1390 688 1449 731 ἐπ’
1456 722 1465 731 .
1546 693 1584 731 5.
1616 691 1727 730 δυεῖν
1758 691 1807 729 A.

230 750 391 805 ὀβολοῖν
416 752 552 791 Dindf.
616 755 653 792 6.
685 751 728 791 ἐν
760 751 918 808 ἀργυρῷ
951 754 993 791 et
1027 755 1064 792 7.
1095 752 1263 808 τρυβλίῳ
1288 752 1455 802 Roeper.
1492 773 1550 783 —-
1577 750 1808 790 νεόπλουτοι
1878 734 1899 744 ⁵

229 813 298 851 isti
335 814 506 851 metoeci
541 812 749 852 vilissimis
789 813 951 864 quidem
987 813 1104 861 cibis,
1144 813 1290 862 quippe
1330 812 1475 862 quibus
1519 811 1809 861 adsuevissenss,

232 873 301 911 secl
332 885 381 910 ex
410 872 518 911 vasis
552 873 753 922 argenteis
791 872 1074 911 ostentationis
1112 884 1234 911 causa
1263 872 1541 911 vescebantur.
1604 871 1641 909 5.
1675 868 1810 908 ἔσθειν

234 932 342 971 solus
362 932 468 970 inter
492 932 662 971 comicos
687 932 728 970 in
760 933 943 971 trimetro
969 945 1041 982 pro
1069 930 1218 970 ἐσθίειν
1243 931 1473 981 usurpavit:
1505 943 1599 970 nam
1617 929 1809 980 Archipp.

233 994 289 1031 2O
320 992 465 1030 dubiae
498 993 559 1030 est
588 991 693 1030 fidei.
757 994 795 1031 8.
827 988 1090 1043 ἀνακειμένην
1122 991 1328 1042 ambigue:
1360 993 1403 1030 in
1433 1003 1568 1030 ‘mensa
1593 991 1696 1029 domi
1713 1001 1808 1038 pro—

225 1054 396 1099 positam
428 1054 468 1090 et
500 1053 726 1090 dedicatam.

353 1110 412 1149 Of.
445 1114 654 1160 praeterea
686 1112 734 1150 fr.
768 1113 822 1150 27
857 1114 897 1150 et
930 1113 998 1150 33.

943 1227 1100 1259 ATAOI

997 1299 1050 1341 10

450 1371 555 1419 τοὺς
587 1367 636 1411 δὲ
667 1369 924 1426 πυριέφθας
953 1368 1027 1412 καὶ
1058 1370 1111 1412 τὰ
1142 1369 1312 1424 λάχανα
1342 1364 1463 1410 ταῦτ’
1499 1369 1612 1423 ἔχων

353 1457 585 1495 Athenaeus
614 1458 680 1503 14,
711 1457 794 1495 658
806 1457 859 1495 de
891 1454 1134 1508 πυριέφθων
1160 1454 1400 1506 μνημονεύει
1426 1450 1548 1507 (οὕτω
1575 1451 1617 1493 δὲ
1641 1455 1812 1493 καλεῖται

234 1514 276 1555 τὸ
307 1521 464 1568 πρῶτον
494 1510 613 1569 γάλα)
656 1516 897 1567 Φιλιππίδης
936 1515 979 1555 ἐν
1010 1514 1160 1562 Αὐλοῖς
1191 1517 1269 1555 κτλ.
1331 1514 1479 1566 λάχανα
1517 1517 1559 1553 et
1596 1512 1732 1560 αὐλοῖς
1763 1514 1810 1551 A.

236 1576 278 1614 in
310 1575 339 1614 O
371 1576 473 1613 nihil
505 1578 635 1614 exstat
666 1576 746 1615 nisi
776 1573 1009 1627 πυριέφθα
1041 1570 1134 1629 (sio)
1176 1572 1218 1613 δὲ
1249 1576 1421 1613 καλεῖται
1458 1572 1566 1624 παρὰ
1597 1572 1811 1627 φιλιππίδῃ

237 1634 278 1674 τὸ
304 1640 461 1687 πρῶτον
492 1634 604 1687 γάλα.
665 1635 810 1674 Pollux
831 1637 868 1685 6,
891 1637 946 1674 54
976 1635 1219 1685 Φιλιππίδης
1244 1632 1286 1673 ἐν
1309 1632 1459 1681 Αὐλοῖς
1484 1631 1549 1672 καὶ
1574 1632 1812 1684 πυρίεφθα

238 1695 405 1747 εἴρηκεν.
460 1695 566 1733 unde
601 1692 1007 1746 Schweighaeuserus
1039 1694 1084 1733 τὰ
1117 1692 1159 1733 δὲ
1190 1694 1398 1744 πυρίεφθα
1422 1696 1500 1732 κτλ.
1551 1693 1615 1731 vel
1646 1691 1738 1738 τοὺς
1770 1689 1813 1730 δὲ

237 1755 447 1806 πυρίεφθα
476 1776 527 1781 —-
556 1752 668 1806 ἔχειν.
712 1755 812 1794 Poll.
835 1759 872 1805 1,
906 1756 990 1794 248
1023 1753 1194 1806 πυριάτη
1225 1751 1267 1792 τὸ
1299 1751 1377 1791 ὑπὸ
1409 1758 1487 1792 τῶν
1518 1754 1674 1791 πολλῶν
1705 1750 1813 1804 λεγό-

237 1829 359 1866 μενον
397 1814 640 1866 πυρίεφθον.
692 1815 879 1854 Eustath.
913 1816 1043 1865 1626,
1075 1816 1113 1853 4.
1164 1813 1315 1853 Cratin.
1349 1814 1445 1852 142.
1495 1812 1641 1851 Eubul.
1675 1813 1742 1862 74,
1775 1812 1813 1850 5.
1863 1824 1865 1827 ’

834 1930 1218 1965 ΒΑΣΑΝΙΖΟΜΕΝΗ

1003 2004 1023 2044 1
1033 2004 1052 2044 1

455 2061 766 2117 ἐπανακάμψαι

360 2135 662 2189 ἐπαναστρέψαι.
707 2136 948 2187 Φιλιππίδης
965 2134 1273 2191 Βασανιζομένη.
1311 2136 1480 2175 Bekker.
1496 2135 1641 2174 Aneed.
1657 2137 1725 2184 92,
1747 2136 1812 2174 22.

883 2250 1168 2297 [ΚοΘοΡΝοΙ]

359 2327 417 2366 of.
449 2327 646 2366 Philonid.
681 2328 727 2377 6,
760 2327 878 2365 huius
911 2327 1005 2365 edit.
1038 2328 1058 2365 1
1092 2329 1188 2366 255.
1237 2327 1357 2365 Mein.
1389 2327 1407 2364 1
1444 2314 1546 2365 103.

910 2442 1144 2475 ΛΑΚΙΑΔΑΙ

361 2518 419 2557 Cf.
448 2519 615 2557 Meinek.
641 2519 661 2557 I
687 2520 786 2559 473.
830 2518 1001 2568 Hesych.
1032 2516 1252 2556 Λακιάδαι·
1286 2517 1411 2569 δῆμος
1436 2521 1504 2568 τῆς
1525 2512 1713 2567 Ἀττικῆς,
1745 2513 1813 2567 ῥα-

244 2579 417 2628 φανῖδας
461 2576 615 2630 φέρων,
659 2575 713 2616 ὃν
757 2576 1047 2630 ἐπιβοῶνται
1089 2592 1203 2616 κατα
1245 2582 1336 2616 τῶν
1380 2581 1570 2649 μοιχῶν.
1632 2574 1814 2626 Append.

242 2651 354 2688 prov.
377 2640 414 2688 5,
448 2640 501 2677 43
537 2639 567 2676 ὠ
599 2637 821 2677 Λακιάδαι·
859 2636 922 2676 ἐπὶ
952 2642 1030 2676 τῶν
1061 2642 1220 2688 μοιχῶν.
1282 2636 1417 2710 δῆμος
1443 2634 1517 2688 γὰρ
1548 2649 1617 2687 της
1643 2631 1815 2685 Ἀττικῆς

242 2713 283 2735 αι
308 2692 385 2751 (οἱ)
418 2697 640 2748 Λακιάδαι,
686 2696 728 2736 ἐν
761 2689 792 2753 ᾧ
836 2696 1054 2749 ραφανῖδες
1095 2696 1256 2746 πολλαί,
1299 2697 1361 2742 αἱς
1399 2694 1564 2747 ε’χρῶντο
1601 2692 1701 2733 κατὰ
1737 2698 1815 2732 τῶν

243 2755 482 2807 ληφθέντων
502 2763 649 2808 μοιχῶν
667 2755 948 2809 ἐνυβρίζοντες.
997 2757 1046 2796 of.
1066 2756 1247 2795 Mantiss.
1265 2769 1376 2807 prov.
1399 2757 1438 2806 3,
1458 2757 1524 2795 50.
1557 2753 1760 2803 Posidipp.
1775 2755 1814 2791 4.

243 2817 427 2854 Bursian
463 2817 606 2867 Geogr.
638 2831 696 2868 gr.
728 2817 749 2855 Ι
781 2818 878 2856 326.
928 2813 1129 2856 solebant
1167 2816 1432 2854 Athenienses
1473 2827 1565 2854 eum
1605 2805 1814 2852 moechum

242 2876 433 2914 videbant
470 2877 692 2915 exclamare
731 2871 761 2915 ὦ
793 2876 1016 2927 Λακιάδαι,
1061 2888 1139 2926 quo
1173 2875 1453 2926 significabant
1484 2886 1584 2924 opus
1615 2884 1700 2912 esse
1731 2874 1814 2919 ταῖς

242 2931 484 2987 ῥαφανῖσιν,
534 2936 671 2975 Heins.
707 2936 757 2975 ad
787 2936 960 2987 Hesych.
