2014 3334
260 221 344 262 182
623 270 626 275 ¹
898 209 1197 255 MENANAPOT

257 347 294 383 p.
319 334 372 372 53
395 332 509 370 Dind.
564 331 636 371 δύο
669 325 744 370 οὗν
775 328 801 382 ἡ
828 329 926 378 λέξις
953 327 1182 384 (τρόφιμος)
1211 330 1405 381 σημαίνει,
1435 328 1501 368 καὶ
1525 329 1593 369 τὸν
1618 328 1828 382 θρέψαντα

255 390 323 431 καὶ
341 390 409 430 τὸν
428 388 635 442 τραφέντα.
685 388 894 443 θρέψαντα
912 389 980 440 τὸν
1001 389 1207 441 δεσπότην,
1233 388 1286 437 ὡς
1309 388 1416 442 παρὰ
1442 389 1682 445 Μενάνδρῳ.
1744 403 1780 429 v.
1801 391 1826 429 3

260 451 388 490 Schol.
421 451 554 500 Apoll.
588 451 712 489 Rhod.
748 452 784 498 3,
819 451 905 490 294
946 447 1050 502 ἄγχι·
1095 448 1182 489 ἀντὶ
1211 454 1283 489 τοῦ
1322 447 1448 502 ἐγγύς.
1509 449 1658 488 τίθεται
1690 445 1732 487 δὲ
1763 446 1830 488 καὶ

259 509 321 549 ε’πὶ
354 509 509 562 χρόνου.
573 508 833 562 Μένανδρος·
865 507 1040 562 ἔγημεν
1066 508 1273 563 ἔναγχος.
1334 507 1420 548 ἀντὶ
1450 514 1520 548 τοῦ
1552 513 1640 547 νῦν.
1689 505 1716 559 ἢ
1741 505 1829 548 ἀντὶ

257 575 327 609 τοῦ
359 567 512 621 ταχέως.
579 571 615 608 1.
647 579 709 608 σοι
734 569 858 609 Walz.
891 570 1052 620 ubique.
1091 566 1274 620 Ὀνήσιμε
1293 567 1438 618 Walz]
1465 564 1675 620 Ὀνήσιμος
1699 568 1830 607 Sohol.

261 629 429 669 Arisbob.
494 631 532 668 2.
556 625 812 682 Ἀβροτόνιον
844 629 884 668 O.
916 628 1037 680 Keil.]
1084 626 1331 681 Ἀβρότονον.

1001 757 1085 799 601

689 875 696 883 .
760 839 1064 896 ἐπιτρίβουσιν
1095 839 1208 895 ἡμᾶς
1240 839 1286 882 οί
1313 837 1415 881 θεοὶ

548 913 736 968 μάλιστα
766 913 872 962 τοὺς
903 913 1146 967 γήμαντας·
1185 910 1252 953 ἀεὶ
1283 911 1368 967 γάρ
1401 925 1500 952 τινα

548 986 672 1038 ἄγειν
705 983 863 1039 ἑορτήν
896 981 981 1026 ἐστ’
1020 983 1201 1038 ἀνάγκη.

385 1073 528 1111 Strabo
571 1073 613 1122 7,
653 1073 735 1109 297
780 1069 851 1122 ὅρα
894 1069 1013 1109 πάλιν
1056 1067 1124 1109 τὸν
1169 1068 1289 1108 αὐτὸν
1333 1066 1503 1119 ποιητὴν
1549 1062 1835 1121 (Μένανδρον)

264 1132 289 1172 ἃ
321 1131 418 1184 λέγει
452 1130 619 1183 εἰσάγων
651 1128 729 1168 τὸν
762 1128 1037 1181 ἀχθόμενον
1067 1132 1152 1176 ταῖς
1170 1127 1257 1181 περὶ
1288 1127 1355 1176 τὰς
1374 1127 1520 1175 θυσίας
1538 1133 1616 1167 τῶν
1635 1133 1837 1180 γυναικῶν

265 1192 462 1238 δαπάναις
505 1189 571 1228 καὶ
613 1187 774 1242 λέγοντα
815 1192 891 1228 κτλ.
953 1203 1034 1228 non
1078 1203 1125 1228 ex
1162 1190 1365 1238 Misoyyne
1408 1189 1596 1238 excerpta
1638 1200 1742 1238 esse,
1786 1188 1837 1226 ad

267 1266 396 1302 quem,
428 1250 617 1290 dubitans
656 1262 766 1300 sane,
804 1249 1028 1288 Meinekius
1059 1249 1276 1298 referebat,
1315 1261 1361 1287 ex
1394 1248 1480 1297 ipso
1513 1247 1708 1286 Strabone
1747 1260 1837 1286 con-

265 1312 415 1350 eludas.
484 1310 615 1348 Plaut.
654 1309 736 1347 Mil.
776 1309 873 1360 glor.
911 1310 955 1358 3,
990 1312 1032 1358 1,
1067 1310 1134 1348 98.
1169 1311 1192 1347 9
1233 1303 1350 1361 (691.
1386 1303 1430 1360 2)
1472 1308 1626 1346 confert
1665 1307 1838 1346 Lobeck.

267 1372 357 1423 Agl.
390 1371 429 1409 11
465 1371 587 1409 1039.
622 1370 689 1408 40.

1012 1459 1098 1501 602

553 1576 993 1587 .......
1056 1542 1204 1591 οὐδείς
1236 1540 1332 1583 ἐστί
1359 1556 1433 1595 μοι

555 1615 798 1670 ἀλλότριος,
832 1613 888 1656 ἂν
922 1608 948 1670 ᾗ
980 1615 1183 1669 χρηστός·
1217 1612 1243 1666 ἡ
1277 1612 1411 1667 φύσις
1441 1613 1519 1666 μία

552 1687 746 1741 πάντων,
778 1688 826 1729 τὸ
861 1682 900 1727 δ’
937 1687 1102 1728 οἰκεῖον
1135 1685 1396 1738 συνίστησιν
1428 1684 1600 1739 τρόπος.

389 1776 584 1814 Stobaeus
622 1774 702 1812 Ecl.
740 1776 783 1823 2,
817 1775 884 1823 33,
920 1775 942 1811 7
982 1771 1182 1811 Wachsm.
1221 1767 1436 1823 (coniuncta.
1476 1783 1567 1808 cum
1600 1764 1718 1823 391).
1801 1772 1841 1809 3.

272 1835 474 1886 συνίστησι
506 1834 591 1885 βίος
618 1834 662 1872 L.
695 1854 751 1860 —
785 1829 1018 1871 ‘amicitiam
1051 1831 1292 1870 contrahun‘o
1323 1825 1481 1869 mores’.
1531 1829 1581 1867 ad
1612 1830 1841 1881 Περικειρο-

271 1893 396 1946 μένην
429 1894 617 1933 dubitans
650 1893 849 1932 referebat
879 1891 1113 1930 Meinekius.

1016 1995 1101 2036 603

557 2080 639 2122 οὐκ
671 2081 762 2122 ἔστι
794 2080 952 2134 μείζων
983 2077 1123 2133 ἡδονὴ
1157 2077 1317 2131 ταύτης
1350 2077 1497 2131 πατρί,

557 2151 583 2206 ἢ
616 2156 941 2207 σωφρονοῦντα
972 2147 1045 2192 καὶ
1077 2145 1319 2204 φρονοῦντ’
1358 2147 1470 2189 ἰδεῖν
1501 2162 1600 2188 τινα

556 2230 645 2265 τῶν
677 2222 719 2273 ἐξ
755 2221 925 2264 ἑαυτοῦ.

393 2311 588 2349 ὃΐ-οῑοειοιιε
620 2309 753 2347 Floril.
790 2309 856 2358 75,
890 2311 913 2347 9
955 2306 1201 2357 Μενάνδρου
1234 2305 1282 2344 Α.
1363 2307 1401 2344 2.
1433 2302 1682 2355 κεύτυχοῦντ’
1724 2307 1841 2345 Mein.

273 2365 532 2424 κεύποροῦντ’
567 2369 769 2408 Herwerd.
804 2367 895 2407 Obs.
929 2367 1016 2406 erit.
1038 2368 1104 2406 95.
1154 2360 1467 2404 κεῦθενοῦντ’
1504 2364 1550 2403 Κ.
1583 2387 1639 2391 -
1673 2366 1720 2404 de
1753 2379 1842 2405 sen-

274 2431 402 2469 tenbia
434 2431 482 2469 cf.
516 2429 635 2479 Soph.
667 2427 761 2466 Ant.
797 2429 876 2465 761
896 2439 950 2477 sq.

1017 2529 1104 2572 604

489 2618 682 2666 πολλοὺς
714 2613 771 2657 δι’
810 2614 1008 2668 ἀνάγκην
1038 2612 1122 2667 γὰρ
1154 2613 1379 2666 πονηροὺς
1411 2606 1497 2653 οἷδ’
1533 2611 1617 2666 ἐγὼ

491 2688 597 2730 ὅταν
628 2687 906 2742 ἄτυχήσωσιν
938 2684 1189 2738 γεγονότας,
1222 2682 1275 2724 οὐ
1307 2682 1440 2737 φύσει

490 2760 619 2809 ὄντας
650 2758 890 2807 τοιούτους.

397 2846 593 2884 &lebaeus
616 2845 749 2884 Floril.
775 2846 870 2893 107,
892 2846 915 2881 8
949 2847 1018 2881 τοῦ
1051 2838 1172 2880 αὐτοῦ
1194 2835 1479 2893 (Μενάνδρου)
1501 2841 1548 2879 A.
1592 2838 1840 2890 Μενάνδρου

279 2906 390 2943 Voss.
423 2905 543 2943 Hens.
610 2907 645 2943 1.
679 2900 714 2942 δ’
751 2901 904 2957 ἀνάγκη
936 2902 981 2939 Β.
1045 2903 1081 2940 2.
1114 2899 1360 2951 ἀτυχηάσωσι
1391 2899 1440 2937 Α.
