2014 3334
510 225 709 260 KATAAO
715 226 878 260 PAAHN
904 227 1396 263 ΜΕΤΕΣΧΗΜΑΤΙΣΜΕΝ
1398 230 1429 263 Α
1671 228 1760 272 649

179 336 345 386 αὐτοῖς
381 368 390 378 .
424 370 431 378 .
465 369 472 377 .
512 337 804 390 οἰκοδόμους
848 334 944 393 (εἰκ.
982 354 1024 379 π.
1056 338 1139 379 αὐτ.
1182 340 1257 380 οἰκ.
1296 335 1424 393 εἶναί)
1467 340 1601 390 τινὰς
1640 343 1647 393 Ι
1682 340 1761 382 καὶ

180 397 496 451 δημαγωγοὺς
526 395 604 438 καὶ
634 398 892 450 πρυτάνεις
917 397 984 438 καὶ
1008 399 1275 451 μουσικοὺς
1303 407 1308 454 Ι
1335 400 1415 441 καὶ
1440 401 1761 452 φιλοσόφους·

178 456 285 509 πλὴν
315 457 370 498 αἴ
391 473 435 512 γε
465 457 627 506 πόλεις
658 457 792 506 αὐτοῖς
823 457 992 512 ἀνδράσι
1022 462 1125 507 ταῖς
1155 465 1448 512 μυρμηκιαῖς
1480 461 1645 513 μάλιστα
1676 460 1760 519 ἐῴ-

180 532 228 559 κε
237 529 336 559 σαν.
383 519 556 559 fortasse
581 516 759 558 ταύταισι
783 522 868 567 ταῖς
892 523 1133 572 μυρμηκιαῖς
1160 522 1165 574 Ι
1193 519 1329 569 αὐτοῖς
1350 521 1526 570 πολίταις
1558 521 1603 561 αἱ
1629 521 1762 571 πόλεις

180 574 364 636 ἐῴκεσαν.

911 661 1027 703 1414

299 746 501 786 Lucianus
539 746 705 786 Icarum.
739 748 796 786 20
827 750 1045 786 ΣΕΛΗΝΗ.
1085 748 1298 802 πρεσβείαν
1335 748 1423 789 τινὰ
1461 748 1516 790 οὐ
1554 748 1762 802 χαλεπὴν

179 804 245 846 καὶ
271 803 435 858 δέησιν
461 801 517 861 (δ.
537 805 587 846 οὐ
606 802 660 860 χ.)
687 804 917 860 ἀπένεγκε
943 803 1021 862 (sic
1035 808 1173 849 Cobet.
1190 822 1263 859 pro
1283 806 1514 863 ἀπένεγκαι)
1538 806 1634 862 παρ’
1663 808 1763 862 ἐμοῦ

179 868 238 922 τῷ
258 866 348 906 Διί.
388 864 583 919 ἀπείρηκα
601 865 676 920 γὰρ
701 864 780 918 ἤδη
799 866 925 907 πολλὰ
943 865 1010 907 καὶ
1030 867 1141 910 δεινὰ
1165 869 1272 919 παρὰ
1291 875 1370 909 τῶν
1389 868 1623 922 φιλοσόφων
1642 868 1762 911 ἀκού-

179 937 295 978 ουσα,
327 921 402 974 οἷς
433 924 577 966 οὐδὲν
609 925 770 980 ἕτερόν
801 925 905 967 ἐστιν
937 926 1077 982 ἔργον
1102 926 1128 980 ἢ
1154 927 1257 980 τάμὰ
1278 925 1760 986 ,πολυπραγμονεῖν,Ι

178 986 235 1035 τίς
254 982 341 1038 (οἵα
358 982 468 1040 ποτ’)
495 984 590 1038 εἰμὶ
621 985 687 1026 καὶ
717 987 864 1040 πηλίκη
895 986 973 1027 καὶ
1005 985 1064 1028 δι’
1099 985 1252 1041 ἥντιν’
1288 989 1446 1029 αἰτίαν
1474 989 1480 1040 Ι
1509 989 1763 1042 διχότομος

180 1042 290 1102 (add.
321 1041 401 1100 ἀεὶ)
433 1043 460 1099 ἢ
485 1041 588 1100 (καὶ)
614 1045 918 1099 ἀμφίκυρτος
948 1048 1154 1101 γίνομαι.
1183 1046 1189 1101 Ι
1217 1049 1293 1102 χοί
1315 1047 1400 1101 μὲν
1424 1050 1766 1091 κατοικεῖσθαί

178 1104 232 1158 μέ
257 1117 425 1159 φασιν,
457 1106 506 1146 οἱ
539 1104 588 1146 δὲ
614 1101 730 1162 (add.
762 1103 848 1161 καὶ)
883 1109 889 1157 Ι
923 1107 1190 1162 κατόπτρου
1224 1109 1364 1161 δίκην
1391 1107 1445 1163 (δ.
1472 1105 1528 1165 κ.)
1554 1108 1763 1163 ἐπικρέμα-

178 1170 277 1207 σθαι
306 1171 352 1222 τῇ
383 1166 571 1223 θαλάττῃ.

714 1282 720 1291 ⁷
751 1236 878 1280 1415.
915 1238 1039 1281 1416.
1075 1238 1188 1280 1417

298 1323 499 1363 Lueianus
532 1323 700 1365 Icarom.
735 1325 788 1364 25
835 1319 884 1376 (ὅ
917 1320 1044 1378 Ζεὺς)
1080 1323 1150 1372 τὰς
1192 1322 1265 1377 μὲν
1309 1325 1464 1374 δικαίας
1507 1331 1586 1366 τῶν
1635 1326 1763 1379 εὐχῶν

178 1383 402 1434 προσίετο
431 1378 436 1436 Ι
463 1380 548 1422 ἄνω
582 1382 661 1423 διὰ
691 1389 774 1424 τοῦ
810 1384 1009 1436 στομίου
1041 1383 1121 1424 καὶ
1158 1383 1234 1425 ἐπὶ
1270 1384 1318 1424 τὰ
1357 1384 1490 1434 δεξιὰ
1521 1387 1763 1427 κατετίθει

179 1439 280 1496 (κατ.
307 1439 374 1482 ’πὶ
405 1438 459 1490 δ.)
491 1441 646 1495 φέρων,
679 1445 686 1491 Ι
718 1442 788 1492 τὰς
825 1441 860 1484 δ’
896 1442 1085 1492 ἀνοσίους
1118 1443 1124 1494 Ι
1158 1443 1433 1497 ἀπράκτους
1471 1440 1619 1495 αὐθις
1649 1445 1763 1486 ἀπέ-

178 1517 362 1554 πεμπεν
407 1498 630 1558 (ἀπέπεμπ’
674 1502 766 1554 ἀπρ.
812 1498 934 1558 αὖθ’.)
979 1503 1246 1555 ἀποφυσῶν
1288 1505 1434 1556 κάτω,
1475 1506 1481 1550 Ι
1522 1505 1600 1545 ἴνα
1644 1505 1762 1558 μηδὲ

178 1563 383 1615 πλησίον
414 1561 633 1616 γένοιντο
664 1563 919 1616 τούρανοῦ.
976 1578 1000 1604 a
1023 1567 1146 1616 poeta
1174 1566 1273 1605 haec
1303 1568 1537 1606 mutuatum
1569 1580 1656 1607 esse
1682 1567 1763 1607 Lu-

178 1623 338 1662 cianum
355 1626 506 1663 xcenset
537 1624 783 1664 Fritzsohius
816 1625 918 1664 conl.
950 1626 1091 1664 Horat.
1126 1625 1251 1665 Serm.
1287 1630 1325 1674 1,
1359 1629 1395 1674 1,
1429 1629 1497 1666 20.

296 1681 361 1723 27⁴
390 1680 535 1735 ἄρτον
571 1681 597 1735 ἡ
631 1683 823 1736 Δημήτηρ
861 1688 1040 1737 παρεῖχε,
1079 1683 1146 1724 καὶ
1176 1683 1197 1725 ὅ
1230 1685 1474 1734 Διόνυσος
1506 1682 1665 1738 οἶνον,
1696 1685 1762 1726 καὶ

179 1740 201 1783 ὁ
225 1739 455 1795 Ἡρακλῆς
491 1741 604 1798 κρέα
638 1741 643 1797 Ι
677 1742 756 1784 καὶ
793 1743 943 1796 μύρτα
981 1741 1290 1798 ἡἈφροδίτη
1331 1744 1411 1785 καὶ
1449 1743 1470 1786 ὃ
1507 1747 1763 1786 Ποσειδῶν

179 1803 418 1855 μαινίδας.
660 1833 662 1835 -

301 1865 356 1903 ‘28
388 1861 738 1916 ἀνελογιζόμην
771 1894 780 1903 .
809 1890 816 1898 -
844 1894 853 1903 .
888 1861 893 1917 Ι
921 1870 1018 1913 πῶς
1048 1865 1233 1918 γίνεται
1264 1864 1349 1914 νὺξ
1381 1865 1425 1906 ἐν
1457 1865 1648 1923 οὐρανῷ
1680 1872 1762 1907 τοῦ

181 1919 291 1978 (add.
322 1917 382 1978 γ’)
414 1920 554 1975 ἡλίου
589 1926 594 1972 Ι
628 1923 866 1982 παρόντος
897 1923 971 1965 ἀεὶ
1000 1923 1080 1965 καὶ
1111 1924 1558 1978 συνευωχουμένου.

918 2042 1032 2086 1418

299 2128 501 2168 Lucianus
533 2128 796 2180 Necyomant.
832 2132 886 2168 14
927 2130 1170 2183 μαστίγων
1201 2144 1245 2169 τε
1277 2128 1351 2183 γὰρ
1384 2127 1503 2181 ὁμοῦ
1536 2125 1617 2184 (ὀμ.
1638 2145 1676 2170 τε
1703 2125 1761 2185 μ.)

178 2187 343 2239 ψόφος
376 2192 382 2237 Ι
416 2186 613 2240 ἠκούετο
646 2187 713 2228 καὶ
738 2187 919 2242 οἰμωγὴ
947 2185 1045 2241 (οἶμ.
1071 2185 1128 2244 τε)
1155 2195 1244 2229 τῶν
1271 2188 1334 2229 ἐπὶ
1359 2195 1430 2230 τοῦ
1455 2189 1582 2240 πυρὸς
1614 2188 1763 2230 ὀπτω-

179 2245 354 2299 μένων,
387 2243 394 2302 Ι
427 2246 492 2288 καὶ
525 2246 745 2301 στρέβλαι
784 2245 882 2303 (στρ.
913 2244 972 2304 τε)
1010 2248 1088 2289 καὶ
1126 2249 1347 2300 κύφωνες
1385 2245 1495 2303 (add.
1529 2244 1652 2304 ἦσαν)
1685 2249 1765 2290 καὶ

178 2307 342 2360 τροχοί
365 2303 372 2361 Ι
399 2337 409 2347 .
430 2337 470 2347 ..
501 2311 600 2356 τοῖς
624 2306 756 2360 μέντοι
799 2307 1004 2361 πένησιν
1046 2307 1291 2362 ἡμιτέλεια
1333 2316 1424 2350 τῶν
1470 2306 1763 2361 κακῶνΙέδί-

184 2368 314 2419 δοτο,
332 2366 411 2408 καὶ
429 2363 553 2422 (κάεὶ)
575 2369 994 2422 διαναπαυόμενοι
1010 2365 1118 2424 (add.
1133 2366 1472 2426 χρόνον)Ιπάλιν
1492 2367 1763 2419 ἐκολάζοντ’.

916 2487 1029 2530 1419

298 2572 464 2612 Lucian.
494 2573 651 2624 Nigrin.
688 2576 707 2612 1
750 2571 866 2613 ὁδοῦ
903 2573 1146 2627 πάρεργον
1185 2574 1269 2626 ἥκω
1302 2585 1366 2614 σοι
1397 2572 1599 2626 εὐδαίμων
1629 2589 1668 2614 τε
1699 2574 1765 2615 καὶ

185 2633 419 2687 μακάριος
449 2630 768 2686 γεγενημένος
790 2628 794 2687 Ι
817 2632 895 2673 καὶ
920 2639 1034 2674 τοῦτο
1061 2633 1110 2686 δὴ
1136 2633 1254 2674 τάπὸ
1286 2639 1367 2686 τῆς
1399 2640 1579 2686 σκηνῆς
1610 2632 1764 2686 ὄνομα

184 2693 474 2746 τρισόλβιος,
512 2691 519 2742 Ι
557 2691 664 2732 ἀντὶ
694 2691 778 2745 μὲν
810 2692 987 2733 δούλου
1019 2709 1072 2745 με
1103 2693 1367 2745 ἐλεύθερον
1393 2690 1517 2746 (-ος),
1545 2691 1550 2747 Ι
1579 2693 1685 2734 ἀντὶ
1716 2692 1764 2734 δὲ

185 2753 388 2805 πένητος
419 2750 479 2800 ὥς
509 2751 702 2804 ἀληθῶς
732 2753 968 2793 πλούσιον
999 2750 1089 2807 (-ος
1118 2754 1163 2805 ,Ι
1191 2753 1297 2794 ἀντὶ
1324 2750 1360 2793 δ’
1391 2752 1602 2805 ἀνοήτου
1634 2770 1673 2794 τε
1699 2754 1765 2794 καὶ

184 2810 463 2866 τετυφωμένου
501 2810 689 2865 γενέσθαι
723 2813 1039 2866 μετριώτερον
1097 2808 1207 2867 -ος),
1240 2811 1246 2866 Ι
1281 2816 1307 2852 4
1347 2813 1475 2865 ὥσπερ
1514 2813 1556 2853 ἐκ
1594 2815 1765 2866 ζοφεροῦ

184 2889 291 2921 τινος
317 2870 431 2923 ἀέρος
455 2877 525 2912 τοῦ
551 2872 642 2924 βίου
667 2878 737 2912 τοῦ
763 2873 942 2925 πρόσθεν
970 2871 975 2925 Ι
1004 2873 1071 2921 εἰς
1103 2873 1303 2925 αἰθρίαν
1334 2888 1380 2914 τε
1409 2872 1488 2913 καὶ
1518 2871 1635 2927 μέγα
1666 2880 1765 2925 φῶς

186 2930 493 2987 ἀναβλέπων,
532 2927 538 2987 Ι
576 2934 600 2972 5
634 2931 866 2987 μετέωρός
897 2931 994 2985 εἰμι
1026 2932 1092 2974 καὶ
1123 2932 1222 2982 ὅλως
1253 2932 1423 2987 μικρὸν
1461 2931 1588 2973 οὐκέτι
1621 2932 1765 2974 οὐδὲν
