2014 3334
821 250 920 287 ΤΗΣ
945 250 1156 287 ΑΡΧΑΙΑΣ
1689 249 1775 293 401

317 366 558 408 Eustathius
580 368 678 418 971,
699 367 752 406 39
786 364 1064 418 τηθαλλαδοῢς
1094 362 1162 405 καὶ
1192 370 1358 417 σκῶμμα
1383 361 1573 416 εὐηθείας
1604 361 1693 417 ἔχει,
1725 362 1778 412 ὧς

193 433 274 469 τῶν
304 426 384 468 ὑπὸ
421 426 622 474 τοιαύταις
653 421 834 479 (τήθαις)
872 423 1158 479 τεθραμμένων
1195 424 1251 473 εἰς
1287 423 1481 476 εὐήθειαν
1519 422 1778 465 ἐπιδιδόντων

196 486 263 528 διὰ
294 486 337 528 τὸ
369 485 570 539 ἀνημένον
601 490 671 538 τῆς
700 491 862 538 τροφῆς.
915 484 977 526 διὸ
1009 484 1076 526 καὶ
1101 483 1122 526 ὅ
1149 483 1272 525 εἰπὼν
1304 483 1601 537 ἐρωτηματικῶς
1631 484 1674 525 τό
1700 487 1776 524 κτλ.

195 545 399 596 ὀνειδίζων
429 544 610 599 κέχρηται
645 551 692 601 τῇ
730 544 825 594 λέξει
858 546 1010 594 παίζων
1048 545 1104 593 εἰς
1146 543 1442 599 ἀνδραποδώδη
1474 542 1562 584 τινὰ
1593 543 1659 584 καὶ
1690 540 1778 585 οἷον

194 612 432 661 γραοτρεφῆ.
470 603 690 658 ἀνημένον]
712 603 922 657 ἀνειμένον
940 606 990 645 Η.
1012 605 1204 656 Slzephan.
1242 603 1444 657 ἀμενηνὸν
1462 605 1618 645 Nauck.
1632 605 1779 645 Philol.

194 667 216 707 I
249 669 346 708 360.
396 667 566 706 Photius
597 666 894 718 τηθαλλαδοῦς·
925 665 1260 719 γυναικότροφος·
1291 663 1370 704 ὑπὸ
1401 663 1509 720 τήθῃ
1541 662 1618 717 (sic
1641 664 1780 705 Cobet.

195 727 340 767 Mnem.
361 727 442 766 VII
474 727 560 766 480
592 739 664 776 pro
695 721 829 782 τίτθη)
862 723 1146 778 τεθραμμένος.
1195 725 1301 764 idem
1335 724 1630 777 τηθαλλαδοῦς·
1662 722 1710 764 ὃν
1742 724 1784 765 οἱ

197 785 336 827 πολλοὶ
366 785 677 839 μαμμόθρεπτον
708 783 902 839 λέγουσιν.
936 786 1104 826 Bekker.
1127 786 1276 825 Anecd.
1298 786 1366 834 65,
1394 787 1450 825 30
1481 785 1778 836 τηθαλλαδοῦς·

194 843 217 887 ὅ
247 844 328 887 ὑπὸ
359 845 466 903 τήθῃ
497 844 562 886 καὶ
587 843 758 899 γυναιξὶ·
775 843 1058 898 τεθραμμένος.
1114 846 1162 885 cf.
1183 846 1319 897 Etym.
1344 859 1395 885 m.
1419 847 1516 896 756,
1539 846 1607 885 31.
1651 845 1780 896 Phry-

195 907 299 947 nich.
319 907 429 958 Epit.
451 908 534 946 299
569 904 881 958 μαμμόθρεπτον
901 904 954 958 μὴ
975 903 1074 959 λέγε,
1099 905 1381 956 τηθαλλαδοῢν
1408 902 1461 944 δέ.
1497 906 1545 944 cf.
1566 918 1668 956 quae
1690 906 1780 944 adn.

195 967 370 1006 Lobeck.
401 966 552 1006 ibidem
583 968 625 1005 et
643 966 707 1005 Ai.
741 967 838 1007 391.
871 966 1029 1006 Pathol.
1060 966 1162 1018 prol.
1196 967 1293 1005 350.
1338 965 1494 1005 Nauck.
1526 964 1651 1004 Arisf.
1683 965 1780 1016 Byz.

107 1072 115 1077 ,
199 1027 296 1078 143,
329 1028 398 1067 37.
433 1027 529 1067 138.
550 1028 588 1066 9.
632 1027 696 1066 est
726 1026 855 1079 igitur
886 1026 1127 1078 antiquioris
1159 1025 1316 1065 aefiatis.

963 1155 1016 1197 18

481 1238 605 1282 κύων
635 1237 878 1289 τιςῑέδόκει
909 1244 1146 1293 συμποιεῖν
1177 1239 1470 1288 Μολοττικός.

318 1325 521 1376 Diogenes
541 1325 586 1365 L.
606 1327 646 1375 4,
668 1327 723 1365 20
755 1340 807 1377 ην
840 1322 882 1364 δὲ
907 1320 1141 1378 (Πολέμων)
1169 1339 1236 1364 και
1267 1327 1579 1377 φιλοσοφοκλῆς,
1609 1323 1676 1365 καὶ
1706 1325 1781 1378 μά-

197 1387 309 1425 λιστα
340 1383 384 1424 ἐν
415 1383 591 1434 ἐκείνοις,
624 1383 726 1425 ὅπου
758 1383 856 1424 κατὰ
880 1382 950 1424 τὸν
979 1383 1156 1437 κωμικὸν
1186 1382 1234 1423 τὰ
1263 1383 1464 1436 ποιήματα
1490 1383 1597 1442 αὐτῷ
1624 1381 1782 1440 (Σοφο-

196 1441 299 1498 κλεῖ)
329 1447 408 1484 κτλ.
469 1445 520 1485 ad
551 1445 865 1496 Aristophanem
895 1445 1100 1487 referebat}
1130 1445 1278 1496 Bergk.
1309 1445 1355 1484 R.
1388 1457 1420 1484 c.
1451 1444 1541 1485 Act.
1573 1447 1672 1486 377.
1732 1447 1780 1486 cf.

197 1505 356 1546 Nauck.
384 1505 529 1546 Philol.
560 1505 618 1544 VI
651 1506 751 1545 425.

964 1597 1016 1639 19

484 1679 799 1736 ἀπηλλάγημεν
829 1679 1081 1736 πολυχέσου
1111 1681 1374 1737 νοσήματος.

318 1766 463 1807 Suidas
506 1764 807 1819 ἀπηλλάγησαν·
858 1764 1130 1819 ἐτελεύτησαν,
1173 1764 1200 1818 ἢ
1231 1781 1338 1815 τινος
1375 1765 1658 1820 ἐστερήθησαν.
1702 1771 1780 1807 κτλ.

115 1818 119 1822 “
197 1824 418 1879 πολυχέσου
455 1826 589 1866 ΑΒΕ.
664 1824 906 1877 νοσήματος]
951 1825 1115 1875 πάθους
1153 1826 1232 1866 VO.
1293 1826 1533 1879 παθήματος
1582 1828 1782 1867 Schaefer.

199 1887 364 1938 Dionys.
397 1888 494 1927 203.
545 1881 611 1925 ‘at
651 1885 814 1934 πάθους
855 1886 956 1925 nihil
1000 1889 1063 1927 est
1102 1887 1183 1927 nisi
1219 1887 1422 1939 glossema
1456 1888 1631 1928 nominis
1662 1887 1782 1939 νοσή-

200 1942 350 1998 ματος’.
398 1946 518 1986 Mein.

963 2039 1022 2081 20

484 2122 583 2176 ἤτοι
613 2119 833 2177 τέθνηκεν
863 2120 890 2177 ἢ
925 2122 1126 2165 διδάσκει
1156 2122 1402 2178 γράμματα.

320 2208 518 2248 Zenobius
550 2210 590 2259 4,
624 2211 677 2249 17
710 2205 799 2260 ’ἤτοι
830 2230 887 2235 -
918 2208 1144 2262 γράμματα·
1180 2214 1260 2249 τῶν
1298 2208 1392 2261 μετὰ
1422 2210 1571 2251 Νικίου
1604 2222 1782 2263 στρατευ-

201 2266 383 2319 σαμένων
413 2267 469 2315 εἰς
487 2268 676 2308 Σικελίαν
707 2267 750 2308 οἱ
776 2266 848 2321 μὲν
879 2267 1100 2320 ἀπώλοντο,
1132 2268 1174 2309 οἰ
1202 2266 1245 2309 δὲ
1277 2267 1515 2322 ἐλήφθησαν
1547 2270 1784 2323 αἰχμάλωτοι

200 2326 268 2367 καὶ
296 2326 390 2376 τους
425 2333 504 2368 τῶν
534 2330 783 2368 Σικελιωτῶν
819 2329 967 2376 παῖδας
998 2327 1210 2368 ἐδίδασκον
1246 2329 1466 2383 γράμματα.
1517 2330 1560 2371 οἰ
1587 2325 1663 2371 οὖν
1696 2332 1783 2371 δια·

201 2386 416 2440 φεύγοντες
453 2386 508 2435 εἰς
535 2384 712 2440 Ἀθήνας
743 2386 810 2428 καὶ
847 2386 1092 2441 ἐρωτώμενοι
1120 2387 1211 2442 περὶ
1247 2395 1326 2429 τῶν
1364 2388 1407 2429 ἐν
1438 2390 1600 2430 Σικελία
1631 2390 1783 2444 ε’λεγον“

201 2443 228 2498 ἢ
259 2444 366 2486 τέθν.
397 2449 476 2487 κτλ.
538 2448 723 2488 similiter
754 2448 992 2500 Diogenian.
1026 2450 1064 2500 5,
1098 2451 1135 2489 9.
1186 2449 1368 2500 Apostol.
1402 2451 1440 2499 8,
1475 2452 1542 2490 73.
1593 2451 1781 2491 cf.P1ut.

202 2506 288 2547 Nic.
322 2508 389 2546 29.
452 2506 616 2548 Diodor.
648 2507 724 2547 Sic.
759 2510 835 2559 13,
874 2510 929 2549 33
970 2503 1207 2562 (Leutsch.)
1272 2505 1371 2549 ‘veri
1410 2481 1540 2553 simile
1581 2513 1644 2550 est
1684 2512 1782 2551 haec

203 2578 251 2605 ex
282 2566 488 2606 comoedia
522 2567 651 2618 petita
682 2580 768 2607 esse
805 2570 898 2618 post
924 2568 1170 2608 Siciliensem
1202 2569 1356 2608 cladem
1386 2569 1428 2608 in
1461 2582 1646 2609 scaenam
1676 2584 1780 2611 com-

202 2621 354 2666 missa'.
414 2626 533 2666 Mein.

962 2721 1017 2764 21

489 2801 771 2858 Κορυδέως.
803 2802 1175 2861 ,εἰδεχθέστερος

325 2888 524 2928 Zenobius
543 2889 581 2938 4,
603 2889 657 2928 59
692 2882 807 2936 οὗτος
838 2887 859 2929 ὁ
878 2889 1086 2943 Κορυδεὺς
1112 2888 1175 2930 ἐπὶ
1201 2890 1430 2947 δυσμορφίᾳ
1462 2889 1780 2948 ἐκωμῳδεῖτο,

205 2945 271 2986 καὶ
302 2946 345 2987 οἱ
370 2947 510 2995 παῖδες
541 2945 685 2996 αὐτοῦ,
717 2941 774 2987 ὧν
805 2946 876 2988 ἕνα
906 2948 974 2990 τὸν
996 2946 1329 3003 Ἀρχέστρατόν
1360 2961 1496 3001 φασιν.
1547 2951 1779 3004 Diogenian.

278 3020 858 3054 emigrwwga'rhwsskm.
1448 3021 1493 3054 26
