2014 3334
249 211 332 254 106
618 202 621 205 ’
792 234 796 236 .
886 209 1183 243 MENANAPOT

364 323 599 361 Athenaeus
617 324 654 370 4,
692 314 812 360 166a
843 318 1086 372 Μένανδρος
1111 318 1154 358 ἐν
1174 315 1289 374 Ὀργῇ
1321 317 1410 372 περὶ
1441 318 1564 358 αὐτοῦ
1589 313 1817 372 (Κτησίπ-

244 397 335 422 που
369 387 448 421 τοῦ
483 375 722 434 Χαβρίου)
762 379 853 419 τάδε
885 378 985 432 λέγει
1016 382 1092 418 κτλ.
1157 381 1193 418 7.
1231 377 1368 426 καθὼς
1399 378 1446 418 A.
1483 401 1533 406 —
1569 378 1616 417 cf.
1650 378 1815 418 Timocl.

246 444 284 481 5.
322 441 471 491 Diphil.
507 443 573 480 38.
643 442 681 479 5.
713 440 890 478 African.
922 439 1023 478 Gell.
1058 435 1169 491 6(7)‚
1206 440 1277 487 12,
1312 441 1335 478 5
1380 440 1446 487 qui
1483 439 1617 477 cotidie
1646 449 1816 487 unquen-

211 505 348 554 ‘talus
391 502 597 540 adveosum
640 501 837 548 speculum
873 502 1047 543 ornetur,
1092 500 1202 537 cuius
1245 499 1454 547 supercilia
1496 499 1707 542 radaulwr,
1751 499 1818 561 qui

246 562 367 600 barba
403 561 516 599 vulsa
552 560 832 608 feminibusque
867 559 1060 598 subvulsis
1097 558 1264 597 ambulet
1306 589 1314 597 .
1347 589 1355 597 .
1389 588 1398 596 .
1443 569 1576 596 eumue
1613 557 1817 606 quisquam

245 621 386 660 dubitet
416 621 510 669 quin
540 620 641 659 idem
671 619 803 667 fecerit
833 619 933 666 quod
965 618 1115 657 cinaedi
1144 619 1274 666 facere
1305 618 1454 657 solent?

989 745 1076 787 364

745 826 948 884 διαφέρει
981 830 1295 883 Χαιρεφῶντος
1327 825 1433 870 οὐδὲ
1463 833 1550 884 γρῦ

460 902 699 957 ἅνθρωπος
731 900 851 950 ὅστις
882 899 1017 953 ἐστίν,
1050 898 1097 949 ὃς
1128 900 1310 954 κληθείς
1341 913 1445 942 ποτε

460 974 522 1022 εἰς
555 970 750 1014 ἑστίασιν
783 970 1109 1025 δωδεκάποδος,
1143 971 1329 1027 ὄρθριος

458 1044 567 1099 πρὸς
597 1043 678 1098 τὴν
711 1044 901 1097 σελήνην
934 1043 1079 1099 ἔτρεχε
1110 1042 1192 1097 τὴν
1225 1042 1354 1085 σκιὰν
1386 1042 1496 1084 ἰδὼν

418 1126 438 1157 5
459 1115 518 1165 ὡς
548 1113 801 1171 ὑστερίζων,
833 1112 907 1156 καὶ
938 1119 1097 1170 παρῆν
1116 1111 1188 1169 ἅμ’
1225 1113 1377 1170 ἡμέρᾳ.

364 1202 595 1241 Athenaeus
630 1202 674 1251 6,
708 1202 832 1240 2433.
867 1198 944 1239 κάν
980 1206 1025 1255 τῇ
1060 1197 1175 1255 Ὀργῇ
1208 1198 1251 1239 δέ
1289 1211 1389 1251 φησι
1427 1195 1708 1254 (Μένανδρος)
1740 1202 1817 1239 κτλ.

249 1277 283 1301 v.
319 1265 342 1300 2
377 1262 519 1301 Pollux
553 1263 597 1310 6,
631 1262 655 1299 8
695 1263 897 1311 κληθῆναι
935 1258 998 1299 ἐπὶ
1037 1259 1199 1299 δεῖπνον
1230 1259 1257 1311 ἥ
1293 1274 1332 1299 τε
1375 1259 1566 1312 παροιμία
1610 1257 1710 1313 λέγει
1752 1257 1819 1298 καὶ

246 1319 499 1373 Μένανδρος.
596 1335 632 1359 v.
668 1322 690 1359 3
734 1320 960 1371 Hesychius
1004 1319 1299 1367 δωδεκάποδος·
1355 1318 1481 1366 οὕτως
1524 1317 1658 1372 ἔλεγον
1701 1317 1816 1359 ἐλλει-

247 1386 390 1428 πτικῶς
423 1380 612 1432 στοιχείου
644 1377 670 1431 ἢ
697 1385 819 1427 σκιᾶς.
882 1378 985 1419 οὕτω
1017 1378 1091 1432 γὰρ
1124 1379 1374 1419 συνετίθεντο
1407 1377 1469 1418 ἐπὶ
1502 1379 1666 1419 δεῖπνον
1695 1377 1819 1430 ἥξειν,

246 1446 315 1480 τοῦ
342 1440 530 1492 στοιχείου
557 1437 669 1487 ὄντος
690 1438 979 1486 δωδεκάποδος.
1047 1443 1080 1478 1.
1114 1436 1233 1478 οὐδὲν
1266 1440 1426 1489 supplet
1458 1439 1576 1478 Mein.
1635 1441 1672 1478 2.
1699 1435 1818 1490 ἅνθρ.

247 1502 293 1539 A.
326 1522 383 1527 ——·
421 1501 468 1539 cf.
500 1500 645 1538 Eubul.
682 1501 783 1549 119,
823 1501 860 1538 6.
893 1500 1027 1549 adesp.
1063 1500 1159 1538 155.
1211 1499 1316 1538 Plut.
1347 1499 1446 1537 Mor.
1479 1499 1570 1537 50e
1608 1495 1648 1551 (ὁ
1680 1494 1816 1551 κόλαξ)

247 1558 440 1599 ἁλίσκεται
471 1557 586 1598 σκιὰν
617 1563 866 1611 καταμετρῶν
896 1556 969 1609 τὴν
1002 1556 1064 1597 ἐπὶ
1095 1556 1137 1597 τὸ
1170 1558 1345 1598 δεῖπνον.
1408 1560 1446 1596 4.
1479 1562 1559 1609 τῆς
1592 1557 1819 1609 σελήνηςῖ)

990 1697 1078 1741 365

461 1782 484 1826 ὁ
516 1783 642 1838 λιμὸς
672 1781 799 1837 ὑμῶν
829 1782 909 1825 τὸν
939 1782 1077 1824 καλὸν
1107 1786 1268 1824 τοῦτον
1301 1782 1450 1824 δακὼν

464 1855 736 1896 Φιλιππίδου
767 1855 1029 1911 λεπτότερον
1062 1852 1282 1904 ἀποδείξει
1316 1855 1526 1910 [νεκρόν]

365 1941 599 1980 Athenaeus
636 1942 707 1991 12,
741 1941 861 1980 5526
906 1938 1147 1992 Μένανδρος
1179 1936 1294 1995 Ὀργῇ
1327 1942 1404 1979 κτλ.
1483 1943 1517 1979 1.
1555 1938 1650 1991 ὑμῖν
1687 1940 1818 1978 Bentl.

249 2003 286 2040 2.
318 2000 459 2052 νεκρόν
500 1997 561 2040 ‘ex
592 2001 929 2051 praecedentibus
966 2001 1138 2039 inlatum
1175 1996 1364 2040 videtur'.
1425 2000 1543 2039 Mein.
1575 2000 1693 2039 Anal.
1724 1999 1818 2038 Ath.

249 2063 346 2100 254.
379 2082 433 2088 -·
467 2061 516 2099 ef.
547 2060 826 2110 Aristophont.
860 2062 898 2099 8.
934 2061 999 2099 10.

993 2188 1078 2231 366

533 2270 614 2313 οὐκ
645 2272 736 2313 ἔστι
769 2276 927 2327 μοιχοῦ
958 2277 1136 2328 πρᾶγμα
1167 2272 1449 2329 τιμιώτερον·

531 2342 734 2384 θανάτου
765 2342 850 2399 γάρ
883 2342 1003 2386 ἐστιν
1035 2343 1183 2386 ὤνιον.

367 2429 564 2468 stobaeus
607 2429 713 2468 Flor.
760 2431 802 2477 6,
843 2431 897 2469 25
943 2429 1191 2482 Μενάνδρου
1231 2427 1346 2484 Ὀργῇ
1386 2431 1433 2469 A.
1519 2433 1555 2469 1.
1592 2427 1819 2481 τιμιώτερον

249 2487 443 2540 Scaliger]
485 2486 720 2539 ἀτιμότερον.
772 2484 888 2527 ‘nihil
919 2491 1054 2539 potest
1085 2492 1218 2530 carius
1243 2503 1363 2541 quam
1394 2490 1450 2530 sie
1482 2492 1555 2529 eml
1585 2492 1632 2528 uh
1664 2489 1748 2529 vita
1778 2490 1819 2527 et

250 2549 379 2599 eapite
412 2543 594 2587 constet'.
647 2547 783 2587 Cobet.
814 2549 959 2588 Mnem.
992 2549 1111 2588 VIIII
1145 2552 1213 2590 92.
1236 2571 1286 2577 -
1311 2551 1373 2590 est
1391 2550 1570 2601 ,parodia
1601 2549 1738 2599 Eurip.
1770 2548 1819 2586 fr.

253 2610 363 2648 1016
396 2608 445 2648 N.
478 2605 552 2646 οὐκ
584 2606 686 2647 ἔστιν
718 2605 856 2659 ἀρετῆς
887 2613 1015 2659 κτῆμα
1045 2608 1284 2661 τιμιώτερον.

341 2816 469 2860 τοῦθ’
507 2816 677 2876 ἑταῖρός
709 2818 829 2861 ἐστιν
861 2820 1009 2870 ὄντως.
1072 2818 1153 2861 οὐκ
1185 2818 1339 2876 ἐρωτᾷ,
1371 2820 1534 2874 πηνίκα

342 2890 525 2933 δεῖπνόν
556 2889 696 2945 ἐστιν,
729 2891 875 2948 ὥσπερ
907 2890 1063 2948 ἕτεροι,
1094 2889 1166 2934 καὶ
1198 2891 1245 2934 τί
1272 2891 1469 2934 δειπνεῖν
1499 2889 1659 2933 κωλύει
