2014 3334
271 244 356 287 306
554 295 558 299 ,
620 245 623 250 ’
907 244 1212 280 ΦΙΑΙΠΠΙΔΟΤ

270 360 430 407 piaeter
461 358 674 396 founulam
705 353 800 396 καθ’
844 356 940 397 ὅσον
972 355 1022 397 ἂν
1061 356 1192 397 σθένω
1225 353 1370 412 (Arist.
1404 359 1509 397 Plut.
1545 354 1648 412 912)
1682 358 1842 398 comicis

270 431 348 456 non
379 418 540 456 videssui
570 417 612 455 in
643 430 719 456 usu
751 417 885 456 fuisse.
948 414 1020 456 τιν’
1057 411 1101 457 ευ
1132 417 1351 470 πράττοντα
1370 417 1506 458 Cobet.
1527 419 1671 457 Mnem.
1690 431 1781 458 nov.
1799 418 1842 457 II

270 479 368 515 450.
419 477 578 515 facilius
607 479 668 515 es'fi
699 475 778 515 τὸν
810 471 860 515 εὖ
892 475 1070 528 ἔχοντα.
1135 480 1172 518 4.
1205 477 1400 529 μάχεσθαι
1427 474 1463 516 δ’
1493 477 1843 518 P01son.Advors.

271 535 374 585 297]
398 533 439 574 δὲ
460 535 666 588 μάχεσθαι.
700 532 826 575 οὐκέτ’
850 535 1008 586 Arsen]
1032 536 1116 576 οὐκ.
1180 540 1217 577 5.
1237 536 1277 576 τὸ
1291 559 1337 565 --
1351 542 1420 576 τοῦ
1441 536 1623 587 Porson.]
1645 535 1842 576 τοῦ-τὸ.

269 594 371 633 ἔστιν
409 593 538 647 ἕτερόν
577 611 610 634 τι
648 602 718 635 τοῦ
758 598 790 635 λ.
828 595 869 635 τὸ
901 610 941 635 π.
974 597 1126 636 Nauck.
1159 598 1300 637 Philol.
1333 597 1390 636 VI
1424 599 1521 636 423.
1576 594 1842 647 πεπονθέναι]

269 653 526 706 πεποιηκέναι
557 656 675 695 Both.
726 669 886 695 versum
921 658 944 696 5
979 657 1192 707 proscribit
1223 657 1425 697 Herwerd.
1461 657 1575 696 Anal.
1608 657 1695 696 crib.
1725 658 1795 696 34.

846 784 1273 819 ΣΤΝΕΚΠΛΕΟΤΣΑῙ

389 859 454 899 Sic
499 860 696 899 Athenaei
739 859 1029 912 Συμπλεούσας
1074 862 1114 899 el.
1157 860 1334 900 Pollucis
1377 857 1710 900 Συνεκπλέουσαν
1753 873 1843 900 con-

268 920 400 971 iungit
431 921 600 959 Meinek.
631 921 651 958 Ι
684 922 782 959 474.

1029 1001 1082 1043 16

554 1083 577 1126 ὁ
610 1084 752 1140 φανὸς
784 1083 891 1140 ἡμῖν
923 1083 1006 1127 οὐκ
1039 1085 1222 1140 ἔφαινεν
1255 1082 1361 1127 οὐδὲ
1393 1083 1453 1127 ἕν.

553 1159 602 1198 Β.
647 1157 795 1199 ἔπειτα
827 1162 977 1212 φυσᾶν
1011 1157 1231 1212 δυστυχὴς
1264 1156 1345 1199 οὐκ
1376 1156 1550 1211 ἠδύνω;

387 1243 622 1282 Athenaeus
666 1245 732 1294 15,
768 1245 881 1283 7000
925 1241 1036 1283 ἄλλοι
1075 1239 1110 1282 δ’
1153 1242 1329 1294 ἔφασκον
1374 1241 1505 1294 φανὸν
1548 1240 1731 1296 λέγεσθαι
1772 1239 1845 1293 τὴν

269 1302 476 1354 λαμπάδα,
514 1302 556 1342 οἱ
592 1300 634 1342 δὲ
671 1301 743 1353 τὴν
775 1301 818 1341 ἔκ
854 1318 974 1342 τινων
1013 1303 1141 1351 ξύλων
1179 1301 1426 1355 τετμημένων
1464 1300 1661 1354 δέσμην.
1682 1303 1845 1341 Φ.ιλιπ-

268 1362 388 1413 πίδης
418 1362 725 1414 Συμπλεούσαις
756 1365 833 1402 κτλ.
895 1363 1134 1402 Eustathius
1169 1364 1382 1411 1571,13
1429 1361 1556 1413 φανὸς
1586 1359 1612 1413 ἡ
1644 1360 1686 1401 ἔκ
1718 1361 1846 1409 ξύλων

271 1420 520 1472 τετμημένων
559 1420 692 1473 δέσμη.
743 1421 809 1461 καὶ
847 1422 966 1473 δηλοῖ
997 1421 1091 1461 αὐτὸ
1128 1422 1368 1473 Φιλιππίδης
1409 1421 1451 1462 ἐν
1482 1424 1534 1478 τῷ
1567 1418 1603 1461 6
1636 1420 1764 1472 φανὸς
1792 1443 1842 1448 -

270 1478 414 1521 οὐδέν’
443 1477 550 1556 (sic)
599 1480 698 1555 πρὸς
723 1479 744 1521 ὃ
765 1480 864 1535 λέγει
894 1480 914 1521 6
940 1480 1115 1529 ἀκούσας
1147 1479 1294 1521 ἔπειτα
1322 1503 1372 1509 -
1401 1477 1570 1533 ηδύνω.
1609 1479 1676 1521 καὶ
1701 1480 1773 1532 ὅρα
1803 1479 1845 1519 τὸ

268 1539 288 1580 ὅ
322 1540 451 1592 φανὸς
484 1541 558 1581 οὐκ
595 1540 759 1592 ἔφαινεν
799 1541 1147 1594 ἐτυμολογικῶς
1185 1539 1347 1593 ῥηθέν.
1378 1563 1435 1568 —
1468 1542 1716 1580 alter-canan
1739 1541 1845 1579 inter

267 1614 308 1640 se
342 1603 499 1652 emptor
532 1604 572 1640 ct
603 1602 799 1642 venditoi.

1032 1694 1084 1736 17
1226 1753 1334 1796 ὅταν
1367 1752 1496 1809 ἐξίῃς,

551 1825 837 1881 παραγώγιον
870 1821 933 1867 ὧν
965 1823 1021 1867 ἂν
1053 1823 1216 1881 ἐκφέρῃ
1245 1820 1292 1866 σ’
1329 1824 1628 1880 εἰσπράξομαι.

386 1913 526 1964 Pollux
560 1914 596 1961 9,
632 1914 686 1952 30
730 1910 796 1951 καὶ
827 1910 1083 1964 παραγώγιον
1113 1909 1247 1958 τέλους
1279 1908 1427 1962 ὄνομα,
1459 1910 1495 1950 εἰ
1525 1911 1588 1949 δεῖ
1613 1908 1710 1962 πρὸς
1741 1908 1841 1950 ἀπο-

266 1972 401 2024 λογίαν
428 1986 501 2023 της
532 1977 670 2023 κοινῆς
702 1970 872 2023 χρήσεως
904 1968 1144 2024 παρέχεσθαι
1185 1969 1226 2010 τὸ
1259 1969 1301 2010 ἐν
1333 1976 1378 2025 τῇ
1415 1970 1657 2009 Φιλιππίδου
1687 1972 1841 2009 Συνεκ-

265 2031 437 2087 πλεούσῃ
464 2029 671 2084 εἰρημένον
697 2034 774 2070 κτλ.
840 2033 876 2070 1.
908 2029 1012 2086 ε’ξίῃς
1033 2030 1283 2071 Oobet.N.1.
1307 2029 1408 2080 125]
1441 2028 1542 2081 ἑξῆς.
1606 2032 1643 2068 2.
1675 2023 1731 2068 ὧν
1751 2030 1841 2069 add.

267 2089 582 2147 (301186ἐκφέρη
615 2087 651 2130 σ’
683 2089 836 2141 Cobet]
870 2088 1051 2144 ἐκφέρῃς-
1103 2091 1151 2129 de
1185 2090 1386 2129 sententia
1417 2091 1463 2130 cf.
1485 2090 1650 2140 Dionys.
1682 2102 1780 2128 com.
1802 2091 1840 2140 3,

270 2155 333 2190 16.
370 2154 436 2191 17.
487 2151 705 2201 paciscitur
745 2150 849 2190 enim
886 2150 1035 2190 ianitor
1068 2163 1158 2189 cum
1191 2163 1322 2201 servo,
1358 2152 1404 2187 uf,
1436 2149 1535 2188 fmti
1567 2150 1723 2199 partem
1754 2149 1839 2199 ipse

266 2212 445 2261 accipiat.

899 2300 1209 2334 ΦΙΛΑΔΕΛΦΟΙ

1028 2374 1080 2416 18

550 2457 655 2500 ὅταν
687 2456 864 2512 ἀτυχεῖν
898 2467 970 2498 σοι
1002 2454 1204 2511 συμπέσῃ
1236 2471 1292 2510 τι,
1326 2453 1530 2510 δέσποτα,

548 2529 799 2585 Εὐριπίδου
833 2529 1072 2584 μνήσθητι,
1104 2525 1178 2570 καὶ
1211 2525 1334 2584 ῥᾴων
1366 2516 1467 2569 ἔσει.

549 2600 648 2643 (οὐκ
680 2602 799 2643 ἔστιν
833 2600 952 2650 ὅστις
982 2596 1110 2641 πάντ’
1147 2598 1258 2654 ἀνὴρ
1292 2598 1576 2654 εὐδαιμονεῖ.’

549 2669 664 2715 εἶναι
696 2670 736 2714 δ’
773 2671 968 2726 ὑπόλαβε
1000 2669 1072 2713 καὶ
1105 2667 1154 2712 σὲ
1186 2677 1275 2713 τῶν
1306 2673 1485 2713 πολλῶν
1516 2669 1606 2713 ἕνα.

385 2760 581 2799 Stobaeus
606 2759 744 2798 Floril.
778 2760 874 2809 108,
909 2760 963 2798 10
999 2757 1240 2796 Φιλιππίδου
1277 2755 1539 2808 Φιλαδέλφων
1559 2758 1606 2796 Α.
1649 2769 1723 2807 pro
1754 2756 1837 2795 suis

265 2820 487 2859 venditavit
519 2819 689 2858 Michael
715 2818 975 2857 Hamartolus
1002 2817 1236 2856 Boissonad.
1256 2817 1404 2856 Anecd.
1425 2817 1509 2856 IIII
1529 2818 1628 2856 456.
1690 2818 1726 2854 2.
1759 2814 1836 2855 ἔσει

264 2878 400 2928 Mein]
423 2878 502 2934 ἔσῃ.
567 2881 604 2918 3.
625 2879 763 2928 Eurip.
778 2879 826 2916 fr.
843 2879 924 2917 662
946 2877 996 2917 Ν.
1058 2878 1096 2915 4.
1116 2875 1249 2927 νόμιζε
1268 2872 1304 2915 δ’
1330 2872 1430 2916 εἶναι
1451 2877 1568 2915 Mieh.
1588 2875 1769 2914 Hamart.
1782 2897 1831 2902 -

267 2942 302 2977 2.
336 2941 381 2977 cf.
417 2939 658 2988 Theopomp.
692 2950 789 2977 com.
824 2939 892 2988 62,
925 2938 949 2976 5
984 2938 1025 2975 et
1055 2936 1187 2986 adesp.
1221 2938 1319 2975 478.
