2014 3334
779 230 1002 264 ΑΔΕΑΦΟΙ
1028 250 1073 256 -
1099 230 1270 264 ΑΛΙΕΙΣ
1787 230 1811 270 ’1

224 342 270 385 ἐν
302 342 484 395 δώμασιν
510 342 666 397 βούλει,
699 341 866 395 Gregor.
898 341 1084 381 Nazianz.
1117 342 1247 393 Epist.
1276 343 1363 383 340
1392 342 1432 382 τί
1461 343 1526 382 δεῖ
1552 343 1813 395 θησαυρίζειν

225 406 385 461 λῃσταῖς
414 401 482 443 καὶ
513 400 694 451 κλέπταις
724 400 792 442 καὶ
822 406 972 455 καιρῶν
1004 402 1257 454 μεταβολαΐς;
1299 398 1503 443 ‘convenit
1539 403 1741 442 sententia
1772 404 1814 442 in

223 475 438 516 personam
470 462 616 515 Getae,
655 463 725 514 qui
758 464 802 514 3,
836 464 880 514 2,
913 463 968 502 52
1001 462 1134 502 vietus
1167 475 1259 502 erae
1298 464 1549 513 argumentis
1582 462 1680 502 dicit
1721 465 1814 512 quid

222 525 338 565 wtic?
393 526 434 563 et
472 524 621 574 optime
666 523 813 563 addere
855 522 993 573 potuit
1028 521 1068 561 τί
1102 520 1228 561 πολλὰ
1274 525 1352 562 κτλ.
1423 523 1560 562 omisit
1598 523 1811 562 Terentius

223 584 375 624 iterum
406 583 651 624 sententiam
682 577 941 635 generalem'.
1002 582 1103 621 Ihne
1134 596 1170 632 p.
1209 583 1276 622 30.

439 644 658 684 Praeterea
689 645 858 682 monost.
895 643 978 682 696

512 702 636 755 οἴμοι·
667 701 711 743 τὸ
741 701 816 756 γὰρ
848 699 967 753 ἄφνω
1001 702 1209 753 δυστυχεῖν
1241 701 1389 753 μανίαν
1419 705 1533 742 ποιεῖ

223 764 276 804 ad
294 762 491 814 Adelphos
521 764 683 805 videtur
713 763 917 815 pertinere
950 763 1051 802 conl.
1073 762 1233 801 Terent.
1256 764 1295 813 2,
1325 765 1364 814 1,
1397 764 1452 802 43
1486 764 1658 802 minume
1689 765 1812 803 miror

224 826 293 874 qwe:
321 826 500 864 tnscmire
530 825 725 873 oeei'piwnt
754 835 800 863 ex
830 823 993 862 iniu'ria.
1030 842 1080 849 ——-

342 884 528 924 Donatus
577 884 758 923 fabulam
799 882 1104 932 Menandream‚
1146 882 1272 921 nullis
1309 883 1450 921 tamen
1492 884 1635 933 poetae
1679 883 1813 922 verbis

226 944 405 994 adiectis,
438 943 771 984 commemoravit
805 946 841 994 1,
870 945 907 999 2,
938 946 958 982 1
993 944 1132 982 melius
1152 937 1407 996 (Terentius)
1439 955 1559 991 quam
1578 943 1812 988 Menander,

225 1016 312 1044 own
359 1005 421 1043 hie
464 1005 576 1043 illum
619 1005 672 1043 ad
719 1003 894 1053 iwiyium
935 1005 1218 1052 promptiorem
1264 1015 1383 1051 quam
1421 1003 1474 1042 ad
1516 1003 1814 1042 resalutandwm

223 1065 356 1114 faeiat.
390 1066 428 1115 2,
459 1065 500 1114 4,
536 1065 591 1104 10
616 1065 839 1103 Menander
869 1065 970 1103 mori
1003 1065 1112 1102 illum
1139 1057 1461 1117 (Ctesiphonem)
1493 1064 1659 1102 voluisse
1689 1064 1813 1112 sinyit,

226 1124 428 1164 Terentius
458 1126 602 1174 fuyere.
665 1124 716 1164 of.
737 1123 925 1163 Grauert.
958 1137 995 1174 p.
1020 1125 1116 1163 133.
1170 1125 1207 1174 3,
1242 1124 1280 1171 2,
1313 1123 1368 1162 53
1402 1124 1510 1172 apud
1542 1124 1813 1162 Menandrum

221 1184 422 1224 Sostratae
445 1186 573 1234 frater
607 1185 822 1229 inducitur,
860 1184 930 1234 qui
967 1183 1076 1235 apud
1115 1182 1346 1222 Terentium
1385 1186 1447 1222 est
1485 1183 1638 1222 amicus
1676 1183 1813 1222 mariti

223 1244 443 1284 Sostratae.
477 1245 517 1295 5,
550 1246 589 1295 8,
625 1246 678 1284 15
713 1245 821 1293 apud
852 1245 1121 1283 Menandrum
1152 1255 1267 1282 senez
1299 1244 1344 1282 de
1381 1245 1530 1292 nuptiis
1560 1255 1639 1282 non
1667 1256 1811 1292 grava-

223 1307 307 1344 tur:
339 1317 427 1354 erqo
457 1305 659 1344 Terentius
689 1302 923 1356 εὖρητικῶς,
954 1303 1026 1343 ubi
1056 1315 1136 1342 non
1161 1306 1358 1351 tantopere
1382 1303 1448 1343 vel
1483 1304 1560 1342 alio
1585 1304 1697 1342 modo
1720 1316 1812 1353 qra-

223 1367 342 1404 vatur
374 1364 632 1404 scribendum
664 1376 750 1413 esse
785 1364 1014 1415 suspicatur
1044 1363 1145 1402 Ihne
1177 1377 1214 1413 p.
1238 1364 1306 1402 31.

345 1425 393 1464 ef.
427 1424 550 1464 etiam
585 1425 683 1464 615.
719 1425 817 1464 663.
855 1425 949 1464 730.
985 1425 1083 1463 864.

929 1551 1114 1586 ΑΛΑΕΙΣ

342 1629 558 1669 Herodian.
585 1629 603 1667 I
636 1629 735 1679 540,
772 1629 824 1668 15
852 1623 988 1667 Lentz.
1023 1628 1160 1677 Steph.
1193 1627 1289 1678 Byz.
1314 1622 1428 1665 Ἀλαὶ
1454 1623 1781 1678 Ἀραφηνίδες..

224 1688 435 1728 δασύνεται
473 1686 515 1728 δὲ
555 1686 597 1728 τὸ
623 1685 754 1738 Ἀλαί,
787 1685 840 1735 ὡς
866 1703 932 1727 και
958 1686 1000 1727 ἐν
1025 1690 1079 1743 τῷ
1109 1686 1277 1738 δράματι
1303 1685 1553 1738 Μενάνδρου
1587 1683 1659 1742 (τῷ
1686 1685 1812 1733 οὕτως

223 1746 542 1805 ἐπιγεγραμμένῳ
575 1749 665 1789 add.
688 1749 807 1788 Mein.
839 1749 882 1787 in
908 1749 968 1787 ed.
996 1729 1155 1801 steph.)
1189 1745 1268 1786 ἀπὸ
1299 1751 1370 1786 τοῦ
1398 1742 1660 1798 Ἀραφηνίσιν
1679 1742 1812 1793 Ἀλαῐς

225 1809 452 1849 διακεῖσθαι
482 1807 529 1848 τὰ
560 1809 790 1862 πράγματα,
830 1807 873 1856 ός
905 1806 983 1847 ἔστι
1020 1806 1139 1855 τόπος
1176 1812 1245 1859 τῆς
1272 1802 1458 1858 Ἀττικῆς.
1519 1807 1695 1845 Manuel.
1726 1807 1811 1846 Mo-

224 1870 359 1920 schop.
391 1884 428 1920 p.
457 1871 511 1910 33
546 1869 646 1909 Titz.
711 1866 946 1921 ἆλεσούριον
979 1865 1021 1907 δὲ
1054 1867 1266 1907 δασύνεται
1299 1897 1307 1905 .
1328 1897 1336 1905 .
1369 1865 1436 1905 καὶ
1460 1863 1609 1914 Αλκεῖς
1641 1861 1811 1920 (Ἁλαεῖς

222 1924 362 1982 Mein.)
395 1930 526 1981 δρᾶμα
557 1929 819 1981 Μενάνδρου.
871 1929 919 1968 of.
947 1929 1043 1967 Eur.
1066 1928 1154 1979 Iph.
1188 1928 1232 1966 T.
1268 1929 1380 1967 1452
1399 1940 1454 1978 sq.
1508 1927 1638 1966 Cram.
1660 1927 1809 1966 Anecd.

224 1990 315 2030 Par.
334 1990 355 2028 Ι
388 1991 484 2037 397,
519 1990 573 2029 25
591 2002 647 2041 sq.
698 1990 871 2028 Boeokh.
895 1988 985 2028 Oee.
1007 1988 1094 2027 Att.
1114 1988 1156 2026 ΙΙ
1178 1989 1275 2027 276.
1307 1987 1493 2026 Bursian.
1527 1986 1672 2036 Geogr.
1706 2000 1767 2037 gr.
1790 1986 1810 2025 Ι

225 2052 322 2090 348.
359 2052 395 2090 9.
439 2048 586 2089 Κόνων
610 2045 791 2096 Ἁλαιεύς
823 2051 885 2088 est
910 2048 1118 2088 Demosth.
1146 2049 1215 2098 48,
1243 2050 1282 2099 5,
1315 2046 1476 2093 Δεινίας
1500 2043 1681 2094 Ἁλαιεύς
1714 2045 1754 2086 C.
1779 2047 1809 2085 Ι.

222 2110 242 2148 Ι
270 2111 368 2150 341.
432 2105 656 2160 ‘probabile
689 2112 751 2149 est
789 2122 915 2148 unum
947 2109 1201 2159 alterumque
1235 2120 1374 2147 eorum
1412 2120 1515 2157 quae
1548 2120 1595 2145 ex
1628 2107 1812 2156 sequenti

222 2171 361 2209 fabula
393 2171 630 2209 adferuntur
661 2182 709 2209 ex
729 2169 1000 2209 Halaensibus
1019 2169 1262 2225 'derivatum
1295 2163 1410 2206 esse'.
1432 2167 1551 2206 Mein.
1603 2167 1652 2206 cf.
1672 2167 1720 2205 fr.
1743 2168 1810 2206 26.

931 2296 1101 2330 ΑΑῙΕΙΣ

340 2373 419 2413 Vel
448 2376 496 2413 ut
527 2373 599 2412 alii
622 2369 787 2420 (Αλιεύς.
848 2373 1067 2412 Piscatores
1103 2372 1271 2411 fuerunt
1310 2371 1354 2411 L.
1389 2370 1601 2420 Pomponii
1633 2370 1808 2410 Bononi-

223 2434 341 2473 ensis.
374 2433 419 2474 Ο.
451 2434 645 2474 Ribbeck.
677 2432 787 2472 Com.
820 2433 865 2472 R.
898 2428 965 2471 fr.2
1000 2434 1098 2472 243.
1132 2433 1181 2471 de
1214 2433 1455 2483 argumento
1488 2443 1590 2481 quae
1623 2430 1810 2481 exposuit

223 2494 377 2533 Bittius
410 2494 542 2545 Elpid.
576 2495 630 2533 69
648 2506 703 2545 sq.
736 2506 784 2532 ea
819 2506 917 2533 vera
955 2505 1040 2532 esse
1080 2505 1210 2543 neque
1245 2491 1457 2530 adfirmare
1494 2503 1625 2542 neque
1661 2503 1809 2542 negare

223 2553 266 2592 in
298 2555 429 2594 animo
463 2556 536 2594 est.

991 2633 1044 2675 13

440 2716 568 2774 χαῖρ’,
599 2715 633 2761 ὦ
666 2720 774 2774 φίλη
807 2723 884 2773 γῆ,
918 2717 993 2760 διὰ
1024 2718 1192 2773 χρόνου
1223 2718 1394 2758 πολλοῦ
1426 2710 1467 2757 σ’
1505 2715 1618 2757 ἰδὼν

440 2788 703 2846 ἀσπάζομαι·
735 2788 861 2832 τουτὶ
893 2790 977 2845 γὰρ
1005 2788 1060 2831 οὐ
1092 2794 1239 2831 πᾶσαν
1271 2794 1384 2830 ποιῶ

439 2861 522 2917 τὴν
551 2867 652 2917 γῆν,
686 2862 793 2905 ὅταν
826 2859 874 2904 δὲ
905 2860 1074 2916 τούμὸν
1106 2859 1240 2903 ἐσίδω
1272 2860 1454 2915 χωρίον·

441 2934 489 2976 τὸ
522 2933 608 2991 γὰρ
639 2932 808 2991 τρέφον
839 2949 892 2989 με
924 2929 1042 2975 τοῦτ’
1080 2930 1164 2987 ἐγὼ
1197 2933 1334 2988 κρίνω
1366 2931 1491 2974 θεόν.
