2014 3334
544 198 1063 252 Amomssn'rnmm‘m
1088 218 1417 253 nApnrrpAoA
1609 262 1622 271 ,
1693 217 1776 261 631

935 326 1049 371 1328

1393 314 1426 330 Δ

321 413 520 454 Zenobiae
542 415 580 464 2,
601 415 655 454 99
688 416 896 467 γλῶσσα,
926 415 1016 453 ποῖ
1038 412 1240 470 πορεύῃς
1277 412 1419 454 πόλιν
1456 412 1782 467 ἀνορθώσασα

199 471 279 515 καὶ
309 471 450 514 πόλιν
479 471 895 526 καταστρέψουσα’
933 471 997 513 ἐπὶ
1026 478 1106 513 τῶν
1138 471 1204 513 διὰ
1241 472 1371 527 λόγων
1401 470 1429 526 ἢ
1460 471 1724 525 ὠφελούντων
1755 471 1782 527 ἣ

200 531 466 587 βλαπτόντων.
521 534 711 573 videntur
742 535 1071 573 tetrametrorum
1102 533 1230 572 trech.
1256 533 1451 585 reliquiae
1483 546 1588 574 esse:
1619 536 1782 587 γλῶττα,

201 588 374 648 (λέξον),
403 595 480 633 ποῖ
503 592 682 645 πορεύει;
728 594 771 632 Β.
803 591 918 633 πόλιν
949 588 1239 644 ἀνορθώσουσ’
1271 590 1346 646 ἐγὼ
1373 591 1380 643 Ι
1407 590 1474 633 καὶ
1510 592 1626 633 πόλιν
1659 593 1781 634 πάλιν

200 650 534 705 καταστρέφουσα.
580 653 648 692 sed
682 654 779 692 haec
811 665 858 692 ex
891 652 1095 693 comoedia
1126 654 1316 703 excerpta
1348 664 1434 693 esse
1465 653 1532 693 vix
1562 656 1744 704 possunt.

934 768 1049 812 1329

485 840 618 892 ἵππος
649 856 701 896 με
733 839 875 897 φέρει,
906 840 1115 896 βασιλεύς
1144 854 1197 895 με
1228 838 1391 895 τρέφει.

319 927 591 980 Diogenianus
613 929 652 978 5,
674 929 725 967 31
762 925 964 979 Κορραῖόν
989 936 1114 976 φασιν
1139 924 1218 966 ὑπὸ
1242 926 1443 967 Φιλίππου
1471 926 1780 980 στρατευόμενον

200 986 335 1039 ἱππέα,
366 992 436 1040 τῆς
467 985 611 1039 μητρὸς
637 984 827 1038 δεομένης
858 985 1099 1038 αἰτήσασθαι
1131 983 1276 1037 ἄφεσιν
1307 991 1376 1038 τῆς
1408 987 1621 1039 στρατείας,
1653 986 1779 1028 εἰπεῖν

198 1052 326 1088 τοῦτο.
387 1045 451 1087 ἐπὶ
494 1053 573 1086 τῶν
606 1044 644 1095 ἐξ
682 1044 896 1098 ἀλλοτρίων
933 1044 1177 1098 τρυφώντων
1215 1045 1305 1085 add.
1337 1045 1379 1086 C.
1436 1047 1554 1086 scrib.
1592 1049 1664 1086 aut
1699 1045 1780 1087 ὑπὸ

203 1107 388 1164 Φιλίππῳ
420 1109 492 1147 aut
522 1105 618 1159 μετὰ
652 1106 867 1146 Φιλίππου.
925 1107 974 1146 cf.
1008 1106 1190 1157 Apostol.
1223 1107 1261 1156 9,
1297 1108 1361 1145 12.
1412 1106 1554 1146 Horat.
1586 1107 1713 1157 Epist.
1744 1111 1778 1155 1,

202 1170 269 1216 17,
302 1169 359 1207 20
397 1179 516 1216 equus
545 1170 589 1206 ut
617 1178 678 1205 me
700 1170 840 1216 portet,
872 1167 955 1205 alat
983 1178 1063 1206 rex.
1121 1165 1170 1204 de
1207 1165 1358 1205 comica.
1395 1165 1551 1217 origine
1589 1166 1780 1207 dubitant

198 1229 239 1268 et
270 1227 494 1267 Meinekius
525 1229 566 1265 et
595 1226 837 1278 Leussschius
868 1220 1032 1280 (Apost.
1065 1227 1104 1274 9,
1138 1218 1227 1279 12).

933 1341 1047 1384 1330

375 1413 470 1458 ἀλλ’
508 1414 656 1469 ὥσπερ
689 1414 876 1456 δείπνου
905 1415 1144 1468 γλαφυροῦ
1174 1404 1393 1468 ποικίλην
1414 1412 1605 1467 εὐωχίαν

347 1487 455 1534 ἃτὸν
485 1485 675 1542 ποιητὴν
706 1485 778 1527 δεῖ
804 1482 1012 1540 παρέχειν
1043 1491 1137 1534 τοῖς
1166 1487 1349 1534 θεαταῖς
1378 1483 1458 1526 τὸν
1490 1486 1649 1540 σοφόν,

377 1553 438 1601 ἵν’
473 1557 580 1614 ἀπίῃ
610 1572 677 1607 τις
707 1561 840 1600 τοῦτο
873 1555 1032 1611 φαγὼν
1063 1553 1136 1598 καὶ
1167 1555 1296 1609 πιών,
1331 1549 1451 1613 ᾧπερ
1483 1555 1634 1611 λαβὼν

376 1631 519 1686 χαίρει
549 1645 630 1683 τις,
662 1626 734 1671 καὶ
767 1629 979 1671 σκευασία
1011 1627 1070 1683 μὴ
1102 1624 1167 1683 μί’
1203 1620 1232 1683 ᾖ
1262 1632 1340 1682 τῆς
1370 1633 1595 1683 μουσικῆς.

310 1714 557 1768 Ἀστυδάμας
582 1713 604 1755 ὁ
628 1713 808 1768 τραγικὸς
834 1712 878 1754 ἐν
893 1710 1082 1766 εΗρακλεεῖ
1104 1715 1313 1769 σατυρικῷ.
1352 1714 1585 1753 Athenaeus
1610 1715 1663 1754 10
1689 1714 1777 1754 init.

199 1780 236 1819 3.
269 1778 327 1817 sio
357 1777 519 1816 Person.
552 1770 641 1830 (sed
673 1771 787 1828 ὅπερ)
819 1787 893 1845 ap.
906 1773 1030 1813 Gaisf.
1050 1773 1269 1823 Hephaest.
1295 1787 1332 1824 p.
1353 1772 1458 1823 358]
1491 1778 1605 1813 τοῦτο
1640 1771 1776 1826 λαβὼν

196 1836 263 1879 καὶ
293 1833 435 1890 φαγὼν
475 1834 605 1887 ὥσπερ
636 1832 740 1874 πιὼν
767 1835 812 1873 A.
864 1825 990 1890 ᾧπερ,
1027 1833 1146 1872 aliter
1183 1835 1320 1871 tamen
1339 1846 1512 1872 .versum
1547 1834 1774 1885 emendans,

197 1897 347 1948 Reisig.
379 1895 555 1936 Conieet.
589 1895 686 1934 234.
768 1895 806 1933 4.
837 1908 895 1941 τις
924 1892 1013 1932 add.
1046 1893 1210 1932 Person.
1266 1891 1390 1944 χαίρει
1427 1890 1494 1932 καὶ
1535 1893 1774 1933 συσκευασία

196 1956 390 1998 Fritzsch.
421 1955 566 2005 Eupol.
598 1968 635 1994 v.
667 1954 715 1993 fr.
746 1967 787 2004 p.
824 1956 889 1993 17.

315 2014 514 2068 permirus
545 2016 609 2054 est.
640 2026 829 2054 versuum
860 2011 1175 2063 Eupolideomm
1215 2010 1258 2050 in
1288 2011 1428 2051 fabula
1458 2011 1636 2064 satyrica
1665 2024 1775 2063 usus,

197 2090 286 2117 cum
327 2073 564 2127 praesertim
603 2075 645 2112 et
687 2072 889 2112 sententia
931 2074 973 2111 et
1016 2070 1173 2110 dicendi
1215 2083 1343 2122 genus
1386 2071 1614 2111 comoediae
1658 2071 1774 2111 unice

196 2135 406 2177 convenire
431 2134 629 2173 videatur.
685 2133 820 2184 itaque
852 2132 1019 2171 turbata
1043 2143 1130 2170 esse
1150 2130 1273 2171 veiha.
1292 2130 1490 2170 Athenaei
1515 2133 1556 2170 et
1575 2131 1623 2170 de
1643 2131 1772 2171 edaci-
1784 2156 1791 2163 ·

196 2199 282 2236 tate
313 2195 446 2246 potius
472 2192 659 2232 Herculis
678 2191 985 2243 Astydamantis
1015 2190 1292 2230 testimonium
1324 2189 1504 2229 adlatum
1537 2190 1672 2241 fuisse,
1704 2191 1772 2230 sed

197 2255 363 2307 periisse
395 2255 531 2293 censet
561 2252 768 2292 Nauckius
799 2252 864 2291 Tr.
884 2264 943 2303 gr.
963 2251 1012 2290 fr.
1043 2263 1080 2301 p.
1103 2251 1188 2289 604
1220 2245 1451 2301 (Astydam.
1472 2250 1520 2289 fr.
1541 2244 1599 2302 4),
1630 2262 1772 2290 versus

197 2314 441 2367 Eupolideos
481 2314 617 2351 autem
657 2311 808 2351 comico
845 2311 984 2362 ignoto
1015 2310 1094 2349 iam
1132 2309 1277 2348 tribuit
1307 2308 1576 2348 Casaubonus.
1609 2309 1772 2349 difficile

198 2378 261 2415 est
290 2372 482 2414 iudicium
515 2374 680 2424 propter
709 2371 876 2410 Arist-id.
909 2370 949 2409 11
983 2371 1067 2409 523
1101 2368 1219 2408 Dind.
1250 2368 1458 2423 κωμῳδοῖς
1489 2366 1555 2408 καὶ
1592 2382 1770 2425 τραγω-

199 2435 343 2482 δοῖς.
377 2464 384 2471 .
419 2463 427 2471 .
460 2431 539 2471 ἴδοι
568 2446 625 2479 τις
645 2438 707 2470 αν
737 2428 804 2469 καὶ
834 2428 927 2477 τοὺς
957 2425 1212 2482 ἀγωνοθέτας
1242 2426 1309 2468 καὶ
1338 2426 1431 2476 τοὺς
1455 2426 1602 2475 θεατὰς
1632 2426 1767 2480 ἐπιχω-

199 2498 368 2546 ροῦντας
399 2490 539 2543 μικρόν
569 2506 605 2531 τι
635 2488 724 2542 περὶ
755 2488 886 2529 αὑτῶν
916 2488 1214 2541 παραβῆναι,
1243 2485 1311 2527 καὶ
1339 2487 1528 2535 πολλάκις
1558 2485 1772 2538 ἀφελόντες

198 2552 240 2593 τὸ
283 2554 535 2604 προσωπεῖον
583 2549 726 2602 μεταξὺ
775 2554 844 2601 τῆς
887 2547 1039 2600 μούσης
1080 2545 1134 2599 ἣν
1176 2545 1458 2599 ὑποκρίνονται
1502 2547 1772 2599 δημηγοροῦσι

198 2617 369 2664 σεμνῶς,
401 2614 442 2650 et
473 2610 638 2661 P011.4‚
667 2612 772 2652 111
782 2608 1035 2681 παράβασις.
1087 2605 1303 2660 ,τραγικὸν
1340 2604 1383 2646 δὲ
1420 2604 1495 2646 οὐκ
1525 2605 1643 2646 ἔστιν·
1682 2602 1767 2646 ἀλλ’

199 2670 424 2723 Εὐριπίδης
454 2667 550 2709 αυτὸ
585 2668 801 2721 πεποίηκεν
838 2667 880 2708 ἐν
911 2669 1071 2714 πολλοῖς
1108 2666 1304 2718 δράμασιν
1335 2695 1345 2705 .
1378 2697 1385 2705 .
1418 2695 1428 2705 .
1459 2664 1525 2705 καὶ
1554 2667 1771 2718 Σοφοκλῆς

199 2729 243 2772 δὲ
280 2728 376 2770 αὐτὸ
414 2727 456 2768 ἐκ
491 2733 562 2781 τῆς
597 2727 696 2781 πρὸς
733 2727 886 2768 ἐκεῖνον
924 2725 1087 2778 ἁμίλλης
1122 2727 1231 2766 ποιεῖ
1265 2724 1486 2773 σπανιάκις.
1544 2725 1593 2764 de
1624 2725 1771 2776 quibus

198 2788 440 2831 testimoniis
465 2788 516 2829 ef.
535 2801 637 2841 quae
657 2788 968 2839 disput-averunt
981 2786 1227 2826 Fritzschius
1242 2785 1366 2825 Arist.
1381 2785 1539 2825 Thesm.
1558 2798 1597 2835 p.
1617 2786 1716 2824 443.
1731 2787 1771 2824 4.

199 2850 343 2901 Eupol.
385 2861 423 2888 v.
460 2849 507 2888 fr.
550 2862 588 2899 p.
630 2849 697 2887 16.
739 2850 812 2899 17,
854 2846 1075 2886 Meinekius
1121 2845 1259 2885 Exere.
1295 2845 1393 2896 phil.
1431 2844 1471 2883 II
1514 2845 1578 2884 18.
1652 2844 1770 2884 Anal.

199 2910 346 2951 Athen.
379 2910 399 2947 1
409 2909 475 2948 79.
