2014 3334
890 244 989 278 ΤΗΣ
1014 244 1144 279 ΝΕΑΣ
1722 241 1809 284 437

985 364 1069 408 144

514 451 577 501 εἰς
607 445 661 501 ὗς
691 448 901 506 μετέβαλε
933 449 1150 492 ποικίλων
1180 464 1227 492 τε
1258 450 1438 506 θηρίων

515 523 639 574 ὄψεις
700 555 710 564 .
774 555 783 564 .
850 556 858 565 .

513 595 687 651 τροφήν
718 589 756 636 τ’
793 593 996 651 ἐχορήγει
1026 594 1109 649 τὴν
1141 591 1309 651 ἑκάστῳ
1341 595 1617 650 πρόσφορον.

346 681 539 721 Libanius
565 681 649 720 IIII
679 683 777 732 155,
805 684 828 722 7
863 681 900 722 εἰ
928 679 996 720 καὶ
1025 678 1235 733 μετέβαλεν
1268 675 1314 734 (ἡ
1346 675 1495 735 Κίρκη)
1528 680 1585 729 εἰς
1618 680 1716 729 σύας
1747 679 1814 721 καὶ

225 755 265 783 π.
285 744 328 782 θ.
361 738 444 794 ὄψ.,
475 738 555 793 ἤδη
587 739 654 781 καὶ
684 738 840 795 τροφὴν
872 739 924 794 ἐχ.
950 743 1029 781 κτλ.
1081 740 1192 781 Circe
1223 741 1302 780 fuit
1325 741 1505 792 Ephippi
1536 744 1577 781 et
1605 741 1813 782 Anaxilae.

981 881 1067 925 145

511 967 589 1018 τὰς
621 967 701 1018 σὰς
730 966 968 1022 θεραπεύω
1002 969 1173 1022 μᾶλλον
1205 965 1398 1021 ἀγκάλας
1430 965 1515 1021 ἐγὼ

511 1038 539 1095 ἢ
570 1039 648 1091 τὰς
679 1038 888 1082 ἁπάντων
919 1045 1010 1082 τῶν
1036 1046 1274 1096 σατραπῶν
1305 1037 1379 1082 καὶ
1410 1036 1631 1094 βασιλέων

510 1110 659 1162 αὐλάς.

342 1198 565 1248 Alciphron
585 1176 641 1249 ⁸2,
675 1200 725 1247 3,,
754 1201 792 1239 9.
875 1200 910 1237 1.
944 1195 1019 1251 ἐγὼ
1058 1197 1147 1238 add.
1238 1200 1276 1237 2.
1308 1194 1336 1249 ἢ
1366 1195 1435 1246 τὰς
1466 1196 1591 1246 αὐλὰς
1629 1196 1696 1238 ἀπ.
1728 1202 1808 1238 κτλ.

224 1258 395 1298 fortasse
427 1257 638 1297 Menandri
669 1260 778 1313 sunt:
824 1260 886 1298 est
917 1258 1026 1298 enim
1056 1258 1233 1309 epistula
1258 1258 1470 1298 Menandri
1501 1259 1552 1298 ad
1585 1258 1809 1310 Glyceram.

224 1318 274 1357 cf.
306 1318 490 1358 Menand.
524 1319 622 1359 897.

980 1410 1062 1453 146

1303 1464 1371 1522 οἷς

508 1544 562 1587 τὰ
592 1542 852 1601 περιδέραια
872 1531 1022 1586 ’ταῦτα
1052 1541 1127 1586 καὶ
1157 1542 1362 1599 θεάματα

458 1609 470 1613 ’
508 1615 563 1658 τὰ
593 1615 848 1673 κορασιώδη
880 1616 1157 1672 παραβαλεῖν
1190 1614 1273 1658 οὐκ
1303 1614 1440 1668 ἄξιον.

341 1702 584 1743 Plutarchus
614 1702 715 1743 Mor.
747 1704 867 1742 528a
900 1701 1151 1754 μαθημάτων
1188 1701 1331 1750 κάλλος
1354 1734 1362 1742 .
1391 1734 1400 1743 .
1428 1734 1436 1742 .
1460 1696 1518 1742 ὧν
1550 1702 1627 1743 τίνι
1658 1702 1705 1743 τὰ
1736 1708 1807 1744 τοῦ

222 1761 396 1803 πλούτου
429 1761 590 1816 φάλαρα
619 1767 741 1803 ταῦτα
771 1761 839 1803 καὶ
869 1776 908 1803 π.
941 1760 1008 1803 καὶ
1038 1766 1082 1803 θ.
1112 1773 1247 1816 κορασ.
1278 1776 1319 1802 π.
1352 1760 1487 1812 &geom

980 1904 1062 1947 147

508 1987 662 2044 γνώμη
695 1988 781 2045 γὰρ
813 1986 950 2031 οὐδέν
982 1986 1119 2043 ἐστιν,
1149 1987 1178 2043 ἡ
1209 1988 1320 2044 τύχη
1354 1984 1403 2030 δὲ
1433 1993 1538 2043 πᾶν,

508 2054 561 2115 ἧς
591 2058 702 2115 ἡδὺς
733 2058 757 2102 ὁ
789 2059 936 2116 τυχὼν
968 2060 1060 2103 ἔστι
1092 2058 1166 2103 καὶ
1196 2061 1430 2116 νομίζεται.

342 2146 564 2198 Aleiphron
596 2149 635 2197 3,
667 2148 723 2187 44
762 2149 862 2187 extr.
900 2144 1021 2187 οὐδὲν
1056 2145 1132 2201 γὰρ
1171 2145 1214 2187 ἐν
1245 2145 1364 2200 ἀνθρ.
1402 2146 1564 2201 γνώμη,
1599 2147 1730 2188 πάντα
1762 2146 1806 2189 δὲ

221 2203 248 2258 ἡ
280 2219 324 2259 τ.,
355 2204 423 2247 καὶ
452 2205 596 2259 ταύτης
627 2204 649 2247 ὁ
680 2219 711 2248 τ.
742 2203 805 2259 ἠδ.
837 2209 916 2248 κτλ.
948 2230 1006 2235 -
1038 2208 1088 2248 cf.
1119 2208 1305 2248 Menand.
1337 2209 1435 2258 482,
1470 2211 1507 2248 2.

968 2350 1053 2393 148

509 2429 645 2475 οὐδὲν
675 2432 886 2477 καλύπτει
916 2432 998 2486 νὺξ
1029 2440 1174 2485 κακῶς
1204 2431 1517 2491 εἰργασμένον·

510 2504 534 2547 ὅ
564 2519 607 2547 τι
639 2502 680 2547 δ’
717 2503 774 2548 ἂν
805 2510 949 2562 ποιῇς,
982 2503 1050 2548 ἀεὶ
1082 2502 1223 2562 νόμιζ’
1261 2505 1373 2563 ὁρᾶν
1403 2521 1516 2549 τινα.

343 2590 540 2631 Stobaeus
559 2592 642 2631 Eel.
668 2594 704 2644 1,
726 2587 842 2647 3(4),
875 2595 929 2634 29
963 2589 1122 2633 ‘ineerbi
1147 2588 1316 2633 comici’.
1360 2592 1563 2633 Wachsm.
1596 2593 1804 2634 Menandri

223 2663 310 2691 esse
335 2652 523 2691 censebat
536 2651 582 2692 G.
596 2652 745 2703 Herm„
765 2653 844 2692 duo
865 2653 1105 2706 fragmenta,
1123 2667 1251 2692 unum
1270 2654 1429 2705 tragici,
1455 2654 1629 2693 alterum
1650 2654 1803 2705 comici,

222 2711 340 2751 Mein.
373 2733 431 2738 —
465 2713 502 2751 1.
535 2707 622 2751 οὐδ’
652 2711 702 2752 ἓν
720 2707 783 2752 P2.
815 2709 903 2752 οὐδ’
939 2709 1023 2766 (vel
1049 2710 1143 2768 οὐκ)
1171 2712 1248 2766 ἕγκ.
1293 2713 1503 2765 Theophil.
1524 2713 1714 2764 Aut01.2,
1735 2716 1803 2755 17.

222 2769 296 2819 νὺξ
317 2769 514 2822 Theoph.]
537 2777 615 2811 τῶν
635 2771 713 2811 FP.
757 2771 1014 2826 εἰργασμένον
1033 2772 1230 2824 Theoph.]
1253 2771 1520 2826 εἰργασμένων
1539 2774 1616 2813 FP.
1649 2769 1799 2828 χρόνοςΙ

223 2827 343 2870 οὐδὲν
374 2845 408 2870 κ.
441 2836 519 2870 τῶν
550 2833 627 2870 κτλ.
660 2832 777 2872 Mein.
826 2830 947 2873 οὐδὲν
978 2832 1178 2873 καλυπτὸν
1209 2838 1288 2872 τῶν
1314 2833 1360 2873 Ο.
1384 2833 1506 2873 Heus.
1582 2836 1620 2874 2.
1652 2829 1688 2873 δ’
1724 2846 1802 2874 om.

224 2890 400 2941 Theoph.
433 2893 558 2938 ποιεῖς
577 2891 620 2931 P.
653 2888 714 2930 ἀεὶ
731 2890 814 2943 FP]
837 2891 970 2933 δεινὸν
990 2894 1168 2944 Theoph.
1200 2908 1288 2933 τινα
1307 2892 1504 2944 Theoph.]
1526 2908 1636 2942 τινας
1654 2893 1797 2934 FP.—

223 2951 271 2990 cf.
305 2950 426 2991 Diels.
457 2950 559 2990 Mus.
590 2951 716 2991 Rhen.
747 2952 858 2992 XXX
891 2955 987 2994 176.
1022 2955 1058 2993 8.
1094 2955 1131 2993 9.
